2214 3350
396 101 503 165 Doctrina
515 100 615 164 lausenii
885 128 888 131 ‘
909 122 938 159 tr

84 236 192 285 luntas,
205 237 274 278 antea
286 235 360 279 active
372 237 522 286 indifferens
536 247 601 277 nunc
614 233 721 275 subiacet
732 234 786 284 legi,
799 233 827 274 ut
838 232 936 273 interna

84 298 221 340 necessitate
239 311 332 350 semper
349 313 363 340 a
379 301 470 340 maiore
488 300 642 340 delectatione
661 296 770 337 trahatur
787 296 817 336 ad
835 305 935 336 consen-

84 374 146 410 sum,
160 373 217 402 nam
232 380 241 399 ι(
249 364 313 413 qaod
326 363 429 414 amplias
442 375 486 403 rios
499 362 606 409 delectat,
620 360 756 409 secandam
767 360 793 399 id
806 370 936 410 operemur·

83 435 177 465 necesse
189 431 223 465 est
231 443 239 461 >1
256 426 419 477 (Aapastirras,
432 427 518 476 Erepos.
532 437 569 476 cp.
583 424 613 464 ad
625 423 677 464 Gal.
691 435 715 463 n.
728 425 756 463 te
768 423 823 481 [ML
833 424 868 469 35,
883 424 935 469 1353*

75 482 103 529 'R
119 488 202 546 medi).
219 489 403 530 Delectationem
419 488 493 529 Baius
508 487 626 538 intellegit
641 492 736 526 aratam
752 486 850 525 citatem.
866 485 931 524 iade-

83 550 219 591 liberatam.
234 552 363 593 Accedente
378 550 661 592 deliberationerationis
675 548 786 589 voluntas
799 547 935 588 necessario

83 614 106 655 et
119 613 280 654 infallibiliter
292 613 314 654 ei
327 614 418 655 abiecto
433 614 556 662 consentit,
571 613 636 664 quod
650 612 705 653 actu
721 612 802 652 causat
815 611 931 652 maiorem

83 676 270 717 delectationem.
285 677 410 718 Ultimus
423 677 495 718 finis
507 677 612 717 hominis
626 675 688 726 lapsi
702 673 784 715 manet
795 676 859 715 Deae
873 674 932 713 cari-

83 745 130 779 tate
150 738 292 796 dilipeadac,
314 740 394 791 estque
412 740 484 780 hema
497 740 548 780 >sub
567 738 635 790 gravi
654 737 782 789 obligatus,
802 738 829 778 ut
848 747 935 777 ornnes

83 813 138 842 suas
155 802 259 843 actiones
277 802 302 842 in
320 804 384 843 hunc
403 802 478 842 tinem
496 802 590 843 referat.
611 801 658 842 Sed
677 800 728 842 sine
748 800 823 851 gratia
842 798 929 840 Christ'

83 876 131 905 non
146 864 223 915 potest
236 865 323 906 habere
338 865 469 906 caritatem.
486 865 548 916 Ergo
560 877 591 905 ex
606 875 631 905 se
645 864 759 904 amathas
774 864 822 903 sais
838 863 933 904 actibus

82 927 187 978 praviter
200 933 288 978 peccat.
305 928 407 968 Possunt
420 926 519 978 quidem
533 938 584 969 esse
600 927 718 978 ‹tostician
735 926 860 974 virtutum,
878 926 893 967 i.
909 937 929 966 e.

82 990 193 1039 actiones,
211 1002 270 1041 quae
285 1001 350 1031 mere
365 1002 413 1042 qua
428 990 488 1030 tales
503 989 618 1039 spectatae
635 990 692 1030 sunt
706 988 813 1038 virtutes,
830 989 872 1030 sed
888 988 934 1029 uhi

83 1053 190 1104 primum
206 1053 370 1094 consideratur
384 1053 450 1103 sinit,
467 1053 586 1103 atquem
603 1052 673 1101 fiunt,
691 1053 741 1093 iam
757 1052 859 1093 dicenda
876 1052 930 1092 sunt

15 1160 16 1167 ,
82 1115 184 1166 peccata.
206 1116 282 1156 Homo
303 1115 384 1166 lapsus
405 1115 482 1165 potest
502 1115 633 1156 castitatem
654 1115 804 1165 coniugalem
827 1125 929 1162 serrare,

82 1179 124 1233 sed
141 1179 224 1229 nequit
239 1180 283 1218 hoc
300 1178 378 1219 facere
393 1190 422 1218 er
440 1189 521 1219 amore
536 1179 587 1226 Dei,
604 1189 661 1228 ergo
678 1178 727 1232 sive
745 1178 863 1219 adulterat
881 1178 933 1218 sive

82 1241 161 1282 castus
187 1241 228 1289 est,
256 1241 282 1280 in
308 1242 374 1281 omni
402 1252 459 1280 casu
486 1241 573 1291 peccat.
601 1239 750 1290 Scholastica,
780 1241 930 1292 neglegentes

83 1305 106 1345 S.
122 1305 270 1355 Scripturarn
285 1304 309 1344 et
322 1303 475 1344 traditionem
489 1304 588 1344 Patrem
602 1303 723 1355 nimisque
738 1303 840 1345 fidentes
854 1303 934 1354 phile·

83 1367 171 1418 sophis,
191 1367 251 1407 falso
269 1365 403 1407 statuerunt
420 1366 526 1417 aliquem
545 1377 667 1407 amorem
687 1367 737 1407 Dei
756 1366 928 1413 naturalem,

82 1430 150 1471 etsie
163 1441 218 1470 curn
231 1429 346 1470 Iuliano
358 1429 487 1480 Pelagiano
499 1428 661 1470 distinxerunt
672 1441 746 1481 opera
759 1429 894 1470 salutariter
907 1430 933 1469 et·

82 1492 193 1532 steriliter
214 1493 281 1533 tona.
302 1493 348 1533 Sed
368 1493 500 1533 secundum
524 1504 606 1534 reram
631 1492 765 1534 doctrinam
792 1494 815 1533 S.
836 1494 934 1543 Augu--

82 1555 152 1595 stini
168 1554 286 1606 quidquid
303 1566 350 1595 non
366 1555 401 1595 est
416 1555 522 1596 caelestis
540 1555 632 1603 caritas,
649 1556 686 1597 est
700 1556 785 1596 vitiosa
802 1556 928 1607 cupiditas.

82 1618 178 1658 Praeter
193 1629 299 1658 amorem
315 1616 419 1658 caritatis
435 1618 460 1658 in
477 1618 610 1659 Creatorem
627 1629 675 1659 nen
692 1618 764 1659 datur
778 1619 824 1659 nisi
841 1618 933 1659 incuti--

82 1681 152 1721 natus
164 1680 188 1720 et
200 1680 380 1730 peccaminosus
392 1691 461 1721 amor
473 1681 601 1721 creaturae.
618 1681 800 1731 impossibilitas
814 1692 863 1722 nou
877 1692 933 1731 peca

81 1743 151 1784 candi
165 1743 288 1783 hominem
302 1743 397 1793 lapsum
411 1754 460 1782 non
475 1744 571 1784 excusat
584 1755 598 1783 a
612 1742 707 1794 peccato
723 1744 829 1793 formali,
843 1744 900 1795 quia
914 1756 928 1784 a

81 1806 162 1856 primo
174 1806 270 1846 hemina
285 1817 340 1847 cum
355 1806 426 1856 plena
440 1805 549 1846 libertate
563 1807 661 1847 inducta
676 1806 711 1847 est
725 1806 775 1848 tam
789 1806 871 1848 fatalis
885 1807 932 1847 im·-

80 1869 234 1919 possibilitas
247 1867 334 1909 Adami
347 1866 433 1909 delicto
446 1868 521 1909 tetum
534 1879 609 1919 genus
622 1870 759 1910 humanum
772 1870 824 1911 iure
837 1870 930 1910 facturn

81 1931 116 1972 est
133 1942 212 1972 massa
230 1931 397 1972 damnationis.
417 1931 492 1971 Hcmc
510 1942 558 1971 non
576 1931 807 1975 antemeridiana
825 1932 930 1980 coactus„

82 1995 123 2035 sed
141 2005 197 2035 cum
215 1993 335 2034 voluntate
353 1994 377 2034 et
393 1993 514 2044 voluptate
532 1993 768 2046 adhaeret'peccatm
787 1997 818 2036 ad
836 2007 928 2035 raerea.

82 2059 141 2098 darn
153 2059 233 2100 autern
246 2059 269 2099 et
282 2059 454 2098 demerendam
467 2058 491 2097 in
505 2058 567 2099 statu
581 2059 682 2100 naturae
694 2059 775 2111 lapsae
789 2072 837 2101 non
851 2061 931 2112 requi-

44 2128 45 2131 ’
81 2123 142 2163 ritur
160 2122 185 2162 in
203 2123 299 2163 homine
317 2122 413 2162 libertas
431 2134 445 2162 a
464 2122 607 2171 necessitate,
629 2124 670 2164 sed
688 2125 781 2175 artificii
798 2125 896 2166 libertas
915 2138 932 2166 a*

82 2186 202 2226 coactione
217 2187 247 2237 (v.
263 2196 329 2238 prop.
346 2186 360 2225 3
375 2185 417 2243 [ΒΖ
432 2184 514 2243 idaei).

16 2324 20 2336 ’
81 2316 119 2358 82.
157 2318 177 2356 3.
197 2315 279 2356 Status
297 2315 396 2356 naturae
413 2313 549 2366 reparatae.
570 2313 679 2355 Christus
697 2314 838 2356 haminibus
855 2315 931 2366 lapsis.

80 2381 169 2431 gratias
180 2380 275 2429 meruit,
289 2380 328 2421 sed
339 2377 457 2419 voluntati
468 2376 595 2428 pristinam
607 2379 743 2420 libertatem
756 2391 803 2421 non
816 2379 929 2420 restit-uit..

81 2445 162 2486 Gratia
174 2444 274 2499 actualis
286 2441 391 2485 censistit
404 2442 429 2482 in
442 2441 596 2485 delectatione
609 2444 717 2485 caelestis
730 2444 835 2485 caritatis
848 2457 862 2485 a
876 2444 931 2496 Spi-

81 2510 129 2550 ritu
145 2509 231 2551 Sancto
245 2510 270 2549 in
285 2508 354 2549 corde
369 2506 482 2547 diffusae.
498 2507 582 2549 Manet
596 2508 677 2550 autem
691 2510 738 2550 ista
752 2510 790 2550 lex
804 2510 931 2560 psycholc-⁴
950 2559 952 2561 Ι

80 2575 133 2625 gica
150 2574 248 2615 naturae
265 2574 351 2623 lapsae,
371 2572 397 2611 ut
413 2570 524 2612 voluntas
542 2573 677 2614 necessarie
694 2573 825 2614 consentiat
842 2573 931 2614 maiori.

80 2638 238 2680 delectationi.
261 2637 321 2677 Hinc
341 2636 371 2676 ad
391 2636 483 2676 bonum
504 2635 643 2678 faciendum
664 2637 795 2689 requiritur
816 2638 927 2679 adiuto-

80 2703 165 2752 rium,
183 2714 237 2754 quo
251 2702 303 2753 ipse
317 2700 382 2741 actus
396 2700 475 2740 benus
489 2700 600 2742 donatur.
618 2702 643 2743 Si
660 2701 738 2754 gratia
751 2703 838 2744 excitat
853 2703 931 2743 deleo..

80 2767 194 2808 tationem
210 2768 328 2807 aaiaarera
344 2763 463 2815 praesenti
480 2764 634 2807 delectatione
652 2767 798 2819 cupiditatis,
816 2768 932 2808 veluntas

80 2831 211 2873 consentiet
225 2831 301 2871 malae
317 2827 443 2879 cupiditati
458 2828 482 2869 et
499 2846 509 2865 a
517 2830 595 2880 gratia
610 2842 716 2882 parva»
735 2832 796 2873 nihil
813 2833 928 2883 producet

80 2896 127 2937 nisi
140 2896 230 2936 steriles
244 2893 380 2945 affectaret
393 2892 668 2937 ineiticaciadesideria.
685 2897 731 2938 Sed
746 2897 837 2948 quaties
852 2898 931 2948 gratia
