2214 3350
141 223 180 260 554
230 200 232 203 ι
287 213 306 260 “,
351 223 405 259 Sect.
424 222 460 260 VI.
478 223 509 258 De
527 221 683 259 distributione
700 220 786 266 gratiae

141 323 296 381 losephicum
305 330 335 371 ab
345 330 449 371 Ecclesia
460 330 557 371 reicitur
569 330 612 382 (Dz
623 330 695 380 1290).
708 329 745 369 Ad
756 328 879 379 peccatum
890 328 989 370 mortale

134 387 275 444 'requiritur
290 387 363 444 plena
378 386 533 441 advertenda
556 403 631 442 quare
653 402 754 442 peccans
775 390 835 433 bene
857 392 989 443 perspicere

141 456 214 497 debet
229 467 252 497 se
267 467 312 496 suo
325 456 379 497 actu
393 455 482 497 violare
497 455 652 506 praeceptum
667 455 690 496 et
705 453 825 496 incurrere
840 454 902 495 iram
917 455 990 495 unias

143 511 255 568 55111151,
270 531 284 559 a
296 531 343 571 quo
353 520 381 560 ut
393 532 406 561 a
419 530 461 560 suo
473 518 576 560 creatore
588 519 613 560 et
624 517 708 559 ultimo
721 518 771 558 fine
784 517 891 559 absolute
904 518 990 569 depen-

141 582 204 623 deat.
220 584 285 632 Quae
299 582 401 634 cognitio
415 583 511 623 docente
526 581 649 631 Scriptura
662 583 685 623 et
697 580 801 622 Ecclesia
812 581 926 622 omnibus
939 581 990 633 qui-

140 645 199 686 dem
215 645 356 686 hominibus
371 644 450 686 facilis
466 645 501 685 est
517 645 540 686 et
552 644 739 694 accommodata3
757 644 797 686 sed
815 644 947 686 secundum
963 644 988 686 S.

143 708 269 758 Thomala,
282 709 317 749 De
328 719 376 749 aer.
385 720 407 760 q.
417 711 471 749 115.
480 711 500 757 1,
515 708 604 761 duplex
616 708 703 749 modus
715 708 854 759 acquirendi
866 707 990 748 scientiam

144 772 329 824 distinguendus
343 771 384 820 est,
398 771 503 812 inventio
519 771 569 811 scil.
584 771 608 811 et
622 770 756 821 disciplina.
772 771 841 811 Prior
855 770 912 811 solis
926 771 990 821 inge·
1011 800 1012 803 ,

141 835 192 875 niis
207 834 388 875 sublimioribus
404 834 475 885 patet.
494 833 614 884 Gregariis
630 833 770 875 bominibus
785 832 872 875 natura
887 832 991 875 intendit

144 897 317 939 institutionem
334 908 376 948 per
392 895 503 948 parentes
519 897 625 947 aliosque
641 896 783 937 taciendam.
803 897 828 938 Si
846 896 920 947 igitur
936 907 990 936 con-

141 960 226 1011 ceptus
243 961 316 1001 unius
332 961 383 1001 veri
401 959 444 1000 Dei
462 959 605 1010 legislatoris
622 960 646 1001 et
660 958 763 1000 vindicis
780 958 873 1000 ordinis
891 958 990 1000 moralis

142 1022 211 1064 nulla
232 1022 380 1064 institutione
402 1022 507 1063 traditur
522 1023 544 1064 et
560 1022 637 1064 totum
660 1021 761 1073 systema
784 1021 869 1063 sociale
892 1021 989 1063 stultam
1048 1017 1050 1019 ’

142 1086 222 1137 potius
234 1085 395 1127 idololatriam
407 1087 438 1127 ab
452 1087 517 1126 omni
531 1084 665 1126 moralitate
678 1084 774 1136 penitus
787 1085 919 1126 scienciam
933 1084 989 1126 edu-

140 1148 226 1189 candis
235 1149 339 1198 exhibet,
353 1148 453 1200 plurimi
466 1159 521 1190 sane
534 1149 644 1189 homines
656 1160 699 1199 per
711 1148 785 1189 totam
797 1147 872 1189 vitam
884 1149 911 1188 in
923 1149 989 1199 igino:

142 1212 220 1252 11111111
232 1212 368 1252 invincibili
382 1214 433 1252 veri
445 1212 489 1252 Dei
502 1211 661 1253 versabuntur
676 1212 725 1252 sive
739 1222 787 1251 non
799 1211 923 1252 habebunt
935 1221 989 1252 oon-

139 1275 237 1326 ceptum
251 1275 295 1315 Dei
307 1274 356 1315 tam
370 1273 514 1329 distinctum>
523 1275 546 1316 et
559 1273 752 1323 determinatum,
766 1274 795 1315 ut
810 1275 939 1315 bonitatem
951 1274 990 1315 ael

142 1338 259 1378 malitiam
274 1338 390 1379 moralem
402 1337 454 1379 ullo
467 1337 522 1379 actu
532 1337 670 1379 contrahere
684 1338 782 1388 possint.
797 1337 867 1378 Hisce
883 1336 989 1378 «adultis

124 1429 125 1432 ,
140 1406 225 1449 celate,
238 1412 289 1440 non
299 1402 390 1441 ratione
401 1407 424 1440 er
436 1401 596 1441 conscientia»
610 1400 720 1442 voluntas
731 1401 773 1442 Dei
786 1400 894 1441 salvifica
906 1399 989 1441 eodem

142 1462 214 1503 modo
230 1462 335 1512 providit
350 1474 376 1503 ac
390 1463 506 1513 iterantis.
530 1463 608 1514 Quare
625 1464 644 1503 si
660 1462 685 1503 111
701 1461 743 1503 tali
759 1462 823 1503 statu
843 1462 987 1510 moriuntur,

141 1525 287 1576 pandarum
298 1524 368 1566 limbi
380 1524 508 1576 participes
517 1525 595 1567 erunt.
610 1525 694 1566 Censet
705 1525 778 1567 Billot
790 1525 852 1566 inter
863 1536 904 1566 eas
915 1524 989 1565 natio-

140 1598 191 1636 nes,
208 1599 269 1640 quae
291 1588 342 1629 sine
364 1587 473 1629 contactu
489 1587 611 1640 religionis
633 1586 750 1630 revelatae
771 1588 870 1629 fuerunt
885 1588 909 1629 et
925 1587 987 1636 sunt,

138 1651 197 1693 licet
213 1651 239 1691 in
256 1652 328 1693 rebus
345 1650 518 1702 temporalibus
536 1651 585 1692 sint
600 1650 752 1700 cultissimae,
772 1651 893 1702 ingentem
911 1650 989 1702 plebis

140 1714 322 1755 multitudinem
335 1716 361 1755 iu
373 1713 415 1755 tali
426 1713 564 1756 condicione
578 1713 676 1763 versari
690 1725 738 1755 non
750 1714 843 1755 obstare
857 1714 914 1756 huic
928 1714 962 1755 sol
980 1740 988 1748 -

138 1776 208 1825 iloni,
226 1778 268 1818 sed
283 1776 363 1827 potius
377 1788 430 1818 eam
447 1776 546 1818 innuere
562 1777 611 1828 Sap
627 1779 654 1818 13
669 1777 693 1818 et
706 1778 767 1818 Rom
784 1780 804 1825 1;
821 1789 835 1818 5
851 1775 988 1818 Traditione

141 1840 222 1880 autem
239 1841 363 1890 hucusque
382 1839 488 1880 nostram
507 1839 671 1890 quaestionem
690 1850 738 1879 non
757 1839 814 1880 satis
832 1851 883 1880 esse
899 1839 988 1881 discus-

142 1913 200 1943 sam.
211 1928 244 1933 -
253 1902 319 1943 Hanc
329 1902 560 1952 theoriamtheologi
572 1903 661 1953 passim
671 1901 781 1950 reiciunt
793 1903 823 1943 ci.
835 1905 854 1944 P
865 1903 904 1943 11⁵
916 1914 939 1943 u.
952 1898 988 1952 24'3

137 1966 214 2007 Rl-M.
238 1966 329 2006 Martia
351 1966 377 2006 0.
401 1966 428 2005 P.
444 1963 620 2016 Ἰ(1151559119
643 1968 668 2006 11
693 1965 765 2024 [1922]
788 1965 920 2016 7014941
943 1964 986 2006 Ed.

137 2028 227 2078 Harpen
242 2028 270 2068 Ο.
286 2028 312 2068 Ρ.
331 2028 468 2080 (RevThom
483 2030 510 2068 27
526 2028 600 2087 [19221
616 2030 737 2077 aia-28&
753 2029 785 2069 ll.
802 2029 899 2069 Lumine
916 2027 943 2069 Ο.
960 2029 986 2068 P.

143 2090 281 2142 (RevThom
298 2093 325 2131 28
342 2090 415 2149 [1923]
433 2090 537 2142 43-731,
555 2117 587 2122 -
604 2089 871 2143 Glaeys-Bouuaert
887 2091 904 2131 l.
923 2103 942 2131 c.
959 2103 988 2132 ex

137 2153 207 2203 parte
222 2152 432 2204 approbaturum,
448 2153 529 2194 monet
542 2153 630 2201 tamen,
646 2165 676 2194 ne
689 2153 839 2204 exceptiones
854 2153 989 2195 statuantur

139 2215 168 2256 ut
184 2217 274 2265 regula3
297 2216 361 2256 tenet
383 2216 463 2256 ideam
485 2215 607 2257 absolutae
630 2215 782 2265 obligationis
801 2217 824 2258 et
847 2216 989 2257 moralitatis

138 2278 225 2319 haberi
241 2289 309 2329 posse
326 2278 376 2318 sine
392 2277 504 2328 explicita
520 2278 575 2319 idea
589 2277 640 2327 Dei,
658 2280 699 2319 sed
715 2278 859 2328 implicitum
874 2280 918 2320 Dei
935 2290 988 2321 con-

73 2360 75 2363 ·
138 2341 244 2391 ceptum,
263 2342 304 2392 qui
318 2341 343 2381 in
360 2339 412 2381 istis
428 2340 489 2380 ideis
504 2339 583 2389 lateat,
601 2339 741 2382 normaliter
756 2341 822 2383 brevi
838 2340 944 2392 tempore
962 2343 987 2383 in

132 2403 281 2454 'explicitum
297 2402 420 2445 evolutum
437 2403 475 2444 iri.

141 2517 196 2559 695.
234 2517 324 2559 Solutio
345 2516 500 2569 problematis
521 2517 580 2559 adeo
602 2518 637 2560 est
657 2517 766 2567 difficilis,
789 2520 853 2570 quod
875 2519 987 2572 quattuor

136 2580 255 2622 veritates
266 2580 345 2621 certae
358 2579 459 2621 intactae
472 2579 602 2621 servandae
614 2581 637 2621 et
648 2580 710 2622 inter
722 2592 745 2622 se
758 2581 920 2623 conciliandae
932 2583 988 2623 sunt

143 2644 174 2693 (v.
188 2643 277 2683 Hurier
289 2642 306 2682 1.
320 2643 364 2694 ct:
382 2644 402 2682 1.
418 2642 493 2683 115115
505 2642 579 2684 serio
592 2643 655 2684 vult
667 2645 777 2684 omnium
791 2643 893 2685 salutem
907 2654 987 2694 supar-

141 2704 283 2749 naturalem,
298 2730 329 2737 —-
342 2708 363 2746 2.
379 2704 451 2746 Nulla
467 2705 531 2745 551115
546 2705 735 2756 supernaturalis
749 2706 799 2748 sine
814 2706 874 2749 lide
890 2718 987 2757 super·
1010 2741 1013 2744 .

136 2828 242 2865 Balmes:
257 2840 267 2861 a
276 2829 326 2865 Uud
337 2829 439 2865 wirldich
449 2829 490 2865 hat
500 2829 590 2866 Balmes
600 2830 647 2866 sich
659 2829 725 2866 daiiir
736 2829 922 2875 ausgesprocheu,
934 2831 986 2867 dass

141 2874 208 2909 unter
224 2874 268 2909 den
284 2874 398 2911 »Wildenu
415 2874 471 2910 viele
487 2875 527 2911 das
542 2876 585 2911 Los
602 2876 641 2911 der
656 2876 804 2920 ungetauiten
820 2877 904 2913 Kinder
921 2876 988 2912 teilen

140 2920 237 2961 werden,
260 2920 378 2965 jedenialis
403 2921 532 2957 beeiniiusst
557 2922 628 2957 durch
644 2922 680 2957 die
697 2922 722 2957 in
738 2921 839 2968 Spanien
860 2921 987 2958 tendenzids

137 2965 288 3002 verbreiteten
301 2965 477 3011 Schilderungen
489 2968 545 3002 iiber
557 2967 687 3011 angebliche
699 2967 872 3014 stumpisinnige
885 2966 988 3004 Vertiert·

140 3010 187 3047 heit
202 3011 241 3047 der
255 3011 350 3047 indias»
367 3011 432 3055 (Pica,
449 3011 575 3058 Heilsirage
590 3011 629 3058 95).
