2214 3350
320 147 397 184 Thesis
410 147 428 183 5.
443 148 486 182 Lex
499 144 610 181 staturalis
625 144 664 179 diu
677 143 788 179 servanda
947 140 970 177 81

136 260 137 263 ’
194 259 214 308 6)
238 257 326 297 totam
348 256 439 305 legem
461 252 624 293 naturalem
647 253 739 302 quoad
761 250 965 300 substantiam:

124 326 180 364 Lex
190 332 260 361 sensu
271 319 341 370 pleno
352 318 375 359 et
385 315 496 369 perlecto,
509 327 569 367 quae
580 314 671 364 obligat
681 314 724 354 sub
736 314 804 365 praui
815 314 837 354 et
849 314 892 354 suh
904 324 976 354 sanc-¹

124 388 188 427 tione
203 383 312 435 aeternae
328 379 496 428 damnationis
513 405 545 410 -
560 377 629 427 tota,
647 378 673 417 iu.
688 382 806 428 quantum
822 376 969 427 caariosaitur

124 450 156 490 ab
169 446 266 488 homine
278 445 376 486 rationis
390 443 447 485 satis
458 441 574 490 evolutae;
589 441 668 492 agitur
681 441 745 481 enim
757 439 787 481 de
800 439 905 481 vitandis
917 450 970 490 gra-¹

126 512 195 551 vibus
206 507 308 559 peccatis
319 507 468 558 formalibus,
483 517 531 546 non
543 505 571 546 de
583 503 717 545 venialibus
729 504 752 544 et
764 503 793 544 de
805 502 970 543 materialibus

124 572 226 620 tantum3
245 563 351 612 sumitur
371 569 450 610 autem
470 568 633 616 collective,
656 568 684 607 de
704 567 816 607 omnibus
837 564 973 616 praeceptis

124 623 187 687 legis
196 633 313 675 naturalis
326 633 399 673 struat
412 632 523 681 saraptim
537 629 724 684 distributive
739 630 767 670 de
781 628 883 679 singulis
896 628 968 669 virtu-

125 689 190 740 tibus
201 698 226 738 et
239 697 305 737 vitiis
320 696 380 736 nihil
396 696 422 735 11
437 694 498 736 thesi
513 705 617 735 asserere
631 694 669 734 161
684 703 771 743 negare
785 693 904 733 volumus.
921 693 969 733 Lex

125 759 316 802 iraturalis'est
329 759 368 800 lox
382 763 477 799 aelerna
492 757 541 798 sive
557 756 636 797 «ratio
650 756 672 796 et
684 754 795 796 voluntas
811 755 892 795 divina
906 754 968 810 ordi-

123 835 180 865 nem
196 822 330 864 naturalem
346 821 481 862 conservari
498 821 589 868 iubens,
609 818 743 871 perturbari
760 818 870 867 vetatis»,
889 817 968 869 quate-

112 897 226 937 nuspa·
242 885 372 925 dictamina
393 884 491 924 rationis
513 883 630 923 naturalis
652 882 720 922 nobis
742 879 916 922 manifestatur.
934 881 968 921 De

123 950 176 1000 lege
192 948 318 999 positiva
334 959 382 989 non
399 947 501 1001 agimus,
521 946 578 997 quia
594 946 652 986 haec
669 944 741 986 etiam
760 945 825 985 actus
844 945 965 992 salutares,

122 1025 147 1052 1,
167 1023 196 1063 gs
209 1012 275 1059 fidei,
296 1009 407 1059 caritatis,
428 1008 593 1060 poenitentiae,
614 1008 723 1060 imponit,
750 1009 781 1049 ad
808 1019 867 1058 quos
892 1007 974 1058 gratia-

123 1073 314 1124 supernaturalis
336 1073 371 1114 est
393 1073 498 1124 physice·
515 1072 648 1111 necessaria
674 1071 746 1122 (11.1
764 1071 835 1122 612),
855 1071 880 1112 61
902 1070 965 1121 quia,

123 1137 219 1187 quando
240 1137 316 1176 solam
335 1135 493 1176 substantiam
513 1135 591 1186 operis
612 1134 734 1184 praecipit,
756 1145 815 1182 rem,
838 1134 921 1175 saltem
942 1132 968 1173 in

123 1200 317 1247 1101111611616,
334 1200 506 1239 auliatenam
524 1204 607 1247 mutat,
628 1209 682 1237 cum
701 1198 758 1238 haec
777 1198 902 1248 praecepta
912 1208 968 1252 non

122 1262 215 1303 soleant
228 1272 278 1302 esse
294 1262 366 1301 nimis
382 1260 525 1309 onerasset,
542 1261 584 1301 ubi
599 1261 706 1311 primum
722 1260 844 1301 moraliter
860 1257 967 1311 impossi-

123 1325 181 1365 bilia
196 1324 266 1373 11111,
284 1325 332 1364 iarn
347 1335 395 1364 non
409 1324 522 1374 obligent.
538 1350 570 1355 -
584 1324 632 1365 Lex
647 1323 726 1365 aiiteni
742 1321 866 1373 naturalis,
885 1323 968 1375 saltem

122 1387 210 1428 directe
226 1387 250 1427 et
265 1386 379 1434 absolute,
396 1387 504 1427 versatur
520 1387 582 1427 circa
599 1386 688 1427 solam
705 1379 967 1436 substantialitate-

123 1461 186 1497 rum,
205 1461 254 1489 nou
271 1450 334 1490 circa
357 1450 470 1490 modum
495 1450 605 1490 salutaris
625 1449 770 1500 impletionis
789 1445 966 1497 mandatorum,

123 1511 158 1552 uti
174 1511 263 1553 veteres
280 1511 418 1552 Scholastici
435 1512 500 1561 loqui
517 1511 599 1553 solent.
618 1514 645 1552 In
662 1512 722 1553 thesi
740 1512 899 1553 affirmamus:
920 1513 968 1553 Lex

123 1574 239 1614 naturalis
252 1585 281 1614 ne
296 1575 387 1625 quoad
402 1573 593 1615 substantiam
609 1575 706 1625 quidem
721 1576 764 1616 diu
779 1577 868 1616 servari
883 1575 965 1626 potest,

121 1636 164 1676 sed
174 1636 289 1676 naturalis
299 1648 392 1688 qiioque
402 1637 512 1677 honestas
521 1637 625 1688 graviter
635 1638 741 1678 laedetur
752 1639 803 1679 sino
814 1637 903 1679 auxilio
914 1639 965 1678 Dei.

124 1768 177 1808 136.
213 1768 230 1819 1)
248 1765 433 1807 Teiitationes
447 1765 503 1806 sunt
517 1765 577 1805 ratio
591 1765 665 1805 huius
679 1764 839 1815 impotentiae.
858 1764 967 1805 Tentatio

119 1829 158 1870 cst
171 1829 304 1869 sollicitatio
319 1829 348 1869 ad
362 1828 518 1880 peccandum.
534 1827 634 1868 Tentare
649 1827 754 1877 aliquem
770 1827 806 1867 est
820 1827 966 1877 asperimon-

122 1898 177 1932 1111
189 1903 281 1931 saturare
296 1893 324 1932 de
337 1903 372 1940 eo,
388 1892 436 1932 sire
450 1891 480 1931 ad
495 1891 626 1938 sciendum,
642 1890 720 1941 qualis
733 1882 771 1938 sit,
787 1890 835 1931 sive
848 1891 921 1931 etiam
935 1891 966 1931 ad

124 1955 260 1995 ulteriorem
273 1955 349 2005 finani
363 1955 452 1994 borium
464 1954 502 1993 ael
515 1953 609 1993 malum
622 1953 715 2004 (Tuom.
731 1957 741 1994 1
755 1965 779 2004 q.
794 1955 834 1995 114
847 1965 869 1994 a.
882 1954 914 2005 2);
928 1954 966 1994 hic

122 2016 269 2068 intellegitur
294 2017 323 2058 de
347 2018 398 2058 fine
422 2016 493 2057 mato.
521 2015 672 2057 Tentationes
696 2014 808 2057 oriuntur
832 2028 862 2057 ex
887 2027 965 2064 carne,

121 2081 220 2127 mundo,
239 2080 335 2120 diabolo
353 2080 532 2131 (Tridentinum
549 2091 566 2120 s.
585 2083 598 2120 6
616 2091 635 2121 o.
655 2082 680 2120 13
698 2081 741 2138 [Dz
759 2080 828 2139 8061).
847 2080 968 2121 Vocantur

122 2153 222 2192 graves
237 2143 275 2183 vel
291 2142 361 2190 leves,
379 2142 428 2183 aut
442 2142 513 2193 prout
529 2143 558 2182 ad
574 2154 648 2194 praue
662 2144 699 2183 vel
715 2143 767 2184 leve
783 2143 906 2195 peccatum
923 2145 967 2183 sol-

122 2204 221 2253 licitant,
248 2204 297 2245 aut
321 2205 392 2256 prout
416 2206 567 2245 aeternatur
585 2207 623 2247 vei
642 2207 739 2248 remisse
758 2206 852 2247 tantum
872 2206 968 2247 movent

122 2262 197 2318 {quod
209 2279 254 2318 pro
265 2268 359 2310 diversa
371 2267 450 2309 indole
460 2269 485 2309 et
497 2268 620 2320 acquisitis
632 2269 754 2310 habitibus
765 2268 834 2310 bonis
846 2271 884 2310 vel
897 2263 968 2310 malis

120 2329 244 2370 diversum
261 2331 315 2380 est);
331 2355 363 2360 κ
379 2342 475 2372 omnes
492 2331 640 2383 intellegitur
657 2333 783 2373 collective.
804 2332 845 2373 Sat
863 2329 966 2373 commu-

123 2392 185 2432 111161
199 2393 297 2434 docetur
312 2405 362 2434 esse
376 2394 447 2435 etiarn
464 2395 557 2444 aliquas
572 2395 678 2446 stapulas
694 2395 836 2436 tentationes
850 2396 900 2436 tam
915 2407 966 2446 gra-

122 2466 170 2501 ves,
184 2455 210 2495 nt
223 2457 326 2497 morales
338 2456 401 2497 vires
416 2468 454 2497 eas
468 2458 596 2507 superandi
612 2458 709 2499 naturae
724 2457 804 2509 lapsae
818 2458 903 2499 desint.
920 2459 966 2499 Sed

123 2517 235 2558 nolumus
248 2519 348 2568 probare
361 2519 479 2560 eiusmodi
494 2520 635 2561 tentationes
649 2522 715 2562 omni
728 2520 820 2562 homiui
835 2533 965 2562 occurrere.

123 2579 211 2620 Sensus
231 2582 278 2622 est:
303 2582 460 2631 Tentationes‚
483 2594 544 2633 quae
565 2585 632 2624 auaui
652 2584 744 2625 11111111
764 2590 892 2625 occurrunt
920 2585 966 2634 (vel

120 2641 173 2681 sine
189 2644 285 2693 speciali
302 2644 444 2695 protectione
460 2645 503 2685 Dei
520 2647 677 2697 occurrerent)
696 2658 738 2698 per
755 2647 893 2688 diuturnius
909 2649 966 2688 tem-

122 2715 175 2752 pus,
190 2705 239 2746 tam
252 2718 337 2757 graves
350 2708 413 2755 sunt,
428 2708 455 2748 ut
469 2707 541 2748 homo
554 2707 605 2749 suis
618 2709 711 2751 viribus
725 2710 820 2751 relictus
835 2710 908 2752 alicui
922 2711 966 2751 sal-

120 2766 170 2806 1611
183 2779 210 2808 er
223 2769 253 2808 iis
266 2769 436 2819 succumberet,
452 2770 621 2812 committendo
635 2783 706 2822 gravo
720 2773 843 2823 peecatum
857 2774 965 2814 ionnale.

191 2853 214 2903 g)
238 2854 356 2895 honeste
378 2856 535 2904 superandi
557 2868 640 2897 ornnes
662 2858 803 2900 tentationes
824 2859 896 2900 homo
919 2870 967 2899 non

119 2913 194 2955 babet
209 2926 239 2955 ex
256 2926 279 2956 se
297 2917 427 2967 potentiam
443 2917 566 2959 moralem.
585 2919 665 2960 Potest
681 2921 746 2961 enirn
762 2921 860 2963 tentatio
879 2922 968 2974 tripiici

164 3011 222 3042 111111,
235 3013 259 3037 De
271 3013 332 3039 Gratia,
809 3002 810 3005 Ἴ
920 3019 929 3046 ὓ
