2214 3350
173 198 215 236 ’484
277 237 279 240 ,
337 199 390 236 Sect.
406 200 431 235 V.
445 199 490 235 Art.
506 200 534 236 ΙΙ.
549 199 673 246 Explicatio
685 188 770 247 gratiae
781 172 879 235 ¹efficacis

176 305 233 349 608.
259 305 410 344 Differentiae
423 317 437 344 a
450 306 655 344 Bannezianismor
675 307 696 353 a)
716 307 818 351 systema
837 307 870 342 est
888 306 1034 354 infralaps

178 359 291 406 sarium.
302 377 326 383 ·-
336 359 358 406 b)
371 359 438 395 Ponit
449 359 570 396 efficaciam
580 358 666 404 gratiae
677 359 702 394 in
713 357 790 403 aliqua
801 367 871 394 causa
882 356 1023 407 moraliter

177 411 299 446 movente
313 411 343 446 ad
357 420 495 447 consensum.
510 411 583 447 Movet
597 411 657 446 enim
671 409 779 445 obiectam
793 419 839 455 qna
852 409 936 447 bonum
950 411 1022 454 coani-

179 464 227 510 tnm
244 464 264 497 et
278 464 381 498 amatam
388 464 403 498 1.
421 481 444 489 -
461 464 479 510 c)
499 462 604 498 Efficacia
620 462 710 509 interna
726 461 814 507 gratiae
831 471 877 498 non
895 463 928 498 est
946 462 1023 508 aliqua

178 513 264 549 indoles
282 514 392 559 absoluta,
411 515 449 551 sed
465 513 592 551 relativa.
612 514 690 551 Gratia
707 514 767 550 enim
784 522 853 559 aeque
871 513 961 550 intensa
976 514 1022 550 sive

124 611 126 613 Ι
178 566 274 601 eundem
285 567 380 611 gignens
392 567 487 611 gradum
499 565 652 602 delectationis
665 565 765 602 caelestis
776 566 848 611 potest
861 575 909 603 esse
922 567 946 601 in
960 565 1022 602 Coro-

178 617 242 653 ratris
260 618 368 663 inefficax,
385 618 410 653 iri
426 618 498 663 Tyriis
516 616 599 660 effluam
615 626 669 653 nam
686 617 727 654 hoc
744 618 826 664 pendet
844 628 859 654 a
877 617 1021 654 delectatione

179 670 307 706 mundanae
319 670 455 715 cupiditatis,
469 678 525 714 quae
537 669 625 713 gratiae
637 670 690 706 actu
701 669 826 716 opponitur.
841 670 898 706 Item
910 671 934 706 ia
947 670 1023 705 eodem

180 721 268 757 homine
282 721 392 756 auxilium
405 730 473 765 aeque
487 729 595 764 magnum
609 719 729 765 aliquando
745 722 777 757 est
791 720 867 757 efficax
880 721 970 767 propter
983 722 1022 756 mi-

179 782 257 808 norem
277 772 422 818 cupiditatem
442 780 541 818 pravam,
559 771 680 817 aliquando
700 771 802 808 inefficax
824 773 851 808 oh
873 772 1022 808 resistentiam

178 823 270 858 maioris
281 823 472 868 concupiscentiae
480 823 494 859 ².
506 842 530 848 -η
540 823 562 870 d)
574 823 653 860 Gratia
663 823 737 859 efficax
747 822 838 858 nonnisi
848 824 934 868 gradu
946 823 1022 860 distin-

110 907 113 910 .
177 874 254 918 guitur
261 883 275 910 a
280 875 355 919 gratia
364 884 420 920 pure
430 873 556 911 sufficiente.
565 895 589 900 -
598 874 616 911 Α
628 874 760 912 Molinismo
766 875 914 920 distinguitur
924 876 1022 921 systema

172 926 375 970 augustinianum:
396 926 418 972 a)
437 927 476 962 Est
493 926 732 973 infralapsarium.
751 947 775 953 —-
791 928 813 973 b)
831 928 921 964 Reicit
936 927 1021 963 scien-

176 977 242 1012 tiam
254 977 377 1014 mediam.
391 997 415 1003 -
426 978 446 1024 e)
460 978 585 1014 Discrimen
597 979 683 1023 gratiae
696 978 791 1015 efficacis
804 988 886 1026 epure
900 978 1020 1015 sufficiente

177 1028 240 1074 ponit
256 1028 280 1063 in
295 1028 372 1074 aliqua
388 1029 462 1066 indole
478 1029 568 1066 interna
585 1030 644 1076 (licet
654 1030 752 1067 ‘relativa
768 1030 872 1075 tantum),
888 1041 948 1077 quae
962 1032 1022 1067 ante-

177 1080 280 1115 cedenter
294 1081 324 1116 ad
339 1082 467 1126 praevisum
483 1079 615 1117 consensum
630 1082 752 1119 voluntatis
768 1083 907 1119 futuribilem
923 1083 956 1118 est
972 1079 1021 1128 vgra-

176 1132 220 1167 tiae
232 1132 329 1177 propria.
342 1151 364 1157 *
378 1131 396 1168 ri
404 1132 536 1169 lansenistis
545 1134 652 1170 differunt
661 1135 836 1179 Augustinenses
848 1144 880 1178 eo,
894 1136 952 1179 quod
963 1143 1021 1171 asse-

177 1183 230 1218 runt
252 1183 410 1220 libertatem
433 1194 448 1220 a
470 1185 640 1222 necessitate·
660 1187 750 1229 servari,
770 1188 792 1223 et
810 1187 899 1232 quando
916 1187 1021 1223 voluntas

177 1235 263 1279 gratiae
276 1235 368 1271 relative
379 1246 462 1281 parvae
475 1236 624 1274 infallibiliter
636 1238 719 1274 resistit
731 1239 752 1275 et
764 1239 854 1284 quando
866 1237 953 1284 gratiae
966 1237 1021 1274 rela-

177 1288 221 1323 tive
234 1297 330 1333 magnae
345 1289 494 1325 infallibiliter
509 1289 625 1338 consentit,
643 1290 707 1335 atque
723 1290 882 1335 consequenter
899 1290 1020 1326 concedunt

177 1340 275 1384 gratiam
289 1349 383 1386 parvam
399 1350 446 1376 esse
460 1343 520 1376 vere
536 1341 732 1385 sufficientem,
749 1351 794 1378 non
809 1343 909 1378 absolute
924 1343 1018 1384 tantum,

177 1391 216 1426 sed
232 1391 299 1427 etiam
313 1392 439 1428 relative.

177 1506 232 1547 609.
269 1507 294 1546 G.
314 1506 385 1548 Multi
404 1505 523 1548 Scotistae
541 1507 681 1548 recentiores
698 1508 757 1549 duce
775 1507 876 1548 Mustrio
894 1508 921 1549 0.
941 1509 966 1548 F.
985 1508 1010 1547 M

177 1569 249 1609 Conv.
271 1569 295 1620 (i
314 1569 378 1632 1673)
395 1568 521 1610 efficaciam
539 1570 628 1620 gratiae
646 1569 764 1621 explicant
780 1582 823 1622 per
841 1571 962 1611 decretum
977 1571 1010 1610 De

177 1630 383 1672 condeterminans
401 1632 424 1672 et
439 1632 661 1681 correspondentem
679 1634 787 1674 divinam
803 1634 921 1674 actionem
937 1634 1020 1674 conde-

112 1736 113 1739 ,
177 1695 352 1736 terminantem.
369 1696 433 1736 Deus
449 1691 556 1737 decernit
572 1695 652 1737 actum
667 1696 770 1736 liberum
788 1696 908 1737 creaturae
927 1696 1019 1737 decreto

175 1771 224 1800 non
234 1759 473 1811 praedeterminante,
484 1760 525 1800 sed
537 1759 760 1801 condetermiuante.
773 1759 943 1801 Determinatio
955 1760 1020 1800 enirn

176 1823 287 1873 exparte
305 1823 347 1864 Dei
366 1822 588 1864 determinationem
606 1822 682 1873 ipsius
699 1823 819 1863 creaturae
836 1822 910 1864 libere
929 1821 1020 1873 agentis

177 1887 322 1928 antecedit
339 1898 389 1927 riori
405 1886 528 1937 prioritate
545 1885 697 1933 recusabimus,
718 1886 759 1926 sec
776 1886 942 1934 continentiae
962 1886 976 1925 i.
997 1896 1018 1925 e.

176 1949 297 1991 decretum
320 1949 363 1990 Dei
388 1949 595 1990 condeterminans
617 1949 748 1989 virtualiter
772 1948 875 1988 includit
898 1948 1019 1989 decretum

175 2012 305 2054 voluntatis
319 2012 417 2061 creatae,
433 2024 446 2052 e
461 2022 574 2052 converso
589 2011 668 2052 autem
683 2011 794 2052 voluntas
808 2011 852 2051 Dei
867 2010 965 2060 eiusque
981 2012 1019 2052 de-

175 2076 266 2117 cretum
278 2075 345 2116 nullo
358 2075 428 2115 modo
440 2074 576 2125 dependent
586 2087 600 2115 a
611 2074 732 2115 voluntate
744 2074 823 2115 creata
835 2074 933 2125 eiusque
945 2073 1019 2114 deter-

175 2138 314 2185 minatione,
338 2138 395 2177 hinc
417 2149 494 2187 neque
517 2137 547 2177 ab
571 2137 616 2177 hae
637 2136 833 2177 determinatione
857 2136 1019 2177 condicionate

176 2200 265 2241 futura.
282 2199 409 2241 Decretum
425 2200 468 2239 Dei
486 2198 695 2239 condeterminans-
708 2198 885 2239 intrinsecus
902 2199 937 2240 est
953 2200 1019 2240 efii-

176 2275 236 2311 cax,
251 2263 323 2313 idque
337 2273 392 2303 non
405 2261 551 2310 effective,
567 2261 635 2311 quasi
648 2261 753 2303 efficeret
767 2273 809 2311 per
822 2262 921 2303 modum
934 2273 1018 2303 causae

175 2326 398 2368 determinationem
414 2324 544 2365 voluntatis
557 2323 655 2374 creatae,
673 2325 715 2365 sed
735 2323 873 2366 affective
895 2324 1017 2373 tantum,

175 2389 293 2441 quatenus
306 2388 355 2429 scil.
372 2388 493 2439 tamquam
507 2399 584 2438 purus
596 2387 697 2428 affectus
710 2398 766 2428 eum
780 2388 863 2429 eadem
878 2387 1018 2428 determina-

237 2522 243 2542 1
261 2520 321 2556 Licet
337 2520 382 2555 ista
398 2520 514 2555 delectatio
532 2520 619 2555 dicatur
635 2519 762 2555 immediate
780 2529 794 2555 a
810 2520 854 2556 Deo
871 2520 896 2555 in
912 2520 1018 2556 facultate

174 2566 297 2601 voluntatis
311 2565 419 2611 producta
433 2575 480 2601 esse
494 2565 516 2600 et
530 2565 562 2600 sic
577 2574 602 2600 ec
616 2567 678 2610 parte
693 2566 804 2610 poteritine
821 2564 906 2601 afficere
918 2566 1019 2601 volunta-

174 2613 225 2655 tem,
245 2612 321 2648 tamen
340 2611 449 2647 eiusmodi
468 2611 590 2646 causalites
610 2613 672 2647 actus
692 2611 832 2647 indeliberati
852 2610 974 2648 voluntatis
994 2612 1019 2646 in

175 2658 322 2693 deliberatum
335 2657 463 2692 reducenda
478 2657 510 2692 est
526 2657 555 2692 ad
567 2656 722 2693 causalitatem
737 2656 845 2692 moralem
861 2658 882 2693 et
897 2656 942 2693 toto
957 2657 1018 2693 caelo

175 2702 321 2746 distinguitur
340 2703 367 2738 ah
387 2711 413 2738 ea
432 2701 571 2745 causalitate,
597 2711 663 2747 quam
687 2703 899 2748 praedeterminatio
924 2702 1018 2748 physica

174 2749 352 2784 Banezianorum
371 2749 454 2784 exercet
477 2748 568 2792 physice
594 2748 746 2792 transferendo
767 2748 906 2785 voluntatem
923 2760 948 2785 ex
966 2750 1018 2784 actu

174 2794 247 2840 primo
260 2795 286 2829 in
300 2794 374 2829 actum
388 2795 511 2829 secundum
523 2793 675 2837 deliberatiuam
692 2794 717 2830 cf.
734 2804 755 2830 n.
772 2794 808 2831 580
822 2795 857 2831 591
873 2795 916 2831 not.

236 2852 435 2896 ²Augustinenses
450 2852 547 2897 gratiam
568 2853 692 2889 absolute
711 2854 854 2889 efficacem
873 2855 953 2889 vocant
968 2862 1018 2889 eam

175 2897 343 2933 delectationem
355 2899 478 2942 caelestem,
492 2907 549 2942 quae
563 2907 674 2934 rammam
686 2899 781 2943 aradum
793 2908 876 2944 pravae
890 2899 1018 2946 cupiditatis

174 2944 198 2978 in
213 2944 341 2979 hominibus
357 2944 504 2980 occurrentem
521 2945 615 2990 superet.
632 2944 747 2981 Eiusmodi
760 2945 906 2981 fortissimam
922 2946 1017 2991 gratiam

174 2990 195 3025 S.
213 2990 283 3025 Ponto
298 2990 322 3024 in
337 2991 478 3026 conversione
494 2990 571 3026 datam
585 3000 632 3026 esse
645 2991 741 3027 censent.
