2214 3350
174 194 210 232 568
473 195 527 232 Seri.
541 196 588 233 VII.
601 197 632 232 De
644 194 724 232 merito

174 303 254 344 autern
270 303 294 344 et
309 303 450 345 melioribus
465 304 578 355 operibus
592 303 720 355 respondet
733 304 808 352 maior
824 314 927 344 merces:
947 307 959 345 1
977 304 1024 345 Gor

173 369 194 414 3,
209 369 222 407 8
237 367 259 415 (a
273 366 296 407 et
307 366 342 417 gl:
356 366 387 407 Lo
401 369 435 416 19,
450 370 519 409 1655;
537 368 582 417 Qui
596 368 676 407 decem
690 377 760 406 mnas
773 366 879 406 lucratus
892 366 934 416 est,
950 377 1023 416 super

173 430 255 470 decem
268 428 375 470 civitates
388 430 547 478 constituitur,
559 430 601 480 qui
614 429 729 480 quinque,
745 438 816 480 super
829 429 944 480 quinque.
959 430 1022 480 Ergo

173 492 246 533 etiam
265 492 449 544 augmentum
470 492 579 543 gloriae
598 492 633 533 651
650 491 769 533 obiectum
790 491 877 532 meriti.
899 518 931 524 -
948 493 1021 543 Aug-

173 555 300 596 mentum
319 567 412 607 quoque
430 555 539 606 gratiae
557 564 606 596 esse
623 551 838 596 obiestirm'meriti
857 567 887 596 ex
904 567 931 596 eo
949 555 1021 595 habe-

172 630 234 667 mus,
252 619 317 670 quod
339 619 361 670 a)
376 630 406 659 en
421 617 499 659 mente
515 617 651 668 Scripturae
667 617 717 658 vita
733 617 834 666 aeterna,
852 629 954 669 regnum
970 629 1021 658 cae-

172 681 260 730 lorum,
280 681 345 722 salus
361 681 454 721 animae
472 681 522 720 iam
539 682 566 720 in
583 680 627 720 hac
646 680 695 721 uim
710 680 836 721 inchoatur
857 681 890 732 (n.
909 681 970 732 270),
988 705 1020 711 —-

172 745 194 799 (i)
221 744 345 794 Scriptura
363 754 430 794 saepe
449 742 518 784 docet
533 742 650 783 iustitium
669 745 752 794 nuperi
769 754 836 794 posse
855 744 879 785 61
896 755 939 794 per
956 744 1021 784 bone

101 819 103 822 ’
172 818 245 858 opera
260 806 349 857 augeri,
373 807 436 857 quod
459 807 564 847 Traditio
588 808 690 857 explicat
704 806 734 848 de
751 807 877 858 augmento
901 807 1018 847 intensive

172 869 317 910 inhaerentis
333 868 435 910 iustitiae
452 868 582 909 habitualis
599 870 632 920 (n.
650 870 710 921 485);
725 896 756 901 -
776 871 800 924 y)
819 871 916 911 aliunde
930 869 1018 910 scimus

170 933 273 983 gradum
286 931 375 982 gloriae
388 931 446 972 olim
460 931 616 972 conferendae
631 932 813 983 correspondens
827 932 914 983 gradui
928 933 1018 984 gratiae

171 994 344 1035 sanctificantis
358 995 384 1034 in
398 995 461 1035 terra
476 994 612 1045 acquisitae.

170 1125 225 1167 718.
262 1124 409 1167 1111111165
435 1126 466 1176 (v.
484 1127 502 1166 P
521 1128 569 1175 390;
594 1127 614 1166 R
633 1137 677 1166 ser.
696 1129 816 1174 aee-36&
840 1127 936 1168 Ricicre
959 1127 975 1167 l.
995 1139 1014 1167 c.

133 1198 134 1201 ’
169 1188 300 1243 (iii-661).
319 1188 461 1239 Ignatius,
480 1188 611 1239 Aurorae.
630 1192 650 1238 6,
668 1193 682 1231 2
698 1190 728 1241 (R
744 1190 793 1241 68);
815 1189 945 1230 Christiani
961 1189 1017 1230 sunt

167 1251 257 1292 milites
282 1250 377 1299 Chrisii3
401 1251 430 1291 ab
457 1251 507 1301 ipso
532 1250 652 1301 accipiunt
677 1252 707 1293 τὰ
730 1253 829 1306 ὀψώνια,
849 1254 884 1293 Tot
906 1253 1017 1294 ὁεπόσιτα

168 1319 235 1371 ὑμῶν
251 1317 280 1358 cor
297 1316 353 1372 ἔργα
369 1319 441 1369 ὑμῶν,
458 1319 496 1358 thu
513 1319 542 1358 coi
557 1319 662 1359 (1111611111
678 1321 746 1370 ὑμῶν
762 1319 816 1371 ἄξια
832 1318 969 1373 κομίσησθε,
985 1343 1017 1349 -α

169 1380 314 1431 lustinus,
331 1376 399 1429 Apol.
419 1382 438 1428 1,
454 1382 482 1420 43
500 1381 529 1431 (R
547 1381 609 1432 123);
631 1381 677 1421 Ρ51
692 1379 820 1431 prophetas
837 1380 913 1421 edocti
932 1391 1015 1421 sumus

167 1453 257 1494 poenas
279 1443 302 1482 et
325 1441 442 1492 supplicia
460 1443 484 1482 et
499 1442 574 1482 bonas
596 1443 799 1484 remunerationes
813 1445 866 1484 κατ’
882 1442 950 1494 ἀξίαν
966 1449 1015 1485 τῶν

166 1506 276 1561 πράξεων
286 1508 387 1548 ἑκάστου
399 1503 559 1548 ἀποδίδοσθαι.
574 1532 606 1538 -
617 1506 795 1557 Theophilus
806 1507 881 1556 Ani,
894 1509 933 1549 Aci
943 1509 1015 1549 Auro-

166 1571 247 1620 ip'cum
262 1567 282 1619 i,
296 1573 310 1610 7
326 1571 355 1622 (R
369 1572 431 1619 irat:
448 1571 502 1613 τότε
514 1571 569 1624 ὄψει
582 1573 633 1613 uuc'
644 1569 713 1622 ἀξίαν
726 1571 846 1616 tecuam.
862 1597 894 1604 -
908 1575 970 1620 1,14
985 1573 1016 1625 (R

167 1633 229 1685 litt:
251 1634 316 1674 Deus
335 1651 344 1670 a<
352 1633 455 1675 excutiet
472 1633 553 1675 omnia
571 1634 594 1675 61
611 1634 702 1674 1115111111
721 1634 781 1675 16161
799 1635 924 1682 iudicium,
945 1646 1013 1676 suam

166 1696 251 1747 cuique
267 1707 311 1747 pro
327 1696 419 1737 meritis
436 1697 569 1738 mercedem
585 1696 721 1738 tribuens».
738 1723 769 1728 -
786 1698 934 1747 Irenaeus,
950 1698 1012 1738 Ado.

166 1759 230 1799 haer.
246 1762 267 1806 4,
283 1762 310 1799 37
327 1759 382 1811 (MG
396 1761 417 1808 7,
435 1760 510 1811 nob:
531 1760 629 1808 Corona,
648 1760 754 1811 «quanto
770 1771 813 1810 per
828 1762 929 1810 agonem
944 1761 1013 1801 nobis

97 1873 99 1875 q
165 1823 269 1871 aduenit,
289 1822 353 1863 tanto
372 1823 407 1863 est
423 1822 575 1873 pretiosior».
597 1847 629 1852 -
654 1822 856 1864 Tertullianus
879 1823 964 1864 iurisia
986 1824 1012 1863 in

165 1887 227 1927 iusta
240 1885 394 1927 retributione
407 1885 476 1927 valde
489 1885 583 1926 insisti.
597 1887 633 1926 Dc
644 1887 733 1936 poenit.
747 1890 760 1927 2
775 1888 804 1939 (R
817 1887 881 1938 311]ss
900 1888 1012 1927 «Bonum

164 1949 256 1990 factum
273 1949 350 1989 Deum
369 1948 441 1989 hebet
459 1948 597 1997 debitorem,
619 1949 688 1989 sicuti
705 1949 728 1990 et
745 1948 845 1998 malum,
866 1950 924 2000 quia
939 1950 1011 1991 iudex

164 2013 243 2052 omnis
258 2013 423 2053 remunerator
438 2012 472 2053 651
487 2023 578 2052 causae.
588 2025 598 2044 1
614 2038 646 2043 -
662 2011 834 2063 Cyprianus,
852 2013 886 2053 Dc
903 2024 972 2064 opere
989 2018 1011 2052 et

164 2076 319 2129 eleemosynis
336 2077 363 2115 14
381 2076 410 2127 (R
427 2075 490 2126 564]ss
512 2075 597 2125 «Unge
614 2074 697 2115 oculos
713 2074 778 2115 tuos.
789 2106 793 2115 .
804 2107 824 2123 .‚
843 2076 870 2116 ut
887 2075 1011 2125 pervenire

163 2138 340 2179 adridendum
353 2138 430 2178 Deum
444 2137 527 2188 possis,
542 2138 600 2177 dum
614 2138 692 2178 Deum
706 2139 728 2178 ei
741 2138 850 2179 moribus
863 2139 886 2178 61
898 2139 1012 2188 operibus

162 2202 351 2254 promerueris.»
364 2227 395 2231 -
404 2201 478 2250 Epist.
490 2202 525 2248 io,
537 2204 550 2240 1
562 2201 591 2251 (R
602 2201 666 2251 bilei:
680 2201 743 2241 Deus
756 2200 895 2241 «vincentes
905 2201 1008 2250 coronat,

162 2264 318 2306 retributione
330 2263 444 2304 bonitatis
456 2274 482 2303 ec
494 2261 589 2312 pietatis
600 2261 712 2313 paternae
725 2272 882 2304 remunerans
894 2264 920 2303 in
932 2263 1009 2312 nobis,

162 2327 281 2380 quidquid
296 2327 346 2377 ipse
360 2326 485 2378 praestitit,
501 2325 664 2375 othonorum,
680 2326 744 2376 quod
758 2326 808 2376 ipse
821 2326 927 2377 perfecit.
936 2328 964 2363 »1
978 2352 1010 2358 -

162 2390 290 2442 (tyrillus
302 2389 423 2438 Hieros,
437 2389 530 2430 Gatech.
544 2391 577 2437 18,
591 2392 602 2429 1
618 2390 647 2441 (R
659 2389 723 2440 836):
741 2389 838 2430 «Radix
849 2388 922 2431 totius
932 2389 1010 2431 bonae

160 2452 306 2504 operationis
319 2452 355 2493 est
370 2462 425 2502 spes
437 2451 624 2500 resurrectionis
641 2463 745 2501 namque
758 2452 876 2493 mercedis
890 2453 1008 2504 exspecta-

161 2516 193 2557 tio
215 2515 323 2556 animam
345 2514 442 2555 roborat
457 2514 488 2554 ad
502 2514 566 2554 bona
587 2524 660 2563 opera
683 2514 841 2565 suscipienda.
866 2514 960 2557 Etenim
977 2517 1008 2557 ad
1084 2555 1085 2558 ,

164 2668 165 2671 =
222 2651 230 2672 ¹
244 2649 298 2686 Karl
311 2651 384 2686 Herm.
399 2649 496 2695 Wirth,
511 2651 554 2686 Der
566 2649 762 2697 Veriienstheprif(
774 2651 799 2686 in
813 2651 851 2687 der
865 2651 1008 2686 christlichen

159 2698 241 2734 Kirche
257 2698 314 2733 noch
330 2699 402 2733 seiher
419 2697 606 2742 peschiehtlicheh
619 2698 775 2742 Eniwiclrluaa
792 2698 922 2743 harnestem
933 2700 953 2735 ,1.
973 2699 1008 2734 hei

160 2744 285 2783 Tertullian
298 2746 394 2791 (Leipzig
402 2744 466 2792 1892);
478 2746 507 2782 Π,
518 2745 551 2780 hei
564 2745 662 2791 cyprian
676 2745 772 2793 (Leipzig
779 2744 844 2791 1901);
856 2746 909 2783 ibid.
923 2747 946 2783 11
958 2745 1004 2783 183:

161 2805 172 2826 r
181 2794 210 2830 So
221 2793 395 2837 unevengelisch
406 2793 486 2828 immer
496 2801 540 2828 uns
550 2793 651 2838 vCyprian
662 2794 704 2829 mii
715 2794 787 2829 seiner
799 2795 839 2830 aui
851 2794 957 2839 Leistung
969 2794 1008 2829 (165

158 2840 280 2876 Menschen
292 2849 331 2874 vor
343 2840 393 2877 Goti
403 2840 550 2877 hasierenden
562 2840 740 2877 Verdienstiehre
753 2841 862 2877 anmuien
873 2850 947 2877 muse.
957 2869 961 2877 .
971 2869 975 2877 .
986 2853 1005 2885 »3

158 2889 186 2924 ci.
201 2889 228 2924 H.
244 2887 363 2930 Schultz,
378 2889 423 2924 Der
437 2888 562 2924 christliche
576 2888 662 2934 Boaris(
676 2889 713 2925 ies
729 2889 868 2925 Verolienstes
884 2889 931 2925 aaa
946 2889 1008 2925 reihe

157 2935 304 2979 Anwenuuno
319 2935 359 2980 aas
372 2936 412 2971 ias
427 2935 572 2972 Vcrstctnrinis
588 2936 625 2972 oles
641 2937 730 2973 lifericus
746 2938 828 2979 Christi
843 2936 925 2981 (Theol.
942 2937 1005 2973 stud.

142 3018 143 3021 ,
157 2992 179 3020 11.
193 2984 248 3020 Krit.
264 2982 319 3028 1894)
334 2983 423 3029 aliaque
437 2984 521 3030 scripta
533 2994 548 3020 a
562 2984 634 3020 Wirth
647 2985 669 3020 et
681 2984 768 3021 Riciire
781 2984 881 3021 laudata.
