2214 3350
140 133 142 135 ’
162 146 198 182 334
283 138 389 183 555111.
402 147 448 182 Art.
462 139 535 183 iisne
547 146 612 182 <ionis
623 147 648 181 tn
658 143 816 181 iustificatione
829 120 887 181 naus

161 246 270 304 Explicat
280 254 468 295 Knabenbauer:
486 255 591 296 «Venire
603 255 661 296 dicit
672 252 774 294 invisere
785 252 918 293 amicorum
930 263 1005 300 more,

161 319 277 367 assistere,
290 330 360 369 opem
373 321 444 368 ierre3
457 330 533 369 neque
546 319 590 359 hoc
604 319 688 367 solum,
703 317 743 357 sed
756 318 906 358 mansionem
919 318 1004 368 facere,

161 383 295 424 inhabitare
312 384 336 423 in
353 396 380 425 eo
396 385 419 425 et
433 384 517 425 stabile
533 384 567 424 ibi
583 383 628 424 sibi
644 382 748 430 condere
761 380 918 422 domicilium.
935 381 1007 422 Pater

161 448 184 488 et
196 447 273 488 Filius
284 448 357 499 igitur
371 449 444 489 simul
457 459 511 488 cum
526 447 618 498 Spiritu
631 446 717 488 Sancto
732 446 775 503 (uti
789 445 838 485 iam
852 446 881 486 in>
889 458 912 487 v.
928 446 962 497 17)
979 445 1005 486 in

161 513 243 553 anima
255 513 371 564 singulari
385 512 474 554 ratione
488 512 673 553 habitabunt...
689 512 725 551 En
739 510 863 562 quomodo·
872 512 920 551 non
934 510 1005 551 relin-

161 579 293 629 quantur..
305 610 309 618 .
323 581 369 619 Pro
383 578 516 629 praesentia
528 577 580 618 eius
592 576 707 627 corporali
719 573 844 629 habebunt
854 575 1005 626 praeclarum

161 643 354 693 supplementum
368 642 393 682 in
407 642 479 683 totius
494 641 535 683 SS.
551 640 739 691 Trinitatisope,
755 631 895 692 praesentia,
911 639 1006 680 inhabi-

160 705 247 746 tatione
265 703 467 756 supernaturali.»

159 837 215 878 449.
249 837 374 874 Secundum
387 838 404 873 J.
414 837 437 872 Β.
447 837 560 881 Umberg
575 837 596 872 S.
604 837 630 881 1.,
645 837 686 872 Dte
700 835 844 881 Schrtttlehre
858 844 909 871 vom
923 835 1005 871 Sabra-

159 892 220 925 ment
237 891 276 925 der
291 890 399 935 Firmunp
419 889 536 935 (Freiburg
554 888 617 935 1920),
642 889 732 935 saepius
755 889 858 924 innuitur
881 889 1004 935 pleniorem

159 944 272 979 dationem
287 943 353 988 atque
374 941 571 979 inhabitationem
581 943 604 979 rS.
618 943 716 989 Spiritus
732 942 873 979 sacramento
888 942 1004 978 confirma-

114 1031 115 1034 ,
155 997 226 1032 tionis
240 996 306 1034 effici:
324 997 334 1032 1
349 998 391 1034 Cor
405 996 434 1039 12,
450 996 543 1040 13;ca1.
558 996 576 1041 4,
592 995 611 1039 ὅς
625 996 674 1042 Eph
689 996 706 1038 1,
722 995 763 1032 135
780 997 807 1043 (p.
825 995 935 1041 101-105);
950 997 1004 1041 bap-

158 1051 224 1085 tismo
241 1059 364 1095 numquam
383 1059 484 1096 expresse
502 1050 632 1086 attribuitur
650 1050 822 1085 communicatio
841 1050 944 1094 spiritua
964 1050 1003 1085 sed

159 1113 208 1139 eam
219 1104 265 1139 iam
275 1104 327 1139 inde
340 1114 354 1139 a
365 1104 622 1150 susceptionebaptismi
632 1104 730 1149 incipere
743 1114 769 1139 ex
780 1113 805 1140 eo
816 1103 930 1149 probatur,
944 1103 1003 1148 quod

159 1155 269 1202 possessio
275 1157 373 1203 ,Spiritus
382 1158 457 1194 Sancti
469 1158 596 1194 declaratur
609 1159 637 1194 ad
649 1158 744 1193 salutem
757 1157 856 1194 absolute
868 1158 1003 1199 necessaria,

158 1211 253 1247 maxime
265 1212 321 1247 Rom
333 1210 350 1253 8,
365 1211 434 1248 an:
450 1224 461 1243 a
470 1211 493 1247 si
506 1211 555 1256 quis
567 1211 642 1247 autem
655 1210 763 1257 Spiritum
776 1211 858 1247 Christi
870 1211 1002 1253 nonhabet,

158 1263 253 1299 hicnon
267 1264 299 1299 est
313 1264 360 1300 eius
369 1277 380 1297 n
397 1264 416 1310 (9
429 1264 451 1310 b)
467 1265 506 1300 etc.
522 1264 580 1308 Ergo
594 1264 692 1310 Spiritus
705 1264 752 1299 iam
766 1264 790 1299 15
803 1264 913 1309 baptismo
927 1264 1002 1305 datur,

159 1317 197 1352 sed
215 1317 303 1363 plenius
320 1318 345 1352 15
362 1317 533 1353 confirmatione
554 1317 581 1363 (p.
604 1316 711 1363 107-114).
732 1317 796 1360 Quod
814 1317 913 1362 generali
931 1317 1002 1352 indoli

144 1370 335 1405 confirmationis
347 1371 372 1406 ut
385 1371 519 1405 sacramenti
531 1370 666 1416 baptismum
678 1369 812 1415 perficientis
824 1372 879 1407 bene
891 1369 999 1415 congruit.

158 1423 228 1458 Porro
250 1423 361 1459 sententia
384 1423 498 1459 moraliter
521 1424 644 1459 communis
666 1422 820 1468 theologorum
842 1423 949 1468 prohibet,
973 1432 1003 1459 ne

158 1475 233 1520 opinio
246 1477 274 1511 ab
287 1475 377 1511 oswald
388 1476 477 1521 prolata
488 1475 616 1521 recipiatur.
630 1496 654 1501 -
666 1476 738 1518 Quare
752 1476 830 1518 textus,
847 1476 926 1521 quibus
938 1476 1003 1511 iusti-

157 1527 229 1564 ficatis
242 1528 380 1574 promittitur
393 1528 470 1573 futura
484 1529 545 1565 datio
557 1529 655 1575 Spiritus
670 1528 753 1571 Sancti,
769 1528 892 1574 explicandi
907 1530 960 1565 sunt
974 1529 1003 1564 de

158 1581 277 1624 augmento
294 1581 394 1617 iustitiae
411 1581 446 1617 vei
464 1581 490 1618 de
508 1591 565 1616 novo
583 1582 648 1617 modo
664 1582 836 1618 inhabitationis
853 1582 888 1618 vel
906 1583 1003 1618 tortasse

158 1633 279 1678 aliquando
295 1634 321 1669 de
337 1633 503 1678 glorificatione.

157 1753 212 1795 450.
247 1754 290 1796 111.
308 1753 393 1796 Patres
410 1754 472 1796 clare
489 1756 573 1797 docent
589 1755 668 1806 ipsum
687 1754 804 1806 Spiritum
821 1757 934 1798 Sanctum
951 1768 1003 1797 esse

157 1817 247 1857 donum
259 1818 398 1858 increatum.
413 1819 447 1858 De
460 1830 507 1869 quo
520 1819 583 1859 dono
596 1819 735 1869 praesertim
748 1818 833 1860 Graeci
846 1819 894 1860 tam
908 1820 1001 1871 copiose

146 1881 237 1931 agunt,
253 1881 280 1922 ut
295 1880 415 1921 difficilius
429 1880 544 1932 probetur
558 1881 653 1922 eosdem
669 1881 768 1932 insuper
783 1881 907 1923 admisisse
923 1882 1002 1923 creata

157 1943 246 1994 gratiae
269 1944 332 1984 dona
354 1944 393 1995 (oi.
411 1955 434 1984 5.
452 1945 524 1985 27355
539 1945 563 1984 et
577 1944 764 1996 monographias
785 1956 808 1985 rr.
826 1945 1003 1993 2471audatas,·
1024 1973 1026 1976 .

157 2017 227 2056 porro
240 2008 260 2046 R
272 2017 315 2047 ser.
329 2009 372 2047 357
384 2018 439 2047 cum
452 2010 478 2047 19
491 2007 595 2048 textibus
608 2008 630 2048 et
641 2008 774 2057 Patavium,
788 2008 822 2049 De
835 2008 901 2048 Trin.
914 2012 935 2058 8,
949 2009 999 2060 4s).

225 2097 357 2148 Epistula
374 2097 521 2138 Barnabae
540 2101 573 2146 16,
593 2101 605 2139 8
625 2100 654 2150 (R
671 2098 721 2149 36):
742 2099 845 2149 Accepta
862 2098 1000 2140 remissione

156 2161 305 2211 peccatorum
317 2161 375 2202 facti
387 2171 471 2201 sumus
482 2161 545 2210 novi,
559 2160 647 2202 iterum
659 2161 740 2209 creati,
758 2162 794 2203 ὁιὸ
808 2162 835 2203 ἐν
847 2168 879 2213 τῷ
893 2177 1002 2218 κατοικη-

157 2225 228 2280 rapio
245 2226 312 2278 ἡμῶν
328 2223 427 2281 ἀληθῶς
446 2224 459 2264 ὁ
475 2223 535 2277 θεὸς
554 2228 662 2266 κατοικεῖ
679 2226 705 2265 ἐν
721 2227 782 2281 ἡμῖν,
804 2247 835 2253 —
858 2225 1000 2275 ignatius,

157 2287 194 2326 Ad
206 2287 266 2338 Epir.
281 2289 302 2335 9,
317 2290 349 2327 15
364 2288 397 2339 (n.
412 2288 461 2335 273;
475 2288 495 2328 R
508 2287 553 2339 40).
567 2313 599 2318 -
612 2288 739 2336 Hermas,
754 2286 814 2328 Sim.
829 2289 850 2336 5,
865 2290 885 2338 6,
900 2290 914 2329 7
930 2289 959 2341 (R
972 2290 1003 2329 89

157 2348 219 2399 iim).
231 2375 262 2380 -
274 2348 422 2398 Tatianus,
435 2350 496 2390 Ado.
510 2350 611 2390 Graecos
624 2353 687 2391 1315
701 2350 730 2402 (R
743 2353 783 2392 158
790 2351 824 2402 s):
842 2350 945 2402 Spiritus
956 2351 999 2392 Dei

156 2423 204 2452 non
216 2413 327 2453 omnibus
339 2412 408 2461 inest,
422 2413 463 2453 sed
476 2413 502 2453 15
515 2413 575 2454 iuste
589 2412 783 2454 conversantibus
795 2413 889 2463 residet,
904 2413 1000 2464 conglu-

157 2474 245 2515 tinatus
258 2475 359 2517 animae.
376 2477 410 2516 De
424 2475 516 2526 reliquo
531 2475 628 2527 oportet,
643 2477 670 2517 ut
684 2477 813 2526 iungamus
827 2476 933 2517 55115515
948 2477 1002 2528 Spi-

155 2537 213 2578 ritui
230 2538 314 2579 Sancto
330 2538 353 2578 et
370 2538 561 2579 coniunctionem
577 2539 608 2579 ad
625 2540 702 2580 Deum
719 2538 849 2580 efficiamus
869 2539 998 2595 (συζυγίαν,

156 2611 216 2651 quae
227 2612 273 2640 vox
283 2597 387 2642 maxime
399 2601 527 2641 adhibetur
537 2602 566 2642 de
578 2601 742 2642 coniunctione
754 2601 877 2653 maritali).
890 2604 916 2644 Si
927 2603 1001 2643 homo

155 2663 224 2714 quasi
239 2663 355 2714 templum
370 2664 411 2712 est,
428 2664 453 2703 in
468 2664 519 2714 ipso
535 2666 677 2705 commorari
692 2665 744 2706 vult
759 2665 823 2706 Deus
837 2675 880 2714 per
893 2666 1000 2717 legatum

157 2725 281 2776 Spiritum.
297 2751 328 2757 —
343 2727 488 2776 IrenaeuS‚
505 2728 565 2767 Ado.
583 2728 647 2768 haer.
664 2731 684 2777 3,
702 2730 736 2776 17,
754 2732 774 2777 1;
790 2731 811 2776 5,
828 2731 896 2776 6,15
914 2729 943 2780 (R
958 2731 999 2769 219

155 2792 204 2837 251;
212 2790 242 2828 ci.
250 2800 274 2828 5.
282 2789 345 2840 273);
364 2789 469 2840 Spiritus
481 2790 583 2831 Sanctus
595 2790 721 2842 requiescit
733 2792 759 2831 15
772 2790 917 2840 hominibus
933 2790 1002 2832 habi-

138 2865 139 2869 *
156 2852 190 2893 tat
200 2853 225 2892 15
235 2851 350 2903 plasmate
362 2853 412 2901 Dei,
425 2854 451 2893 in
462 2853 551 2903 templo
562 2853 613 2894 Dei⁴
625 2880 656 2885 -
666 2853 837 2904 Aphraates,
849 2854 1000 2895 Demonstro-

156 2916 230 2955 nones
245 2918 265 2964 6,
284 2918 310 2955 14
327 2916 355 2967 (R
371 2916 434 2967 683):
453 2918 474 2956 A
488 2916 607 2966 baptismo
622 2916 753 2968 accipimus
769 2916 886 2968 Spiritum
902 2917 1001 2965 Christi,
