2214 3350
181 183 220 221 572
480 184 535 221 sect.
549 184 596 222 VII.⁴
609 186 639 222 De
651 184 731 221 merito

183 291 237 333 712.
272 291 300 333 V.
320 291 392 338 Ratio
419 294 445 344 (P
464 294 596 346 abi—396).
624 295 642 333 1.
669 295 704 334 Ex
728 292 943 344 comparatione
965 303 1030 333 cum

182 355 283 396 ordine
299 355 429 396 naturali
445 354 630 407 exspectandum
647 356 682 398 est
698 357 775 397 Deum
789 356 898 398 ordinem
916 368 1032 408 superna-

182 419 285 460 turalem
302 419 336 461 ita
353 419 491 470 instituisse,
510 421 611 462 utfinis
633 419 734 461 ultimus
757 420 846 461 adultis
863 420 895 462 sit
908 415 1028 462 obiectum

182 482 269 524 meriti.
284 484 431 526 Naturaliter
443 485 508 526 enim
521 476 638 526 habemus
650 484 754 525 liberum
768 485 902 534 arbitrium,
918 496 967 535 quo
979 485 1032 526 Deo

182 546 275 597 aliquid
291 548 320 587 de
338 554 419 588 nostro
439 548 556 599 praestare
575 558 710 602 possumus,
736 549 799 599 quod
822 548 895 590 etiam
920 559 1031 590 recusare

182 613 297 663 valemus,
313 614 363 655 scil.
378 613 526 664 obsequium,
541 612 722 661 oboedientiam,
737 611 944 664 glorificationem.
959 612 1029 653 Tales

184 678 257 728 igitur
273 678 341 719 actus
357 678 412 719 sunt
427 677 496 717 laude
515 676 538 718 et
554 677 661 727 praemio
678 676 753 728 digni,
770 688 818 718 non
836 678 915 718 solnm
932 679 1031 728 quando
1056 724 1057 727 Ἰ

184 742 240 783 sunt
253 741 457 793 supererogatorii,
473 741 514 781 sed
528 741 600 782 etiarn
614 742 710 792 quando
724 753 753 783 ex
767 741 910 793 obligatione
924 742 1028 793 ponendi
1060 766 1063 772 ,

184 807 246 848 sunt.
269 809 346 857 Quare
366 807 444 848 ethica
456 806 519 847 recte
532 806 610 847 docet:
635 805 661 846 Si
681 806 746 847 Deus
764 806 873 848 ordinem
894 805 1031 848 naturalem

183 871 330 918 instituisset,
356 870 466 911 homines
489 871 602 921 operibus
625 869 766 911 naturaliter
787 870 857 911 bonis
880 871 1030 911 mererentur
1093 921 1097 924 ¹

183 935 356 976 beatitudinem
371 935 512 976 naturalem.
523 940 560 965 '—
575 934 603 974 ln
618 946 691 985 regno
700 934 779 975 tetiam
795 933 920 983 temporali
937 935 1031 994 lapisto--

183 1005 244 1038 tores
260 999 398 1050 proponunt
412 998 519 1050 praemia
535 999 558 1039 et
573 1009 668 1049 poenas.
685 1025 717 1030 —-
732 1002 753 1039 2.
771 997 958 1039 Possibilitas
973 1010 1032 1039 me-

183 1066 233 1106 riti
254 1064 489 1116 supernaturalis
508 1064 535 1103 in
554 1063 634 1104 nostro
649 1063 733 1104 ordine
748 1074 830 1105 revera
845 1062 955 1111 habetur
971 1074 1030 1103 nam·

183 1142 226 1180 per
240 1129 342 1180 gretiam
361 1123 413 1170 'tam
433 1140 535 1180 persona
556 1139 657 1178 operans
672 1137 746 1178 quam
760 1128 813 1178 ipsa
827 1123 899 1182 opera
916 1119 1032 1168 salutaria:

183 1194 305 1234 elevantur
319 1193 350 1234 ad
365 1192 534 1244 perlectionem
548 1192 599 1233 eius
612 1191 713 1243 generis
728 1192 797 1233 cuius
810 1193 845 1233 est
858 1192 960 1233 ultimus
970 1193 1033 1232 finis

183 1259 256 1299 huius
272 1258 366 1298 ordinis
383 1256 572 1309 supernaturalis
592 1257 630 1309 (cl.
649 1257 684 1298 th.
703 1261 717 1298 9
735 1259 762 1298 10
780 1256 823 1308 11).
843 1257 925 1307 Neque
942 1257 1026 1304 obstat,

183 1324 245 1374 quod
263 1322 342 1363 iustus
357 1323 407 1363 iani
423 1333 465 1373 per
481 1321 609 1372 gratuitam
626 1321 820 1362 iustificationem
837 1322 860 1362 et
877 1320 1031 1373 adoptionem

183 1388 256 1428 habet
267 1388 306 1427 ius
320 1389 351 1428 ad
365 1387 439 1446 vitam
454 1387 583 1435 aeternam,
598 1386 676 1435 potest
689 1386 754 1427 enim
768 1386 924 1436 augmentum
939 1386 1032 1437 gratiae·

184 1453 207 1493 et
220 1453 308 1503 gloriae
322 1445 408 1493 mereri
422 1452 444 1492 et
457 1450 562 1503 primam
576 1451 677 1501 gloriam
692 1450 773 1492 saltem
790 1462 852 1493 novo
865 1450 935 1492 tituld
948 1451 1030 1492 meriti

183 1518 324 1568 exigeretis.
341 1529 364 1557 n.
381 1517 439 1568 714).
455 1542 487 1547 —
500 1519 520 1557 3.
537 1516 585 1557 Hoc
600 1516 713 1557 meritum
730 1515 910 1567 supernaturale
924 1527 978 1558 vere
994 1515 1032 1557 estv

184 1582 216 1622 de
227 1582 380 1632 condigno,
396 1580 531 1622 Certissima
543 1593 592 1622 non
606 1582 671 1623 deest
684 1580 841 1631 acceptatio
855 1593 885 1622 ex
898 1582 964 1633 parte
976 1581 1031 1631 Deig⁴

183 1659 240 1688 nam
255 1647 370 1688 revelatio
385 1647 491 1687 aburidai
507 1647 707 1697 promissionibus
729 1646 824 1696 divinis,
848 1647 937 1697 quihus
959 1647 1032 1688 bonis

183 1712 301 1753 iustorum
318 1712 430 1762 operibus
447 1712 555 1762 praemia
571 1712 632 1753 vitae
652 1712 760 1753 aeternae
778 1713 952 1762 proponuntur.
978 1711 1032 1753 Erit.

121 1775 123 1777 ’
184 1778 256 1828 igitur
267 1778 381 1818 meritum
393 1777 422 1818 de
434 1777 559 1828 condigno,
574 1778 593 1818 si
605 1779 663 1818 baec
676 1789 748 1828 opera
759 1777 885 1819 valorem
895 1778 945 1819 vita
956 1778 1028 1819 aeter-

183 1854 216 1883 na
229 1843 375 1894 condignum
390 1842 485 1883 liabent.
504 1843 586 1891 Quoad
607 1844 764 1894 quantitatem
786 1843 920 1883 absolutam
941 1843 1033 1884 valoris

184 1919 255 1958 opera
269 1918 326 1948 sane
340 1907 434 1948 minora
449 1908 504 1948 sunt
517 1907 631 1958 praemio;
646 1908 687 1949 sed
701 1910 731 1949 ad
747 1907 932 1958 condignitatem
945 1907 1033 1949 suffieitv

184 1972 314 2023 aequalitas
330 1972 498 2023 proportionis,
518 1984 579 2023 quae
594 1972 659 2013 bisce
678 1973 790 2022 operibus
807 1983 891 2014 revera
909 1973 1027 2024 competit.

183 2037 257 2077 Nam:
282 2039 304 2088 a]
324 2038 357 2077 Eo
374 2038 438 2088 quod
457 2036 566 2078 Christus
582 2037 695 2079 virtutem
713 2037 919 2088 supernaturalem
942 2038 1033 2089 iugiter

115 2153 116 2156 Ἰ
184 2102 273 2151 influit,
290 2102 371 2143 actus
386 2103 480 2143 animae
497 2101 625 2152 superioris
642 2104 747 2143 evadunt
763 2104 884 2144 entitatiae
900 2109 923 2143 et
938 2103 1033 2154 simpli.

185 2168 241 2207 citer
252 2167 453 2217 supernaturales,
466 2167 482 2206 i.
491 2178 511 2207 e.
523 2167 630 2207 eiusdem
643 2166 733 2207 ordinis
746 2167 829 2217 diuini,
843 2167 913 2208 cuius
923 2168 958 2209 est
969 2170 1033 2209 nisio

137 2270 138 2274 ,
186 2231 303 2282 beatifica,
327 2242 399 2282 quam
416 2232 441 2270 in
456 2230 563 2282 germine
585 2231 713 2280 continent,
732 2232 792 2272 sicut
812 2233 884 2272 arbor
898 2232 924 2272 in
940 2233 1032 2274 semine

185 2295 320 2337 continetur
334 2297 364 2348 (v.
380 2295 413 2336 th.
427 2298 479 2336 910
492 2295 516 2336 et
528 2306 601 2346 supra
612 2307 635 2336 n.
650 2297 690 2337 711
703 2308 724 2337 a.
738 2300 751 2337 3
764 2297 794 2337 ad
805 2297 836 2348 3),
850 2323 882 2329 -
894 2298 918 2350 1))
933 2298 1032 2340 Accedit

185 2362 371 2413 correspondens
389 2361 493 2412 dignitas
511 2371 649 2411 personae
668 2361 795 2412 operantis,
813 2363 899 2404 collata
917 2375 960 2414 per
977 2376 1033 2415 pra-⁴

115 2430 117 2433 ’
185 2427 242 2466 tiam
259 2427 456 2476 sanctificantem,
481 2438 527 2478 qua
550 2427 621 2467 homo
639 2426 669 2468 iit
685 2438 781 2468 consors
802 2428 898 2469 divinae
921 2429 1032 2477 naturae,

184 2491 276 2532 amicus
288 2492 311 2533 et
327 2490 394 2532 filius
407 2492 450 2533 Dei
464 2492 615 2543 possidetque
632 2493 749 2544 Spiritum
765 2493 880 2535 Sanctum
895 2484 1033 2535 inhahitan-

184 2557 232 2598 tem
251 2557 293 2607 [th.
313 2557 415 2608 timia).
440 2557 465 2598 Si
490 2557 544 2598 talis
566 2569 668 2608 persona
686 2559 795 2610 deificata
814 2571 886 2610 opera
904 2560 1034 2612 deiformia

184 2623 283 2673 peragit,
299 2622 357 2663 haec
370 2633 442 2672 opera
455 2633 538 2663 revera
552 2622 607 2663 sunt
620 2623 699 2664 tantae
713 2623 842 2674 dignitatis,
859 2624 886 2665 ut
899 2624 1034 2675 aequalitas

185 2687 346 2737 proportionis
357 2688 388 2728 ad
400 2686 535 2738 praemium
549 2688 609 2728 vitae
621 2687 728 2729 aeternae
742 2689 811 2730 adsit.
824 2713 856 2718 ν-
869 2690 889 2741 c)
906 2689 933 2730 In
945 2690 1034 2730 ordine

185 2751 283 2791 naturae
295 2752 416 2802 reparatae
429 2751 578 2803 condignitas
590 2753 730 2794 meritorum
743 2765 769 2795 eo
782 2754 934 2796 manifestius
945 2754 1033 2805 elucet,

187 2816 247 2868 quod
272 2817 354 2857 omnia.
374 2817 455 2858 nost-ra
476 2816 563 2857 merita
583 2817 716 2868 tundantur
739 2819 764 2859 in
786 2819 899 2860 meritis
922 2820 1029 2861 Christi

188 2883 226 2934 (oi.
242 2883 261 2922 P
276 2882 336 2933 418),
352 2883 394 2933 qui
406 2882 475 2923 nobis
489 2893 573 2923 omnes
586 2883 674 2934 gratias
688 2883 783 2933 meruit,
799 2884 888 2936 quihus
903 2896 946 2927 nos
961 2886 1035 2926 meri->

186 2946 243 2987 torie
262 2956 332 2997 agere
349 2956 483 2996 possumus.
502 2945 589 2987 Christi
608 2947 687 2989 autern
706 2948 818 2989 meritum
838 2949 977 3000 simpliciter
996 2957 1035 2991 est
