2214 3350
192 130 235 198 388
387 160 441 197 sect.
458 161 493 196 IV.
509 162 541 196 De
554 159 636 195 natura
650 158 737 202 gratiae
753 157 848 193 actualis
887 175 889 180 ν

198 282 268 310 naam
275 264 416 320 practicam,
429 269 493 321 quod
506 268 568 309 actui
581 265 679 306 salutari
690 265 822 322 voluntatis
832 264 969 306 immediate
981 274 1048 314 prae-

199 333 263 373 lucet
280 333 311 383 (v.
330 344 352 383 g.
371 331 489 372 iudicium
507 328 675 370 eredenditatis
692 328 746 369 ante
765 320 919 378 actum,'quo
937 326 1048 367 voluntas

199 395 303 445 imperat
313 395 412 446 iidem),=
420 391 633 444 supernaturaliter
642 404 657 432 a
667 392 715 431 Deo
726 390 833 432 elevatur
844 392 866 432 et
876 391 911 431 est
920 391 964 430 hoo
977 399 1047 430 sensu

199 457 281 508 aliqua
297 457 425 498 illustratio
440 454 581 496 immediata
596 455 634 506 (ot.
652 456 670 494 P
687 455 707 495 V
724 456 760 503 243
777 454 832 494 VlIl
850 455 908 509 172).
925 478 956 484 -
971 449 1047 503 Inspi-

198 521 303 561 rationes
318 518 449 561 voluntatis
465 517 618 557 immediatae
634 517 735 566 possunt
752 526 801 557 esse
817 516 924 556 diversae
942 515 1048 566 assertio-

198 595 247 631 nes,
264 583 355 631 amoris
366 582 390 623 ei-
402 582 459 629 odii,
474 580 565 632 gaudii,
582 580 638 631 spei,
655 579 749 620 timoris
763 578 805 619 eto.
823 580 850 631 (P
863 580 908 631 24).

251 666 274 703 S.
290 664 431 712 Augustinus
448 673 514 710 saepe
530 664 564 699 ita
581 664 685 708 loquitur,
705 656 770 707 quasi
795 661 880 697 solam
904 662 1048 698 caritatem

197 718 279 755 habeat
296 727 373 754 veram
388 717 485 761 gratiam
501 716 558 752 Novi
573 715 683 751 Foederis.
703 714 750 757 Quo
767 714 833 749 modo
850 713 954 758 loquendi
970 714 1046 749 lanse-

197 771 271 806 rtistae
296 770 317 805 et
339 764 515 813 Anpastinenses
540 767 624 812 decepti
648 765 706 802 sunt.
732 766 765 802 Ct.
784 767 803 802 P
821 765 862 802 34s
879 767 900 801 et
917 767 978 811 apud
994 766 1043 802 Ber.

198 831 219 857 n.
233 821 304 859 tte-75
316 820 433 867 specialem
444 819 537 855 thesim:
552 818 644 855 «Gratia
652 818 754 854 excitans
765 827 812 853 non
823 818 857 854 est
868 818 916 853 sola
927 816 1047 862 inspiratio

198 873 300 909 caritatis
321 871 422 908 formalis
444 872 491 913 Dei,
510 872 549 906 sed
566 870 633 907 etiam
650 870 749 918 cuiusvis
767 869 860 905 alterius
882 868 998 905 virtutis.»
1022 888 1046 894 -

198 925 356 968 Maushach‚
366 923 433 960 Ethih
446 922 483 958 cles
496 923 525 959 hl.
537 924 593 967 Ana
607 924 616 959 Ι
628 922 723 959 tit-184
734 922 768 968 (ct.
782 932 802 968 p.
811 920 882 968 207ss)
895 921 1046 965 Augustinum
1067 956 1069 959 .

199 976 230 1011 sio
246 975 353 1021 explieat:
375 973 501 1011 «Caritas»
520 975 582 1020 apud
598 974 620 1010 8.
639 974 756 1010 Doctorem
774 982 865 1009 sensum
883 973 1047 1019 amplissimum

197 1027 270 1070 hehet,
289 1026 348 1072 quod
365 1036 390 1062 ex
405 1026 493 1061 influxu
514 1025 677 1069 neo-platonico
699 1024 766 1060 taoile
790 1023 917 1070 explicatur.
942 1025 1045 1059 Plotinas

198 1078 258 1114 enim
276 1077 477 1122 panpsychismnrn
501 1077 615 1123 protessus
640 1085 728 1111 omnem
750 1077 837 1111 motum
856 1076 876 1111 et
895 1076 1046 1121 operationem

197 1130 294 1166 naturae
315 1138 341 1165 ex
361 1129 450 1174 magica
471 1129 569 1174 quadam
590 1128 718 1174 sympathia
739 1136 815 1163 rerum
837 1127 858 1163 et
878 1127 999 1163 ultimatim
1020 1137 1046 1162 ex

198 1181 308 1217 instincta
323 1181 405 1217 amoris
421 1189 475 1225 erpa
491 1189 604 1216 summurn
620 1180 701 1215 bonurn
717 1180 820 1216 omnihus
834 1179 905 1215 indito
921 1179 1044 1226 explicavit.

198 1234 337 1278 Anpnstinns
355 1241 453 1268 amorem
469 1233 559 1277 quidem
574 1241 649 1267 rerum
663 1232 722 1268 vitae
740 1231 863 1277 expertium
878 1240 963 1267 meram
978 1231 1046 1266 meta-

197 1284 293 1331 phoram
312 1285 444 1328 considerat,
465 1285 504 1319 sed
521 1284 546 1319 in
565 1284 670 1319 animatis
688 1293 738 1319 oum
758 1284 856 1328 quadam
873 1282 1046 1329 praeditecttone
1061 1325 1063 1330 .

198 1345 275 1372 omnes
287 1336 367 1378 motus,
382 1336 481 1378 arrectus,
496 1336 608 1381 appetitus
621 1336 650 1371 ad
662 1344 762 1370 amorem
773 1334 889 1380 tamquam
902 1336 930 1371 ad
942 1334 1046 1370 intimam

198 1388 219 1424 et
231 1387 448 1424 universalissimam
459 1388 506 1422 vim
517 1387 631 1423 motrioem
643 1387 735 1423 reducit.
749 1386 885 1422 Praesertim
897 1387 968 1423 omnis
982 1396 1046 1422 amor

197 1440 250 1475 boni
266 1439 354 1474 honesti
369 1440 396 1474 ab
412 1448 438 1474 eo
453 1439 578 1484 coneipitur
593 1448 655 1474 amor
671 1439 753 1474 summi
767 1439 820 1474 honi
837 1438 882 1474 sive
898 1440 980 1475 caritas
996 1440 1042 1475 Dei.
1074 1437 1075 1440 ’

196 1493 255 1527 Deus
267 1491 327 1526 enim
338 1491 461 1526 seeundum
471 1490 599 1526 Platonicos
610 1491 643 1527 est
653 1491 704 1527 idea
715 1491 768 1527 honi
780 1491 826 1527 sive
838 1499 949 1526 summum
961 1492 1044 1526 bonum

196 1543 307 1587 simulque
320 1551 365 1587 que
377 1551 490 1577 summum
502 1551 580 1577 verum
594 1551 662 1577 causa
676 1543 806 1587 exemplaris
822 1543 921 1578 omnium
934 1543 1042 1586 idearum,

195 1604 250 1643 vig.
267 1594 374 1637 iustitiae,
389 1594 551 1639 temperantiae
565 1594 604 1629 etc.
621 1594 656 1630 Sic
669 1593 706 1629 ille
721 1602 785 1629 amor
796 1595 850 1637 veri,
866 1595 903 1639 qui
918 1595 953 1639 pio
969 1595 1045 1630 creola-

196 1645 266 1681 iitan's
282 1646 364 1691 affecta
377 1646 543 1690 manifestatur,
560 1647 593 1681 est
608 1646 684 1691 aliqua
700 1645 802 1681 «caritas
811 1659 821 1679 a
839 1647 920 1681 summi
934 1647 981 1682 veri
997 1648 1043 1682 sive

196 1698 244 1740 Dei;
256 1698 310 1732 item
321 1706 383 1732 amor
394 1697 501 1741 institiae,
515 1707 540 1733 ex
552 1707 595 1742 quo
606 1697 679 1733 iustus
691 1698 811 1743 praecepta
822 1697 922 1734 iustitiae
935 1698 1044 1742 observat,

196 1750 228 1784 est
241 1758 305 1784 amor
317 1758 417 1784 summae
426 1749 494 1794 ideae
507 1749 639 1795 exemplaris
651 1749 758 1792 iustitiae,
773 1751 787 1786 i.
802 1760 819 1786 e.
835 1751 880 1786 Dei.
895 1750 942 1786 Hae
956 1751 1042 1786 ratione

196 1801 273 1836 omnis
280 1809 343 1836 amor
354 1800 460 1836 honestus
472 1801 577 1837 etractus
589 1802 621 1837 est
632 1801 707 1845 aliquo
719 1811 787 1837 sensu
800 1814 810 1835 ι(
819 1802 901 1838 caritas
913 1801 1014 1838 caelestis
1023 1813 1043 1845 »ς

128 1872 130 1874 -
196 1862 207 1888 e
225 1852 303 1888 contra
319 1852 391 1887 omnis
409 1861 472 1887 amor
489 1852 631 1888 inordinatus
649 1853 681 1889 est
698 1853 760 1890 mala
777 1853 846 1889 libido
864 1854 909 1890 sive
927 1853 1043 1890 mundana

195 1904 307 1950 cupiditas
326 1904 434 1950 (exempla
450 1914 469 1940 V.
487 1904 555 1940 etiam
573 1906 631 1950 apud
648 1906 718 1942 Palm.
738 1915 758 1950 p.
779 1905 813 1941 101
821 1907 847 1952 s).
866 1925 890 1931 —
905 1906 1039 1941 Breviter:

198 1956 274 1998 Omnis
299 1956 373 1991 motus
397 1955 520 1992 voluntatis
539 1956 573 1992 est
592 1965 654 1991 amor
674 1956 770 1993 alicuius
795 1956 854 1999 boni,
876 1958 947 1993 omnis
971 1958 1046 1993 motus

195 2007 302 2042 honestus
316 2007 349 2041 est
363 2015 426 2042 amor
439 2007 492 2041 boni
507 2007 602 2049 honesti
615 2016 679 2043 omne
693 2008 777 2050 bonum
789 2008 908 2047 honestum
922 2008 1043 2043 ultimatim

194 2058 309 2094 reducitur
321 2058 351 2093 ad
362 2059 438 2103 Deum7
451 2058 556 2094 ultimum
568 2059 652 2094 iontem
664 2059 765 2095 omnium
776 2059 884 2095 idearum.
899 2059 957 2105 Ergo
970 2060 1043 2096 omnis

194 2110 268 2145 motus
285 2109 391 2145 honestus
414 2110 448 2146 est
469 2110 546 2155 aliqua
570 2111 652 2146 raritas
668 2112 709 2147 Dei
728 2110 849 2157 (implicite,
867 2111 1041 2158 interpretativa,

195 2161 350 2202 materialiter,
365 2161 500 2204 virtualiter;
517 2162 555 2197 sed
571 2171 624 2197 sane
639 2171 685 2197 non
700 2163 732 2198 est
748 2163 872 2208 formaliter
887 2164 969 2199 caritas
983 2163 1044 2199 theo-

194 2212 268 2256 logiae
277 2212 366 2257 proprie
377 2212 452 2259 dicta).
463 2232 488 2238 —-
496 2213 566 2250 Aliter
576 2213 726 2259 Augustinum
737 2214 832 2260 explicat
841 2216 877 2251 Dr.
890 2217 902 2251 J
903 2216 936 2252 oh.
949 2215 1040 2257 Ernst,

197 2263 274 2298 Werhe
286 2264 333 2298 und
344 2263 464 2307 Tuaenden
475 2264 513 2300 cler
525 2265 681 2309 anataabipen
689 2266 749 2301 nach
759 2267 789 2303 St.
802 2266 857 2310 Ana.
870 2276 890 2312 p.
904 2267 939 2303 228
947 2277 969 2303 ss
980 2275 1043 2313 prae-

196 2314 272 2349 sertim
286 2313 358 2356 235ss‚
374 2313 395 2350 et
409 2314 463 2351 alibi
480 2315 506 2361 (V.
522 2317 540 2352 P
555 2317 608 2352 VIII
622 2315 673 2363 648).
689 2336 713 2342 -
726 2317 758 2353 Cf.
776 2316 850 2358 etiam,
866 2326 922 2361 quae
937 2318 1043 2363 Schissini

194 2375 215 2411 p.
231 2365 322 2414 1751101.
338 2365 348 2401 1
361 2366 387 2402 de
399 2367 464 2402 modo
477 2367 582 2413 loquendi
597 2369 616 2405 S.
630 2369 752 2413 Augustini
765 2369 833 2404 affert
846 2378 871 2404 ex
883 2369 900 2405 J.
916 2370 939 2406 B.
954 2371 1041 2406 Faure

195 2417 215 2453 S.
230 2417 247 2452 J.
264 2417 288 2463 (†
301 2416 364 2464 1779),
377 2418 524 2454 Enchiridion
537 2420 557 2456 S.
571 2421 690 2465 Aapustini
703 2420 762 2456 notis
773 2423 796 2464 ¹et
809 2421 968 2457 assertionibus
983 2422 1043 2457 theo-

196 2468 272 2512 lopicis
289 2468 427 2505 illustratum
445 2471 546 2517 (Neapoli
563 2470 617 2518 1847)
634 2481 655 2517 p.
673 2471 720 2508 2ss

195 2585 247 2627 511·
291 2585 451 2630 Sclrol1'11m.
474 2584 510 2627 De
526 2584 677 2627 divisionibus
695 2585 788 2637 gratiae
805 2584 914 2627 actualis.

255 2683 273 2718 P
291 2691 322 2727 pr.
343 2681 359 2718 3.
377 2701 400 2707 —
417 2682 488 2718 Palm.
508 2682 538 2717 th.
559 2681 587 2718 18.
605 2702 629 2707 —
647 2683 712 2718 Mazz.
735 2680 834 2718 171-187.
853 2702 877 2708 -
893 2684 941 2719 Ber.
962 2682 1041 2726 37—40;

185 2732 295 2786 ¹teo-tae.

263 2802 314 2842 Hae
327 2801 539 2849 denominationes
554 2813 566 2841 e
580 2802 702 2852 Scriptura
716 2802 740 2843 et
753 2801 864 2843 Patribus
879 2802 1041 2853 depromptae,

194 2876 209 2904 a
221 2863 369 2904 veteribus
381 2864 497 2915 theologIs
511 2864 614 2906 maxime
629 2863 718 2915 gratiae
733 2864 858 2913 habituali,
874 2877 888 2905 a
902 2865 1042 2905 recentio-

167 2939 169 2941 ’
194 2926 274 2967 ribus
290 2927 339 2966 tere
352 2926 420 2967 unice
433 2925 524 2978 gratiae
537 2928 623 2968 actuali
637 2926 796 2978 applicantur.
