2214 3350
283 223 396 259 Scholium
410 223 426 259 2.
442 224 472 258 De
486 222 653 259 condicionibus
664 222 738 258 meriti

88 330 141 371 721·
159 330 310 376 scholium
323 333 350 375 2,
363 330 399 371 ne
414 328 590 371 condicionibus
605 328 688 370 meriti.

94 444 95 447 ’
147 446 166 481 Ρ
175 455 208 491 pr.
217 446 241 482 35
248 455 264 481 s,
276 465 299 470 —
308 446 376 481 Manu.
386 443 510 480 1143-1177.
522 463 546 469 -—
555 444 609 479 Lab.
618 442 718 480 340-352,
729 464 753 470 -
763 446 810 480 Ber.
820 443 933 481 nai—1014.

156 530 363 578 Protestantes,
378 531 405 571 ui
415 529 578 571 exsistentiam
591 527 670 569 meriti
677 538 705 569 eo
711 528 807 569 facilius
813 530 934 580 negarent,

88 593 249 644 impossibiles
265 600 393 645 caeperunt
410 592 559 633 condiciones
576 593 607 634 ad
623 603 690 642 opus,
708 594 772 643 quod
787 605 802 634 a
816 593 877 634 iusto
893 593 937 634 Dei

88 657 178 698 iudicio
195 655 361 707 agnosceretur
378 655 536 704 meritorium3
556 655 606 702 scil.
626 656 652 696 ut
669 665 730 706 opus
748 656 779 697 sit
797 656 819 707 a)
839 658 936 696 omnino

87 720 222 772 perfectum
239 720 263 761 et
276 731 290 760 a
308 719 393 771 quavis
411 719 590 770 imperfectione
606 718 718 767 liberum;
736 718 761 771 b)
782 719 848 759 nullo
868 719 936 759 titulo

88 784 206 831 debiturn
218 783 239 834 c)
254 783 356 823 totaliicr
367 789 482 831 nostrum,
497 782 511 822 i.
526 794 545 823 e.
560 782 611 823 sine
622 793 666 832 ope
679 781 736 822 doni
747 780 846 832 gratuiti
857 792 937 832 perac-

88 846 147 887 tum.
165 846 214 886 Has
230 846 379 886 condiciones
396 857 444 886 non
460 846 550 896 requiri
566 857 595 886 ex
611 846 671 886 thesi
689 844 832 886 sufficienter
846 844 937 885 constat

89 908 169 960 (plura
183 909 279 949 1111111.
298 908 331 949 th.
350 908 395 959 52).

150 995 159 1030 1
174 996 215 1031 Cor
229 995 245 1037 9,
262 994 330 1031 16-18
344 1004 390 1030 non
403 995 587 1040 negatoperibus
598 994 754 1040 praeceptis
768 993 879 1029 rationem
893 1002 937 1029 me-

88 1046 132 1090 riti,
151 1047 190 1082 sed
205 1046 313 1082 rhetorice
331 1047 394 1082 efferi
411 1046 519 1082 excellens
536 1046 661 1092 praemium
679 1046 740 1090 operi
758 1054 937 1091 supereroga-

87 1098 158 1133 torio
171 1099 320 1140 tribuendum;
333 1108 397 1134 secus
408 1098 523 1143 apostolus
534 1099 577 1134 sibi
589 1097 756 1140 contradiceret,
770 1098 823 1143 quia
833 1099 845 1134 2
856 1096 905 1133 Tim
916 1098 935 1141 4,

88 1151 117 1185 is
133 1151 245 1196 exspectat
260 1151 384 1186 mercedem
401 1160 414 1185 a
429 1150 488 1185 iusto
503 1150 577 1185 iudice
594 1159 633 1195 pro
650 1149 697 1192 hoc,
716 1150 775 1194 quod
792 1149 937 1185 commissum

85 1203 128 1238 sibi
140 1203 248 1237 divinitus
260 1210 342 1236 munus
354 1201 450 1237 fideliter
461 1202 583 1237 servaverit
595 1203 634 1247 (sic
647 1203 704 1238 Zor.
719 1201 937 1247 010116011111110111

85 1254 201 1300 τετήρηκα),
216 1255 255 1289 ubi
270 1255 345 1298 agitur
360 1255 387 1290 de
402 1255 479 1290 stricta
494 1254 634 1298 obligatione.
653 1254 798 1290 Oboedientia
812 1254 938 1300 praeceptis

87 1306 158 1351 patris
173 1305 208 1340 vel
224 1306 308 1340 domini
323 1305 435 1351 praestita
450 1315 503 1340 sane
520 1306 553 1341 est
569 1314 624 1351 opus
639 1307 740 1350 praemio
757 1306 850 1350 dignum
866 1306 902 1352 (ci.
918 1306 936 1340 P

87 1356 122 1393 411
130 1367 148 1400 s;
161 1357 210 1392 Ber.
224 1356 275 1402 990).
289 1376 312 1382 —-
323 1358 399 1402 Neque
412 1358 485 1393 obstat
497 1357 630 1402 parabola
643 1358 715 1393 servi
728 1359 757 1394 Lc
771 1358 801 1401 17,
815 1357 879 1400 7-10,
892 1367 938 1402 qua

86 1410 195 1445 Dominus
217 1410 345 1455 superbiam
367 1410 491 1445 humanam
513 1405 638 1455 reprimere
650 1411 671 1445 et
688 1419 779 1445 sensum
801 1408 937 1445 humilitatis

86 1461 183 1497 excitare
195 1462 295 1497 intendit.
310 1461 392 1504 Monet,
407 1462 430 1496 ut
440 1471 480 1497 nos
493 1471 547 1506 erga
559 1463 630 1497 Deum
643 1462 809 1497 consideremus
821 1461 937 1506 tamquam

86 1523 162 1548 servos
175 1513 272 1555 inutiles,
288 1514 326 1558 qui
339 1514 412 1549 solum
424 1514 448 1549 id
460 1514 559 1555 iecerint,
575 1515 603 1549 ad
617 1513 789 1558 quod-obstricti
803 1514 855 1557 sint·
869 1515 936 1559 atque

87 1567 110 1602 id
121 1565 170 1602 fieri
181 1566 252 1612 potest
264 1575 288 1601 eo
300 1566 385 1602 maiore
398 1567 452 1607 iure,
467 1567 519 1610 quia
530 1566 606 1601 omnia
617 1565 695 1602 nostra
706 1567 766 1602 bona
778 1575 846 1611 opera
857 1575 937 1601 revera

86 1619 139 1653 sunt
156 1618 215 1654 dona
231 1619 270 1653 Dei
287 1627 359 1663 neque
376 1618 429 1653 sunt
446 1617 647 1663 supernaturaliter
663 1617 779 1653 meritoria
796 1618 840 1653 nisi
859 1629 884 1654 ex
903 1627 935 1660 eo,

88 1670 147 1714 quod
163 1671 221 1705 Deus
237 1669 307 1714 gratis
324 1669 479 1715 superaddidit
497 1670 531 1715 [ci.
549 1669 729 1714 Knabcnbauer).

88 1781 142 1822 722.
181 1780 335 1822 Condiciones
354 1781 384 1821 ad
399 1780 508 1822 meritum
525 1780 554 1822 de
574 1780 690 1833 condigno
705 1780 843 1834 requisitae.
861 1781 881 1822 Ι.
900 1781 937 1823 Ex

87 1846 155 1898 parte
168 1844 211 1885 Dei
222 1845 352 1896 requiritur
362 1844 487 1897 promissio
498 1844 638 1896 acceptandi
651 1846 698 1897 (vel
711 1845 795 1887 saltem
808 1847 936 1896 acceptatio

86 1909 251 1960 subsequens).
267 1909 340 1949 Secus
353 1909 502 1959 condignitas
515 1909 541 1949 in
555 1910 608 1950 actu
621 1908 700 1959 primo
714 1920 762 1950 non
776 1908 876 1950 efficeret
889 1920 936 1950 me-

88 1973 160 2013 ritum
176 1974 200 2012 in
217 1972 270 2013 actu
288 1974 399 2020 secundo,
418 1974 512 2023 quoda
528 1973 576 2013 Deo
593 1985 622 2013 ex
639 1972 731 2014 iustitia
746 1975 841 2024 exigere
857 1973 937 2024 posset

87 2036 229 2087 praemium.
247 2037 320 2077 Nemo
336 2037 401 2077 enim
416 2037 510 2077 tenetur
525 2049 554 2077 ex
571 2036 667 2085 iustitia,
685 2038 712 2078 ut
728 2037 796 2078 alteri
814 2039 937 2079 sunbona

87 2101 162 2148 cedat,
182 2112 210 2140 en
229 2100 272 2141 1100
293 2100 350 2148 solo,
371 2101 435 2151 qnod
454 2099 514 2141 alter
533 2100 582 2141 sive
602 2101 706 2151 pretium
724 2102 773 2141 sive
792 2103 936 2152 obsequium

86 2162 240 2213 aequivalens
255 2163 333 2203 oiiert.

87 2288 142 2329 723.
179 2288 209 2329 11.
223 2287 258 2331 Ex
270 2289 339 2341 parte
351 2298 468 2341 personae
478 2288 592 2330 merentis
605 2288 720 2340 exigitur:
738 2292 758 2330 1.
773 2290 805 2330 Ut
817 2291 847 2331 sit
858 2290 936 2332 viator

89 2353 116 2403 (Ρ
135 2352 157 2392 V
175 2363 211 2403 pr.
231 2355 258 2393 66
276 2354 294 2400 Ι;
314 2353 345 2393 [Χ
363 2364 400 2403 pr.
420 2353 465 2403 33).
485 2354 521 2393 Ex
540 2352 648 2393 doctrina
668 2353 836 2402 Scripturae
858 2355 890 2406 (v.
912 2366 934 2405 g.

86 2417 205 2464 2111111,
221 2418 235 2455 7
243 2428 261 2464 s,
278 2420 291 2457 2
307 2419 353 2458 Gor
368 2419 389 2465 5,
406 2420 440 2466 1ος
456 2418 500 2457 Gal
516 2419 536 2465 6,
554 2418 634 2469 ΗΟ)
653 2418 676 2458 01
691 2418 857 2459 Tridentini
877 2421 904 2472 (s.
923 2422 936 2460 6

87 2491 138 2531 cap.
158 2483 227 2520 1010
245 2481 287 2538 [Dz
306 2483 347 2521 803
365 2481 425 2539 809])
452 2481 573 2532 colligitur
596 2482 690 2533 tempus
714 2483 822 2523 merendi
848 2484 935 2523 durare

42 2572 44 2576 -
87 2555 162 2595 usque
173 2544 203 2584 acl
214 2545 322 2585 mortem.
336 2545 408 2586 LeoX
421 2546 543 2587 damnarit
555 2546 672 2586 liutheri
684 2558 720 2597 pr.
729 2549 755 2587 38
769 2547 811 2599 (ΒΖ
819 2549 879 2598 778),
888 2559 936 2598 qua

87 2607 219 2659 negabatur
234 2609 361 2659 probatum
377 2620 427 2650 esse
443 2610 537 2651 animas
552 2611 683 2661 purgatorii
698 2621 748 2651 esse
763 2612 830 2652 extre
846 2612 935 2653 statum

88 2672 195 2713 merendi
206 2671 244 2712 rel
256 2674 379 2724 augendae
391 2673 503 2715 caritatis.
515 2699 547 2704 ——
558 2679 578 2716 2.
591 2676 623 2716 Ut
632 2674 662 2716 sit
673 2674 750 2717 iustus
764 2677 791 2728 (Ρ
804 2688 840 2728 pr.
853 2679 881 2717 36
893 2677 934 2726 ΙΙ).

87 2736 228 2783 Ε1101111111111
238 2739 347 2787 peccator
357 2749 371 2778 a
381 2738 465 2778 merito
477 2739 505 2779 de
517 2740 634 2790 condigno
648 2741 678 2791 (1.
690 2751 714 2779 n.
727 2743 776 2789 715,
790 2741 820 2791 l).
832 2741 936 2783 Fontes

86 2800 187 2851 positive
201 2801 309 2842 derivant
324 2801 506 2853 possibilitatem
518 2803 626 2844 merendi
642 2815 653 2844 e
670 2803 732 2844 statu
746 2804 848 2854 gratiae:
875 2807 936 2847 Tri-

88 2865 238 2906 dentinnm
256 2877 274 2905 s.
294 2869 306 2906 6
325 2877 376 2917 cap.
397 2869 423 2907 16
443 2867 484 2917 (Dz
503 2868 563 2919 809).
581 2893 612 2899 —
630 2868 681 2908 Baii
700 2880 737 2919 pr.
756 2872 783 2910 13
801 2872 826 2910 15
845 2872 873 2911 17
893 2871 935 2921 (Dz

89 2930 190 2980 1013ss).
211 2955 243 2961 -
261 2931 287 2971 Io
308 2934 334 2971 15
351 2930 467 2981 parahete
484 2931 548 2972 ritis.
569 2955 600 2961 ψ
619 2931 776 2983 Augustinus,
798 2935 873 2985 Epist.
895 2937 936 2975 194

88 2994 117 3034 ad
135 2994 229 3035 Sixtum
245 2996 266 3043 3,
284 2998 296 3035 6
315 2996 344 3046 (R
362 2996 438 3047 libb:
461 2996 582 3037 «Nullane
599 2995 672 3047 igitur
690 2998 746 3038 sunt
762 2999 846 3039 merita
865 2999 936 3039 iusto-
