2214 3350
155 130 183 166 di
294 129 348 164 Seet.
364 130 380 164 Ι.
396 129 440 164 Art.
457 129 484 163 ΙΙ.
500 130 510 174 ξ
524 128 540 163 1.
556 128 613 170 Quid
627 127 710 161 natura
723 127 788 171 lapsa
801 126 872 170 possit

161 239 191 279 At
208 237 359 289 August-inus
383 237 525 278 infidelibus
542 237 573 275 in
598 246 663 283 casu,
683 236 780 286 dequo
797 230 897 284 agitans
910 243 1009 274 orruerit

157 303 261 353 *denepet
275 304 380 353 pretium
395 302 525 342 salutarem
540 299 635 348 Christi,
653 311 727 352 quarn
743 312 757 340 a
773 298 923 341 nutriralibus
939 298 1008 340 donis

160 367 203 407 Dei
221 367 252 407 ad
270 367 381 408 ordinem
403 367 520 407 moralem
543 363 719 416 pertinentibus
736 365 797 405 bene
814 363 941 416 distinguit
966 363 1006 414 (oi.

156 431 298 483 exemplum
313 432 456 479 Polemonis,
473 441 547 481 supra
561 441 584 469 n.
603 429 661 480 tot).
678 429 790 480 Disputat
803 428 883 470 autem
899 441 954 470 oum
970 428 1007 468 Iu-

161 496 226 537 liano
243 497 272 537 de
288 496 400 547 operibus
421 495 565 546 apparenter
586 493 663 542 bouis,
681 505 744 545 quae
759 504 841 544 reapse
857 506 873 534 a
890 493 1005 541 Fabricio,

162 561 272 612 Scipione
290 561 334 601 ete.
354 562 416 611 jactu
436 558 498 613 sunt,
518 559 542 599 et
559 559 681 601 contendit
699 560 756 599 haee
775 568 848 608 opera.
866 562 914 598 non
933 557 1007 599 fuisse

156 637 216 666 rere
232 625 299 666 aetus
314 624 438 672 virtutum-
457 624 499 663 sed
516 623 618 674 peecata.

231 715 251 751 6.
270 711 398 758 Morrirres
417 709 498 760 Atreu
518 709 561 749 atii
579 711 611 760 (v.
630 709 702 750 Ernst
719 721 743 760 p.
764 709 825 759 119):
855 709 1008 750 Rhetorice

157 777 184 817 et
207 775 347 826 polenriee
372 776 471 825 loquens
493 766 659 824 exaggerat.
679 772 885 824 'Exaggerationes
909 773 1005 821 Iuliani,

161 841 235 881 tritam
251 839 320 880 valde
337 839 461 880 honestam
478 838 611 879 multorum
628 838 767 879 infidelium
783 839 916 887 asserentis,
928 839 1007 888 ‘oppo-

161 905 206 945 sita
221 902 402 954 exaggeratione
417 902 492 951 reicit,
511 903 583 944 utari
601 902 691 943 iustum
714 903 822 943 medium
846 901 1005 954 perveniatur.

156 968 227 1008 'Dicto
245 968 316 1008 modo
334 979 390 1009 eum
408 967 534 1018 procedere
552 967 583 1007 ad
602 959 781 1018 exstirpandam
800 967 926 1015 haeresim,
946 977 1007 1017 quae

156 1032 273 1082 ‘parirulos
290 1030 360 1072 limbi
380 1030 448 1071 nulla
466 1041 543 1081 poena
560 1030 643 1081 puniri
662 1031 781 1079 docebat·
795 1029 819 1070 S.
840 1031 1007 1071 Beneventum

157 1095 273 1146 opinatur
291 1095 331 1146 (of.
350 1107 374 1135 n.
394 1092 452 1146 100).
470 1121 503 1126 —-
519 1095 593 1136 Stilus
611 1095 784 1146 potamicus-et
801 1094 934 1151 ibetorious
951 1106 1007 1135 sane

160 1160 244 1208 ruditu,
264 1159 304 1199 sed
322 1171 373 1199 riori
390 1160 470 1200 niara
488 1159 598 1210 explieat.
619 1159 768 1210 Augustinus
786 1171 855 1200 suam
874 1158 1007 1200 doctrinam

155 1223 294 1279 eonstanter
307 1223 431 1274 tamquam
446 1224 533 1273 deputo
548 1222 692 1263 catholicum
704 1223 816 1274 proponit
830 1225 853 1264 et
867 1223 1007 1274 Pelagianos

160 1289 189 1328 ob
205 1286 357 1338 negationem
373 1287 480 1328 eiusdem
498 1287 603 1344 declarat
619 1288 756 1328 haereticos.
780 1288 884 1328 Ecclesia
906 1287 1007 1327 istorum

155 1354 296 1402 'temporum
319 1352 419 1392 modum
442 1351 556 1401 loquendi
573 1363 587 1391 a
606 1351 628 1391 S.
648 1352 780 1402 Augustino
804 1351 962 1401 transumpsit
985 1351 1008 1392 et

157 1416 241 1457 sanxit
258 1415 351 1467 (Araus.
369 1427 420 1456 ean.
438 1415 483 1466 22).

230 1503 250 1541 7.
264 1502 333 1542 Doni.
346 1501 402 1541 Soio
417 1501 520 1552 (Densi.
533 1500 627 1552 etgrat.
642 1501 658 1541 i.
672 1505 683 1542 i
697 1513 715 1542 o.
730 1502 776 1552 20);
789 1501 950 1542 bellarminus
965 1502 1007 1553 (De

161 1566 220 1617 grat.
244 1565 267 1605 et
287 1565 329 1605 lib.
353 1566 403 1606 arb.
420 1565 436 1605 l.
454 1567 468 1605 5
484 1576 503 1605 o.
522 1568 547 1605 11
563 1565 698 1615 argumenti
721 1568 734 1606 8
756 1565 872 1616 posterior
895 1565 1002 1620 solutiot:

161 1629 286 1670 Pensatum
309 1629 357 1670 late
382 1629 512 1679 sumptum,
538 1640 622 1670 sensu
647 1629 805 1680 improprio
829 1631 852 1671 et
876 1629 1003 1670 translato:

160 1694 226 1734 aetus
240 1692 378 1742 defectivus,
395 1693 513 1744 quatenus
527 1705 575 1734 uon
589 1693 686 1743 attingit
700 1694 776 1734 finem
792 1693 1005 1744 supernaturalem.

158 1784 190 1788 -
199 1758 270 1797 Recte
280 1757 363 1798 rident
374 1756 521 1808 peecatum
534 1758 678 1798 sumendum
690 1769 740 1799 esse
752 1768 823 1797 sensu
834 1759 914 1798 rriinrrs
927 1757 1006 1798 sirleto

159 1823 183 1863 et
199 1822 269 1862 nobis
285 1821 367 1862 mitius
384 1821 477 1862 usitato.
504 1822 550 1862 Sed
573 1821 640 1862 notio
662 1823 735 1863 huius
758 1822 847 1872 pieooati
866 1834 913 1862 riori
931 1822 1007 1872 potest

155 1897 264 1936 eousque
275 1886 399 1935 attenuari
413 1886 439 1926 ut
450 1886 536 1927 eradat
546 1886 623 1927 virtus
634 1882 716 1927 minus
727 1886 814 1934 valida
827 1898 885 1926 nam
896 1886 1007 1937 Augusti-

161 1961 207 1990 nus
224 1961 277 1990 eam
296 1950 356 1990 adeo
373 1957 441 2001 orpet
459 1950 483 1990 et
501 1951 609 1991 Iuliani
629 1949 805 1991 distinctionem
824 1961 925 2001 alierum
945 1952 1006 2001 sruc-

157 2021 226 2054 tirose
241 2014 264 2054 et
278 2014 389 2053 steriliter
402 2015 521 2055 bonorum
536 2014 614 2054 reicit:
637 2032 647 2051 r
655 2015 727 2055 Nullo
741 2015 812 2055 inodo
826 2015 937 2055 homines
952 2016 1007 2055 sunt

156 2077 273 2118 steriliter
286 2078 351 2126 boni;
367 2078 407 2119 sed
421 2077 464 2129 qui
478 2078 535 2119 boni
550 2089 598 2118 nen
612 2079 675 2128 sunt,
691 2079 791 2130 possunt
805 2090 856 2119 esse
870 2078 911 2119 alii
926 2079 1006 2119 minus
1034 2081 1050 2105 θ

154 2141 202 2182 ¹aiii
213 2141 296 2192 inagis
310 2142 386 2182 niati»
406 2142 440 2193 (G.
457 2142 504 2182 Iul.
520 2145 541 2190 4,
558 2145 578 2190 3,
596 2144 630 2183 32l

226 2230 250 2268 ’8.
277 2229 406 2280 Pessuplid
433 2230 522 2269 Hirrter
550 2231 580 2282 (v.
607 2231 678 2271 Ernst
705 2243 728 2281 p.
757 2231 849 2282 iiisstz
880 2230 1006 2271 Pensatum

161 2304 237 2333 mere
252 2288 412 2334 materiale.
429 2293 525 2334 —Sed
542 2295 674 2335 seeundum
691 2294 857 2346 Augustinurn
871 2296 914 2335 hoe
931 2306 1006 2345 genus

161 2356 251 2407 praedati
270 2356 411 2399 infidelibus
429 2356 482 2398 iure
499 2359 640 2409 imputetur.

162 2493 215 2533 ios.
253 2489 376 2532 Sententia
390 2490 430 2532 Dr.
446 2490 542 2540 loannis
557 2490 655 2533 Ernst1:
674 2491 751 2541 Opera
770 2489 914 2539 infidelium,
934 2490 1006 2531 etiam

156 2554 302 2597 ‘naturaiiter
323 2554 498 2604 lrouestissima
518 2554 639 2599 vroduntur
661 2561 727 2596 dctus
751 2555 809 2596 maii
826 2555 850 2596 et
867 2555 963 2605 pescate
979 2567 1007 2596 eo

161 2611 240 2668 sensu,
259 2630 307 2670 quo
322 2619 470 2670 peecatum
487 2619 629 2670 originale
647 2620 682 2661 est
699 2625 773 2659 status
791 2617 871 2659 malus
887 2619 910 2659 et
926 2630 1006 2669 peeca-

160 2684 275 2724 annosus.
291 2683 339 2723 Hes
354 2684 484 2724 seeundum
499 2684 585 2734 dogma
599 2682 727 2724 definitum
745 2684 819 2735 (Trid.
835 2695 853 2723 s.
869 2686 882 2723 5
896 2694 948 2722 ean.
963 2685 1007 2723 iss

223 2817 230 2837 1
249 2815 283 2850 Ad
302 2815 395 2851 eandem
419 2815 487 2851 etiam
511 2816 596 2851 Berara
623 2815 652 2860 (n.
672 2816 734 2862 327s)
761 2815 888 2861 pervenisse
912 2814 1006 2858 videtote

161 2863 326 2908 quadamtenus
342 2862 478 2907 praeludunt
500 2864 522 2899 S.
541 2864 637 2899 rhomes
661 2863 688 2908 (v.
707 2873 728 2900 n.
748 2863 790 2909 104)
815 2863 836 2898 et
853 2861 920 2897 Andr.
940 2863 1006 2907 Veprr.

156 2909 286 2947 'Tridentini
302 2910 389 2945 Deereii
405 2910 431 2946 de
449 2909 608 2947 iustificatione
625 2911 739 2957 Expositio
757 2911 770 2945 l.
790 2909 813 2946 lt
830 2920 847 2946 c.
868 2909 891 2946 19
907 2918 968 2956 prop.
989 2911 1006 2946 i.
