2214 3350
346 164 442 202 ,Scholia
459 163 564 200 dadonis
580 163 662 199 infusis
891 160 932 198 ,295

86 273 216 315 habiturn
234 273 304 314 fidei
322 271 444 321 confert,
464 272 488 313 et
503 272 586 313 eodem
604 271 674 312 modo
700 269 827 321 speranti
851 270 931 310 habi-

85 337 144 377 tum
156 336 227 388 spei,
240 336 295 377 licet
306 335 403 387 propter
413 335 505 376 obicem
518 333 711 385 impoenitentiae
723 332 799 384 gratia
811 333 835 375 et
846 332 931 373 caritas

84 400 138 440 dari
148 399 257 451 nequeat.
269 400 330 440 Haec
341 399 421 449 opinio
433 398 492 439 alios
503 397 604 439 asseclas
615 408 663 437 non
674 396 770 437 videtur
780 396 848 437 nacta
859 397 930 437 essel.

84 526 140 566 401.
177 524 325 577 Argumenta
353 524 548 576 peremptoria
577 534 632 564 non
661 522 786 563 exstant.
817 520 931 562 Tridenti=

84 599 141 629 num
157 600 175 629 s.
192 591 205 629 6
220 600 270 639 cap.
287 591 301 628 7
319 589 360 640 (Du
376 588 439 639 Soet:
461 588 508 627 «ln
524 586 575 638 ipsa
591 585 761 627 iustificatione
777 585 834 625 haec
851 585 931 625 omnia

85 651 158 691 simul
172 652 252 692 infusa
265 652 394 702 accipit...
410 651 493 698 tidem,
510 648 581 700 spem
590 651 614 691 et
628 648 758 690 caritatem.
769 662 778 681 υ
795 648 841 689 Sed
856 649 931 688 conci-

83 714 145 754 lium
160 714 277 765 intellegit
291 714 388 755 habitus
402 715 524 764 formator,
541 712 576 752 uti
591 724 621 752 ex
636 712 790 762 sequentibus
805 711 882 752 elucet
898 711 929 761 (v.

83 778 171 828 Schijf.
196 777 279 818 obiect.
304 778 335 828 2).
361 778 432 817 Brevi
456 776 509 828 post
533 774 702 816 fssrideniinum
726 775 831 815 manime
855 774 932 825 viguit

84 843 106 880 1ἃ
119 840 243 889 sententia;
257 851 311 891 ergo
325 840 387 881 certe
400 851 449 880 non
462 839 513 880 erat
526 839 612 880 reiecta
625 851 639 879 a
652 837 760 879 concilio.
775 864 806 869 —
819 837 931 877 Doctrina

84 900 181 943 concilii
197 903 368 944 Viennensis
389 903 431 953 {Du
450 902 513 953 483):
538 902 605 943 «tam
624 901 731 952 parvulis
751 913 824 953 quam
842 900 932 941 adultis

84 966 188 1006 conferri
205 965 230 1005 in
246 966 364 1016 baptismo
382 965 552 1006 informantem
568 965 671 1015 grat-iam
689 971 711 1005 et
728 965 854 1012 certares»,
874 964 931 1005 satis

84 1029 199 1077 servatur,
217 1029 236 1068 si
252 1028 341 1069 adultis
355 1028 459 1077 habitus,
477 1029 517 1079 qui
532 1028 603 1069 antea
618 1027 678 1068 torte
694 1028 749 1068 iam·
759 1026 838 1068 collati
854 1026 929 1075 erant,

84 1092 109 1131 in
127 1091 245 1142 baptismo
263 1091 399 1132 formantur
416 1091 439 1132 et
456 1091 580 1141 augentur.
599 1114 630 1119 —*
646 1092 683 1131 Ex
701 1090 851 1141 Scriptura
868 1089 930 1130 nihil

54 1169 55 1176 ¹
84 1155 197 1195 habetur:
220 1155 281 1195 «Dei
296 1155 401 1205 perfecta
418 1154 475 1194 sunt
489 1166 577 1204 opera»
599 1155 669 1205 (Deut
685 1156 718 1201 32,
737 1153 769 1204 4);
786 1154 827 1194 sed
843 1153 930 1203 imper-

83 1218 155 1258 tectio
168 1217 293 1268 provenire
309 1217 385 1268 potest
399 1229 428 1257 ex
443 1216 537 1257 deiectu
552 1217 671 1257 humanae
688 1215 883 1267 praeparationis.
900 1241 931 1246 -

84 1281 149 1328 Quae
162 1292 184 1320 v.
199 1292 221 1330 g.
237 1280 365 1328 aBonncr,
381 1292 409 1320 ex
423 1279 583 1330 Augustino
597 1280 620 1320 et
633 1279 811 1320 Arausicano
825 1279 930 1320 atterun-

83 1343 130 1391 tur,
146 1342 208 1382 nihil
223 1342 331 1393 probant,
348 1343 406 1393 quia
419 1343 495 1383 multo
510 1342 659 1394 probabilius
674 1342 815 1393 explicanda
831 1342 886 1382 sunt
902 1342 930 1382 de

82 1406 214 1458 octuhfidei
232 1418 245 1446 a
263 1406 311 1446 Deo
329 1405 452 1456 inspirato.
471 1431 502 1437 -
518 1405 686 1446 Denominatio
712 1405 828 1456 «fidelis»
854 1405 931 1455 potest

83 1468 145 1509 recte
169 1469 221 1509 dari
245 1469 342 1519 propter
357 1474 439 1509 actum
456 1468 566 1509 habitum
589 1480 631 1509 nec
656 1468 817 1517 retractatum,
837 1468 930 1516 etiamsi

82 1531 181 1572 habitus
198 1542 245 1572 non
264 1532 294 1572 sit
311 1531 413 1571 infusus.
439 1557 472 1562 -
493 1531 703 1583 Theologorum
727 1531 855 1572 auctoritas
871 1532 930 1571 olim

83 1594 183 1645 primae,
197 1605 261 1634 nunc
275 1594 390 1635 secundae
405 1593 534 1635 sententiae
547 1594 624 1645 magis
637 1593 708 1635 iavet.
722 1620 755 1625 -
766 1594 843 1635 Maior
857 1594 931 1645 igitur

83 1656 240 1708 probabilitas
257 1669 286 1697 ex
303 1656 515 1698 convenientiis
534 1657 557 1698 et
573 1657 718 1707 analogiis
736 1658 858 1708 pensanda
876 1657 928 1697 erit.

83 1722 130 1761 Pro
149 1723 171 1760 1ἱι
190 1720 306 1761 sententia
323 1720 441 1760 atterunt:
466 1719 535 1761 Fides
553 1720 576 1761 et
595 1730 648 1770 spes
667 1720 896 1770 independenter
915 1732 931 1760 a

21 1796 23 1799 ’
81 1783 160 1833 gratia
173 1782 338 1823 conservari
351 1782 459 1833 possunt3
473 1794 528 1833 ergo
542 1782 614 1823 etiam
628 1783 757 1823 infundi.
773 1784 820 1824 Sed
834 1794 930 1834 respon-

83 1846 123 1887 det
138 1848 156 1887 P
176 1847 208 1898 (n.
225 1847 275 1897 56);
295 1846 332 1886 Ad
348 1845 550 1887 conservationem
567 1845 652 1886 sufficit
669 1846 772 1887 carentia
789 1857 873 1887 causae
890 1847 929 1887 de-

83 1903 217 1957 structivae,
231 1910 261 1949 ad
274 1908 455 1959 productionem
467 1909 523 1959 plus
534 1908 673 1960 requiritur.
687 1909 789 1960 Ripclda
805 1909 874 1961 (disp.
889 1912 930 1950 128

83 1984 107 2012 n.
127 1972 148 2023 5)
169 1972 250 2013 solvit:
278 1972 516 2012 Praeternuturoliter
540 1972 717 2021 conservantur,
745 1972 930 2013 connaturaliter

83 2048 138 2077 curn
155 2036 232 2087 gratia
248 2037 360 2087 perirent
379 2047 453 2088 qirare
472 2036 656 2088 «ingentissima
674 2039 761 2079 debent
778 2049 826 2078 esse
845 2038 930 2079 funda-

83 2102 164 2142 menta
182 2102 213 2142 ad
230 2101 384 2142 asserendum
409 2101 520 2143 exsistere
544 2102 687 2143 miraculose
706 2102 760 2143 ante
779 2103 846 2143 illam
855 2121 873 2142 a,
899 2128 931 2133 -

83 2167 185 2217 Urgeri
203 2166 291 2217 potest:
320 2166 345 2207 Si
370 2165 434 2207 Deus
452 2179 480 2207 ee
497 2167 661 2207 misericordia
681 2174 703 2207 et
720 2167 862 2208 liberalium
887 2169 931 2208 hos

82 2231 181 2271 habitus
195 2230 355 2279 conservat,
374 2230 490 2281 quamdiu
506 2242 554 2272 non
571 2231 601 2272 fit
615 2231 682 2272 actus
698 2231 729 2272 iis
743 2231 883 2280 contrarius,
901 2244 930 2273 ex

82 2296 135 2346 pari
147 2295 237 2336 ratione
249 2296 343 2336 eosdem
355 2295 453 2337 habitus
464 2295 609 2345 infundet,
623 2296 666 2337 ubi
678 2296 785 2348 primum
796 2309 839 2348 per
850 2297 929 2338 actum

82 2360 142 2400 fidei
161 2360 201 2401 vel
219 2361 268 2411 spei
288 2361 422 2401 removetur
441 2361 501 2401 obex
521 2360 673 2402 infidelitatis
692 2362 729 2402 vel
750 2362 929 2413 desperationis.

81 2451 114 2455 —
127 2426 172 2465 Pro
185 2427 209 2465 2Ξι
222 2425 338 2466 sententia
351 2425 438 2465 dicitur
455 2426 481 2476 (P
495 2426 545 2477 bet:
563 2427 735 2467 Inconveniens
748 2427 784 2468 est
796 2429 863 2478 prcus
878 2429 942 2467 dani¹

82 2489 208 2539 facultates
232 2501 305 2539 quani
329 2489 448 2530 naturam.
474 2490 521 2530 Sed
546 2490 707 2540 retorqueri
733 2490 820 2540 potest:
849 2492 930 2542 Aeque

83 2553 252 2594 inconveniens
266 2553 301 2594 est
314 2555 450 2593 conseruari.
463 2553 588 2595 facultates
603 2555 652 2595 sine
668 2555 761 2596 natura.
778 2556 803 2595 Si
818 2555 888 2604 Deus,
904 2557 931 2596 ut

83 2617 192 2668 peccator
202 2618 290 2658 melius
301 2617 442 2668 disponatur
454 2619 484 2659 ad
496 2619 682 2665 conversionem,
696 2620 739 2660 hos
751 2619 847 2661 habitus
859 2621 930 2661 relin-

82 2682 137 2732 quit
152 2682 274 2731 informes,
299 2682 330 2722 ad
352 2682 457 2723 eundem
472 2682 548 2724 tinem
571 2695 611 2724 eos
633 2684 800 2725 convenienter
823 2685 931 2726 infundit

148 2818 156 2839 1
172 2818 302 2854 Schittini
320 2817 404 2862 (obieci.
423 2818 441 2862 1)
458 2818 528 2863 tidem
543 2820 654 2856 actualem
670 2819 739 2855 simili
753 2821 818 2856 modo
834 2830 859 2856 ac
876 2822 931 2856 cari-

84 2865 155 2901 tatem
172 2865 289 2909 distinguit
306 2866 330 2900 in
346 2865 467 2911 perfectam
484 2868 504 2902 et
522 2867 681 2911 imperfectam,
700 2869 722 2903 et
740 2868 795 2903 satis
813 2868 931 2904 arbitraris

83 2912 164 2947 statuit
179 2912 242 2993 ffltam
258 2914 357 2948 conterre
373 2913 475 2949 habitum
491 2914 559 2950 etiam
576 2915 623 2950 sine
641 2916 787 2957 sacramento,
805 2914 863 2951 hanc
881 2925 932 2951 oum

82 2966 201 2994 sacramen
212 2968 229 2993 o.
