2214 3350
169 233 181 253 Ἥ
207 262 244 299 472
365 260 420 298 sect.
435 262 458 298 V.
474 262 519 298 Art.
535 262 563 297 ΙΙ,
578 260 701 306 Explicatio
713 258 800 305 gratiae
813 259 907 299 efficacis

207 369 294 411 tatem
310 380 445 410 cousensus.
461 395 493 401 —
507 371 609 411 Prorsus
621 367 690 409 aliter
704 379 743 409 res
758 379 782 409 se
799 367 871 409 habet
886 368 911 408 in
926 366 1050 419 systemate

206 432 396 474 molinistico.
417 433 471 483 Quiv
483 431 559 483 gratia
579 431 664 472 efficaci
685 429 801 479 moretur,
823 431 906 481 nequit
915 430 1050 486 <dissentire

205 496 233 547 tn
256 506 329 536 sensu
351 497 490 547 composita
514 495 555 535 sed
580 493 805 547 impossibilitas
830 494 978 542 dissensus
1001 493 1050 535 sive

206 559 334 610 necessitas
349 555 478 600 consensus
492 557 679 608 consequitur
695 557 722 599 et
737 556 864 608 includit
880 556 1050 604 exercitium

205 621 354 663 libertatis
366 635 381 663 a
393 623 442 663 Dee
456 620 554 662 seientia
566 620 647 667 media
659 620 804 672 praevisum.
819 620 894 665 Homo
908 619 982 661 libere
996 631 1050 661 con-

206 685 285 733 sentit,
300 685 357 737 quia
369 696 417 725 non
431 684 509 725 solum
521 683 599 735 potest
610 684 641 725 ab
654 685 698 725 hac
712 682 789 735 gratia
800 682 923 724 dissentire
938 685 964 725 in
978 693 1049 725 sensu

206 747 291 797 diviso,
306 747 346 788 sed
359 741 457 797 insuper
468 757 555 797 penes
567 746 660 798 ipsum
673 747 725 796 est,
740 747 770 788 ut
783 746 895 788 dividat
907 757 1048 788 consensum

206 822 220 851 a
235 810 313 862 gratia
328 821 425 861 prorsus
441 810 549 858 eiusdem
565 809 676 860 entitatis,
692 821 752 861 quae
769 810 795 851 in
806 820 869 856 casu
884 809 1005 850 dissensus
1021 820 1049 851 eo

205 873 257 924 ipso
269 873 375 914 neniam
387 873 447 914 esset
457 872 534 923 gratia
546 872 626 914 efficax
638 883 714 923 neque
726 884 740 913 a
752 872 802 913 Deo
812 872 1049 923 praecognosceretur

204 936 232 976 ut
244 935 306 984 talis,
321 937 361 976 sed
373 936 454 987 potius
464 935 525 977 esset
537 937 560 976 et
572 935 750 987 praevideretur
759 935 837 986 gratia
849 946 907 986 pure
921 934 1045 976 sufficiens.

205 998 343 1049 infallibilis
364 998 466 1040 efficacia
486 998 576 1050 gratiae
598 998 624 1039 in
646 997 783 1044 Molinisrno
806 1010 854 1039 non
877 998 1048 1040 determinetur

204 1062 279 1112 prius,
298 1073 370 1113 quam
394 1062 508 1102 obiective
531 1073 615 1102 veram
636 1062 671 1103 est
693 1061 817 1109 hominem
833 1061 886 1113 ipsi,
906 1062 926 1102 si
942 1062 1046 1110 daretur,

203 1124 278 1176 tibere
295 1136 466 1165 consensurum
480 1136 538 1173 esse,
555 1135 632 1175 neque
648 1125 722 1176 prius,
741 1136 814 1175 quam
830 1126 894 1166 Deus
909 1125 970 1173 hanc
986 1124 1047 1165 veri-

203 1187 277 1228 tatem
302 1187 442 1228 obieetivam
466 1199 509 1239 per
535 1186 657 1229 scientiam
682 1188 787 1229 mediam
810 1188 840 1228 ab
865 1187 958 1229 aeterno
984 1189 1047 1229 certo

203 1250 320 1301 cognorit.
482 1251 486 1259 ’

203 1374 259 1416 597.
279 1374 300 1412 5.
313 1374 404 1412 classis:
418 1376 458 1411 Est
474 1375 607 1421 mysterium
623 1375 680 1416 fidei,
699 1376 782 1411 rationi
798 1375 935 1421 impervium,
954 1377 994 1412 sed
1010 1376 1046 1422 pie

203 1428 337 1463 credendum
349 1427 422 1473 (hodie
432 1437 451 1462 v.
465 1436 484 1472 g.
497 1428 579 1472 Harpen
590 1428 612 1463 Il
619 1427 627 1449 ⁵
638 1437 658 1479 p.
671 1428 721 1474 212).
734 1446 757 1453 -
767 1429 845 1472 Resp.
857 1429 878 1475 a)
889 1429 936 1464 Hoc
947 1427 1045 1471 systema

201 1487 255 1513 non
270 1479 309 1514 est
324 1488 338 1514 a
351 1480 403 1514 Deo
417 1479 578 1520 revelatum,
595 1479 633 1514 sed
648 1480 678 1515 ab
694 1479 849 1515 horninibus
863 1479 1044 1523 excogitatum

202 1530 231 1565 ad
243 1530 374 1575 explicanda
386 1530 407 1565 et
415 1530 474 1566 inter
485 1539 508 1566 se
521 1530 661 1573 concilianda
673 1541 705 1575 ea,
719 1540 776 1576 quae
787 1533 846 1567 Deus
858 1531 968 1568 revelarit.
984 1532 1044 1575 Quae

202 1583 228 1618 de
243 1581 358 1617 infallibili
375 1581 472 1618 efficacia
485 1582 579 1627 gratiae,
596 1591 699 1628 supremo
713 1584 752 1619 Dei
770 1582 873 1625 dominio,
890 1583 981 1629 speciali
997 1583 1045 1619 eius

200 1635 225 1670 in
245 1635 325 1670 electos
344 1634 517 1680 praedilectione
538 1635 576 1670 etc.
599 1634 624 1669 in
642 1634 777 1671 revelatione
797 1644 874 1671 revera
894 1634 1042 1677 continentur,

202 1687 270 1722 etiem
283 1696 297 1721 o
309 1686 428 1722 Mottnt'stte
441 1686 580 1732 explicantur
594 1686 620 1732 (v.
636 1696 656 1723 n.
672 1686 707 1723 640
714 1688 752 1733 ss),
768 1687 789 1723 et
803 1687 891 1732 quidem
903 1687 941 1729 ita,
956 1688 981 1723 ut
994 1696 1044 1725 cum

200 1738 315 1774 voluntate
326 1738 366 1774 Dei
378 1738 478 1774 salvifica
490 1738 511 1775 et
523 1748 574 1774 cum
585 1738 686 1775 libertate
699 1739 800 1775 humana
812 1739 870 1775 clare
883 1739 1045 1785 componantur

162 1807 164 1811 v
203 1791 231 1835 (n.
248 1789 299 1836 639).
317 1790 389 1833 Quare
404 1790 459 1826 haec
475 1790 591 1836 explicatio
607 1791 695 1826 omnino
710 1791 857 1836 praeferenda
872 1792 905 1827 est
920 1791 1042 1836 systemati,

200 1841 260 1886 quod
274 1842 418 1887 explicatione
433 1851 478 1877 non
492 1843 546 1878 data
558 1842 641 1887 refugit
655 1844 684 1879 ad
696 1843 833 1887 mysterium.
848 1862 871 1868 —-
883 1844 905 1889 b)
922 1843 1043 1879 Bafieziani

199 1893 274 1939 potius
288 1893 388 1939 apertam
399 1893 501 1929 statuunt
514 1894 725 1940 repugnantiam
739 1903 807 1940 quam
818 1895 955 1940 mysterium.

199 2079 254 2122 598.
297 2074 448 2126 Scholitrm
468 2082 489 2126 1.
529 2080 574 2122 Del
604 2080 681 2122 Prado
711 2082 740 2123 de
771 2081 850 2133 gratia
874 2082 987 2134 operante
1017 2082 1043 2122 et

201 2144 351 2196 cooperante.

260 2257 378 2293 Norbdet
391 2257 465 2293 Prode
481 2259 504 2294 0.
521 2259 554 2301 P.‚
570 2259 601 2293 De
616 2258 689 2302 gratia
704 2258 725 2293 et
738 2256 808 2293 libero
821 2256 912 2293 arbitrio
930 2257 1041 2304 (Friburgi

198 2308 260 2344 Helv.
275 2308 336 2355 1907),
348 2309 443 2345 maxime
456 2310 466 2345 Ι
477 2319 497 2355 p.
513 2308 611 2346 192-239.
624 2329 647 2335 -
656 2310 734 2345 Frobe.
749 2309 825 2354 Zipoa,
839 2311 862 2346 D.
876 2309 972 2346 Thomas
985 2310 1042 2345 arbi·

198 2360 232 2396 ter
244 2360 406 2397 controversiae
422 2360 528 2407 (Goritiae
545 2360 599 2409 1923)
616 2371 636 2398 n.
655 2360 783 2408 iat—1271).
803 2360 900 2400 tae-175.

267 2464 309 2504 Del
325 2464 402 2505 Prado
418 2464 482 2506 dolet
499 2465 519 2516 (I
535 2466 623 2516 2365s),
641 2465 705 2517 quod
721 2466 828 2514 Atecrez,
846 2465 927 2513 Gener,
945 2466 1041 2506 Gaudia

198 2527 272 2569 altam
286 2528 313 2568 D.
330 2528 435 2569 'thomae
451 2528 555 2569 mentem
571 2539 618 2568 non
633 2529 682 2569 sint
695 2527 803 2569 assecuti.
821 2529 873 2579 lpse
888 2528 992 2569 maxime
1006 2529 1042 2568 De

197 2590 281 2631 Lentos
293 2591 338 2631 sibi
348 2591 419 2641 elegit
431 2591 517 2632 ducem
529 2590 599 2642 atoue
611 2591 643 2632 sic
656 2603 670 2632 a
682 2591 776 2633 tramite
789 2591 949 2642 plurimorum
962 2602 1040 2631 recen-

197 2655 286 2696 tiorum
299 2654 477 2696 'l'homistarum
491 2653 548 2695 satis
561 2654 656 2695 recedit.
670 2678 701 2683 —-
715 2653 833 2705 Negleotis
846 2653 938 2695 actibus
951 2653 1041 2695 remote

197 2718 379 2768 disponentibus
394 2719 424 2759 ad
439 2716 633 2758 iust'iicationem
651 2718 693 2768 (III
708 2719 750 2758 422
764 2716 822 2766 noi.;
837 2717 867 2757 cf.
885 2718 918 2758 ΙΙΙ
933 2718 975 2759 403
990 2717 1038 2758 not.

196 2780 220 2822 et
235 2781 256 2820 ΙΙ
273 2781 307 2832 29)
333 2780 421 2831 gratiae
438 2781 468 2821 ad
485 2779 566 2821 actum
587 2780 690 2821 liberum
713 2779 951 2831 praedeterminantis
973 2791 1041 2831 prae-

197 2844 295 2895 cipuum
319 2844 402 2884 locum
422 2845 488 2886 ridet
510 2845 537 2884 in
560 2843 611 2895 ipso
644 2843 868 2890 iustificationis
900 2843 1037 2891 instante,

196 2908 293 2960 quando
308 2908 371 2948 Deus
386 2908 534 2949 voluntatem
550 2908 672 2959 hueusque
689 2920 703 2949 a
719 2920 744 2949 se
760 2919 867 2949 aversam
884 2909 914 2949 ad
930 2909 1040 2949 intentab-

195 2984 252 3013 nem
266 2972 323 3023 siais
337 2973 525 3023 supernaturalis
539 2973 617 3014 movet
628 2984 671 3024 per
684 2973 779 3014 ectum
792 2972 933 3022 caritatis,
949 2971 1040 3024 quiesi

195 3037 282 3078 ultima
295 3036 417 3087 dispositio
430 3038 461 3078 ad
475 3036 577 3088 gratiam
591 3035 779 3078 sanctificantem
793 3036 816 3077 et
830 3036 901 3077 simul
915 3049 943 3078 ex
956 3037 1039 3077 eadem
