2214 3350
326 213 403 251 Thesis
415 213 446 249 23.
462 212 512 249 Atia
526 213 648 257 systemata
674 221 682 247 ·.
787 245 789 248 .
874 212 911 249 485

67 323 130 364 tione
142 321 338 363 infrustrahiliter
349 320 503 361 connectitur.
517 320 655 361 Inserenda
669 332 711 362 suo
725 321 816 362 decreto
831 338 841 357 <t
850 320 915 361 divi,

67 397 98 426 na
115 384 226 425 voluntas
244 396 293 424 sese
311 384 473 425 accommodat
491 382 607 423 voluntati
625 383 722 432 creatae,
744 391 792 424 non
811 383 914 435 quidem.

67 442 226 500 praevidendo
244 447 318 498 prius,
337 446 395 497 quid
412 446 472 487 esset
488 446 581 487 iactura
598 447 641 486 sub
659 446 803 495 condicione,
822 448 863 488 sed-
881 459 909 487 erc

66 522 109 552 saa
119 511 240 561 infinitate
251 510 403 561 coincidendo
415 510 440 549 in
450 510 553 550 eundern
563 509 659 560 penitus
669 508 756 558 actum,
769 520 840 559 quern
848 510 909 550 face

67 574 102 615 ret
124 573 203 614 creata
222 573 340 621 voluntas,
358 574 378 613 si
395 572 517 613 exsisteret
539 573 569 612 ab
592 571 687 613 aeterno
711 582 766 612 cum
788 571 912 612 voluntate

66 637 171 678 diuina»¹
188 636 318 688 (Manciae,
335 635 601 686 Disputationestheoi.
621 635 649 676 In
664 634 680 675 1.
701 639 712 676 1
733 634 797 675 Sent.
816 634 877 684 disp.
896 636 909 673 3

66 700 91 753 qss
107 704 121 741 3
137 712 159 741 a.
179 703 192 740 8
210 711 233 740 n.
253 699 311 750 170).
336 698 450 739 Divinum
470 698 543 749 igitur
560 698 682 739 decretum
700 697 780 748 aliquo
797 697 864 749 paeto
884 697 909 736 in

66 762 179 814 potestate
193 763 229 804 est
242 763 361 803 humanae
375 761 512 811 voluntatis,
529 761 562 803 ita
576 761 662 811 tamen,
680 762 707 802 ut
722 761 798 802 stante
812 761 855 802 tali
871 761 914 801 ‹ie-⁴

65 826 127 867 creto
142 827 250 866 humana
261 825 371 867 voluntas
386 824 485 866 mininie
501 825 617 876 impedire
633 825 708 875 possit
721 825 774 865 eius
789 823 907 865 eventum.

65 889 154 930 Placito
167 889 296 930 voluntatis
308 889 427 929 humanae
440 888 473 930 ita
485 900 509 929 se
522 888 685 929 accommodat
696 888 768 936 Deus,
782 888 810 928 ut
821 887 909 927 liber-

65 952 108 993 tas
123 951 260 993 salvetur.
281 951 343 992 Fieri
361 951 438 1003 potest
454 952 572 992 eiusmodi
590 951 615 991 in
635 951 706 991 simul
727 950 907 991 determinando

65 1014 248 1056 concomitantia
264 1014 287 1055 et
303 1014 435 1062 eoncordia,
461 1014 517 1064 quia
538 1014 649 1055 voluntas
673 1014 751 1055 creata
776 1013 907 1054 secundum

65 1077 137 1118 totam
153 1088 220 1117 suam
234 1077 346 1118 virtutem
361 1078 384 1118 et
399 1076 561 1117 differentiam
575 1077 661 1127 agendi
677 1077 808 1117 eminenter
824 1083 846 1117 et
860 1078 910 1117 oia

65 1140 159 1180 inoliter
175 1140 307 1180 continetur
322 1139 347 1179 in
360 1139 481 1180 voluntate
498 1139 586 1181 divina.
604 1139 762 1191 laqueatum
779 1150 907 1180 consensus

21 1237 23 1243 ,
64 1202 169 1242 hominis
183 1202 289 1253 procedit
303 1214 317 1242 a
330 1203 386 1249 Deo,
403 1212 474 1242 causa
488 1203 573 1253 prima,
589 1201 699 1243 divinum
715 1203 836 1243 decretum
851 1213 907 1243 eum

63 1264 188 1312 antecedit
201 1275 268 1304 secus
279 1264 306 1304 in
317 1264 434 1315 quantum
447 1264 511 1304 idem
523 1275 652 1305 consensus
665 1277 679 1305 a
690 1265 812 1306 voluntate
823 1265 908 1305 huma-
961 1302 963 1305 .

64 1338 95 1367 na
110 1327 138 1367 ut
153 1337 167 1366 a
184 1336 255 1366 causa
271 1326 374 1367 secunda
391 1326 538 1375 producitur.
556 1327 682 1368 Decretum
701 1327 908 1368 condeterminans

64 1390 143 1430 actum
160 1389 267 1439 primurn
284 1389 423 1439 proximum
439 1401 469 1430 ex
485 1390 551 1441 parte
569 1389 643 1430 solius
659 1390 710 1439 Dei,
730 1401 779 1438 non
794 1403 823 1432 ex
840 1391 908 1442 parte

63 1452 193 1494 voluntatis
209 1453 329 1493 humanae
345 1451 473 1493 constituit.
499 1453 599 1503 Propter
615 1454 751 1494 rrctrtralem
768 1454 908 1495 subordina-

65 1518 153 1556 tionem
171 1522 193 1555 et
212 1516 281 1567 qnasi
299 1516 459 1567 sympathiam
477 1516 576 1556 creatori
595 1516 700 1557 debitam
719 1529 746 1558 eo
766 1517 824 1566 ipso,
842 1517 911 1569 quiid¹

64 1580 127 1619 Deus
143 1578 266 1619 efficaciter
283 1577 375 1628 aliquid
390 1577 449 1627 vult,
468 1576 576 1620 creatura
593 1591 621 1620 ec
638 1580 736 1631 proprio
753 1579 906 1621 inclinatione

65 1649 86 1682 et
99 1642 295 1683 determinatione
309 1642 384 1684 idem
397 1642 469 1691 vuit,
484 1642 595 1694 quamvis
609 1643 701 1683 nullam
714 1643 739 1683 in
755 1652 779 1684 se
792 1643 907 1693 receperit

64 1705 185 1755 praeviam
197 1705 333 1746 motionem.
345 1731 377 1737 -
390 1705 456 1746 Hanc
468 1706 555 1747 decreti
569 1705 784 1747 diviniefficaciam
797 1706 838 1747 alii
853 1706 906 1746 Sco-

64 1768 131 1809 tistae
144 1769 231 1811 vocant
244 1769 376 1819 physicam,
395 1769 436 1809 alii
452 1769 574 1809 moralem.
590 1769 708 1817 Quoniam
724 1769 770 1810 ista
786 1769 906 1810 condeter-

57 1826 162 1871 'minatio
174 1831 232 1872 satis
242 1832 339 1872 obscure
351 1832 374 1872 et
385 1831 522 1882 mysteriose
534 1844 548 1872 a
559 1832 657 1872 Mastrio
670 1831 803 1883 exponitur,
816 1832 906 1871 miran-

64 1895 121 1952 dum
139 1907 187 1936 non
203 1895 245 1943 est,
263 1896 327 1947 quod
343 1895 360 1935 ii
378 1894 497 1944 Scoiistae,
513 1895 555 1944 qui
572 1895 688 1935 maiorem
705 1895 821 1945 appetunt
837 1894 906 1935 elari-

63 1957 142 2007 tatem,
162 1959 204 1999 aut
223 1970 383 1998 «coneursum
401 1958 572 1998 simultanenm
590 1958 850 1998 condeterminontem»
872 1958 906 1999 ita

63 2020 206 2071 concipiunt,
225 2021 251 2061 ut
267 2021 292 2060 in
310 2020 392 2061 ordine
410 2019 555 2061 causalitatis
570 2031 618 2061 non
636 2021 718 2068 minus
734 2021 905 2071 praecedere

63 2083 172 2124 videatur
188 2094 329 2124 consensum
354 2095 438 2135 quam·
448 2083 671 2134 praedeterminatio
689 2085 904 2133 arianonorum,

63 2148 129 2188 aute
145 2159 258 2189 converso
273 2148 397 2189 scientiam
411 2148 517 2188 mediam
533 2147 663 2190 admittunt
678 2149 701 2190 et
717 2149 837 2190 decretum
852 2160 906 2189 cou-

63 2211 225 2254 determinans
241 2224 373 2264 supponere
397 2214 571 2262 praevisionem
596 2213 800 2255 determinationis
822 2214 906 2254 volun-

63 2275 117 2316 tatis
137 2278 228 2319 creatae
249 2277 388 2319 concedunt.
412 2277 451 2319 Sic
473 2277 535 2318 Phil.
558 2278 658 2326 Faber,
679 2278 812 2327 Peneius,
837 2278 911 2329 nugo-

63 2340 206 2383 Gaveilus.
223 2342 253 2382 Hi
267 2344 345 2393 quoad
360 2354 412 2383 rem
427 2343 524 2383 omnino
540 2343 669 2384 Moiinistis
685 2343 824 2384 accensendi
842 2343 904 2384 sunt.

61 2427 92 2434 ——
105 2406 221 2447 Uberiora
234 2408 262 2448 de
276 2407 320 2448 hoc
335 2407 459 2459 systemate
474 2419 496 2447 v.
512 2408 565 2447 Ber.
581 2419 605 2447 n.
619 2409 739 2448 571-575.

62 2528 131 2571 (tlt).⁴
151 2532 179 2571 D.
197 2531 300 2573 Plurimi
323 2531 429 2573 doctores
453 2531 574 2575 sorbonae
597 2532 736 2584 parisiensis
762 2533 903 2583 (icamiam,

61 2592 145 2642 Duroni,
162 2596 258 2644 Hubert,
279 2596 307 2636 Le
321 2596 416 2646 Mopne,
434 2597 556 2648 aniessis
574 2596 722 2648 dalmantii,
739 2597 774 2637 De
791 2587 907 2646 Cotonea

63 2656 180 2710 ToicrneIp
190 2661 242 2712 etc.)
257 2661 362 2701 mediam
374 2661 438 2701 viam
451 2661 591 2712 quaerentes
603 2661 731 2712 systemata
742 2662 903 2711 excoluerunt,

62 2731 121 2770 quae
145 2725 235 2774 passim
261 2723 435 2776 syncretrsmus
459 2727 581 2775 vocantur,
602 2727 657 2768 lieet
675 2726 720 2767 hoe
739 2737 827 2769 nornen
847 2728 905 2779 ipsis

62 2784 227 2829 defensoribus
241 2791 272 2840 (v.
287 2802 309 2840 g.
324 2790 389 2830 Hans
402 2789 418 2829 l.
433 2802 452 2831 c,
468 2792 503 2842 84)
520 2790 650 2842 displiceat.
665 2792 756 2833 Putant
769 2792 835 2834 actus
850 2793 905 2833 dii-

61 2847 204 2892 ficiliores
218 2854 336 2904 requirere
350 2854 451 2903 gratiam
466 2857 499 2895 ah
512 2854 670 2896 intrinseco
685 2855 847 2906 efficacem,
864 2856 905 2894 ia-

62 2911 178 2956 ciliores
190 2917 269 2958 autem
285 2918 344 2958 sine
360 2916 412 2957 tali
429 2919 521 2967 gratia
538 2919 591 2960 fieri
607 2931 682 2970 posse.
706 2919 731 2962 S.
746 2919 860 2968 Alionsus
875 2920 909 2960 de-

61 2972 153 3027 Ligcrio
167 2980 245 3020 ideam
260 2982 417 3032 principalem
434 2973 626 3025 Serbonistarurn
642 2996 710 3027 suam
726 2986 782 3026 iecit
796 2986 819 3027 et
834 2986 909 3036 syste
