2214 3350
179 152 204 190 38
242 154 296 190 Seri.
312 154 390 189 Lari.
407 155 424 190 1.
440 155 471 190 De
486 155 616 191 necessitate
631 155 761 200 gratiaeasl
776 155 840 191 aetus
855 153 966 190 salutares
1043 172 1045 174 ·

179 262 248 310 ritui,
263 262 306 313 qui
321 263 387 304 aolus
402 264 438 304 est
452 275 511 315 opus
526 264 557 304 ad
572 263 673 304 salutem
689 263 818 313 pertinens
834 288 865 293 —-
880 271 933 304 can.
951 261 965 303 5
983 262 1026 312 (Dc

179 324 255 376 lain:
277 326 331 366 Non
349 326 474 367 adsolam
492 326 568 367 iidem
587 326 666 366 rivam
685 325 759 376 gratia
779 325 822 365 Dei
841 324 973 367 necessaria
991 324 1027 364 est

180 388 274 439 (eontra
287 388 405 440 Hermes).
715 389 717 392 ’
879 394 880 397 ’
933 405 935 408 ·
998 394 1000 398 ’

155 505 217 555 'oa
252 513 284 555 11.
304 513 328 555 S.
348 514 477 568 Scriptura.
502 516 522 554 1;
540 512 646 553 Textus
669 511 710 552 ih.
734 511 843 553 tetiam
859 512 922 552 hano
939 512 1026 552 thesim

177 577 292 628 probanti
322 576 347 618 lo
368 576 404 624 15,
425 576 450 617 5:
471 576 546 616 «Sine
564 586 603 615 me
622 574 688 616 ,ninii
706 574 804 626 pateatis
824 575 928 626 facere.»
951 574 1030 626 Atqui*

178 639 283 690 incipere
300 638 525 680 ChristoSalvatori
542 638 644 687 credere,
663 637 768 683 salutern
780 637 923 686 desiderare,
941 637 1026 688 impla

179 702 232 743 rare
246 703 289 743 Dei
304 702 423 743 auxilium
438 700 487 742 ium
503 707 537 741 ert
552 701 645 752 aliquid
660 701 686 741 in
702 699 785 741 ordine
802 701 892 750 salutis,
910 701 982 752 idque
998 712 1025 742 eo

179 765 277 806 maioris
292 763 414 812 momenti,
431 764 496 814 quod
511 763 608 805 testas.
626 763 715 804 Paulo
731 764 756 803 in
773 764 817 804 hoo
833 764 917 805 ordine
932 775 1026 804 nonen

177 827 296 878 operibus,
313 827 354 868 sed
369 838 398 867 ecc
412 827 462 878 fide
476 826 645 877 iustificantur
661 826 724 878 Ergo
737 838 816 877 neque
830 828 875 868 hoo
888 838 950 878 opus
964 827 1026 868 salu-

178 891 228 931 tare
243 900 371 940 possumus
387 889 439 930 sine
456 888 550 930 Christo
565 890 650 930 faeere.
669 889 776 931 Verbum
795 889 908 940 «facere»
927 890 1027 930 omnino

176 952 318 1003 generaliter
327 952 419 993 dietum
430 963 486 993 sane
497 963 545 992 non
555 952 591 993 est
600 952 793 1009 restringendum
805 954 836 993 ad
845 960 918 1004 opera
928 952 1026 994 externa

177 1026 261 1066 neque,
278 1015 305 1056 ut
319 1014 353 1055 th.
371 1018 382 1056 l
401 1015 434 1066 (n.
451 1014 507 1066 40³)
525 1014 647 1055 ostensum
662 1015 705 1064 est,
721 1015 751 1056 ad
768 1015 830 1056 solos
845 1014 914 1056 aetus
928 1015 1026 1066 canate

178 1078 299 1118 formatos.
317 1103 349 1108 -
366 1079 380 1118 2
400 1077 446 1120 Cor
465 1077 487 1124 3,
507 1076 532 1119 5:
551 1078 632 1128 Neque
650 1078 682 1118 ad
701 1078 868 1128 cogitationem
886 1078 1024 1127 salinarem,¹

177 1138 238 1192 quae
254 1140 364 1181 versatur
386 1139 449 1181 circa
470 1141 547 1192 sidern
570 1139 707 1189 salvatoris,
726 1140 873 1182 desiderium
896 1140 980 1181 salutis
1002 1141 1026 1181 et

177 1203 370 1254 implorationem
392 1202 487 1244 divinae
507 1202 705 1252 clementiaaea
724 1204 794 1244 nobis
814 1203 896 1244 idonei
916 1205 1023 1244 sumus¹.

176 1291 208 1297 -
222 1265 273 1307 Phil
289 1267 311 1313 2,
331 1266 368 1306 122
384 1266 449 1307 Deus
464 1266 577 1316 operatur
592 1265 617 1305 in
634 1266 703 1307 nobis
719 1267 786 1315 veile,
804 1278 861 1317 ergo
875 1267 948 1307 etiam
964 1267 1012 1320 oeli

175 1328 272 1379 salvari,
289 1328 350 1369 velle
366 1329 469 1377 eredere,
486 1324 547 1369 'velle
564 1340 679 1379 quaerere
694 1329 816 1370 medicum
832 1329 977 1377 animarum
994 1320 1026 1361 ¹-

178 1392 199 1439 1,
215 1392 245 1432 62¹
257 1390 317 1442 «qui
333 1391 409 1442 coepit
425 1392 451 1431 in
465 1391 532 1432 vobis
548 1403 608 1442 opus
623 1392 741 1432 honum».
758 1417 789 1422 -—
802 1391 854 1444 Epir
869 1391 891 1440 2,
912 1392 986 1449 l-lo
1001 1393 1026 1434 et

175 1454 267 1496 similes
288 1454 367 1496 textus
387 1452 517 1495 ostendunt
538 1455 677 1505 exemplum
699 1455 789 1505 aeproti
811 1455 931 1495 medicum
955 1455 1025 1497 adro-

176 1516 253 1558 cantis
267 1528 316 1557 non
331 1516 389 1557 satis
404 1515 487 1567 aptum
502 1527 560 1565 esse,
577 1528 633 1558 oum
649 1516 757 1568 peooetor
772 1517 903 1559 salvandus
918 1518 948 1559 ab
964 1518 1025 1569 Apo

177 1579 238 1620 siolo
249 1579 330 1630 potius
337 1579 492 1630 comparetur
503 1585 604 1629 artenao,
619 1581 661 1631 qui
674 1580 735 1621 nihil
748 1580 825 1632 polest
836 1581 869 1621 ad
880 1590 949 1622 suam
962 1592 1025 1622 resu⁴

177 1641 325 1692 saltationem
348 1642 463 1690 conterre,
488 1643 511 1683 et
534 1653 623 1683 munus
647 1642 736 1694 gratiae
759 1642 927 1694 aequiparetur
950 1655 1025 1684 nouae

178 1705 292 1745 creationi
305 1710 328 1745 et
341 1705 495 1755 penerationi
512 1706 543 1747 ad
558 1717 631 1757 quam
646 1706 765 1747 creandus
777 1706 816 1747 vel
831 1707 1026 1757 generandusex

177 1779 202 1808 se
217 1779 265 1808 non
282 1767 359 1818 potest
371 1779 399 1816 se
415 1769 581 1819 praeparare².

178 1893 218 1934 64.
255 1896 276 1934 2.
300 1892 364 1940 loo,
382 1893 422 1933 44:
448 1894 531 1947 Οὐδεὶς
549 1895 645 1936 ὁύναται
664 1894 743 1952 ἐλθεῖν
763 1895 822 1948 πρός
841 1909 879 1946 με,
899 1896 942 1937 ἐὰν
960 1898 992 1953 μὴ
1012 1897 1025 1936 ὁ

175 1958 251 2012 πατὴρ
264 1956 429 2010 ὁπέμψαςμε
442 1957 528 2011 ἑλκύσῃ
542 1958 663 2001 αὐτόν.-
688 1956 731 1998 Hie
758 1956 907 1998 affinnaturs
933 1957 956 2008 a)
984 1958 1025 1999 An

177 2019 278 2058 iidem:
301 2030 324 2057 v.
344 2021 401 2058 65s:
434 2020 499 2060 «Sed
517 2020 574 2061 sunt
590 2020 692 2071 quidam
709 2031 738 2060 ea
756 2018 831 2068 vobis,
851 2020 959 2070 quinon
977 2032 1025 2060 cre.

237 2150 246 2170 1
261 2148 286 2183 V.
304 2146 520 2192 argumentationem
537 2146 557 2183 S.
568 2144 731 2190 Augustini,
749 2146 781 2181 De
798 2144 872 2189 praeci.
890 2146 1025 2182 Sanctorum

176 2194 194 2238 2,
212 2195 224 2231 5
241 2193 291 2238 (ML
308 2193 337 2234 44,
355 2192 416 2236 noas
433 2193 452 2229 R
470 2191 538 2237 naut:
566 2190 666 2228 «Nullus
683 2191 763 2237 quippe
781 2191 851 2233 credit
868 2190 960 2236 aliquid,
979 2191 1024 2227 nisi

176 2240 240 2286 prius
257 2240 387 2283 oppilaverit
404 2247 452 2275 esse
470 2238 645 2274 credendum...
666 2237 727 2281 Quod
745 2246 798 2282 ergo
815 2237 912 2283 pertinet
929 2238 958 2273 ad
974 2237 1025 2273 reli-

177 2286 267 2332 gionem
283 2285 348 2330 atque
363 2285 495 2330 pietatem..
505 2311 524 2326 .‚
542 2284 562 2320 si
577 2292 623 2319 non
639 2292 718 2320 sumus
733 2283 809 2320 idonei
825 2284 923 2328 copitare
940 2283 1026 2328 aliquid

177 2332 242 2377 quasi
262 2341 288 2367 ex
306 2331 527 2376 nobismetipsis...‚
554 2329 653 2375 prolecto
673 2338 718 2376 non
737 2338 815 2366 sumus
841 2330 917 2365 idonei
937 2331 1024 2366 credere

176 2374 264 2423 aliquid
283 2377 348 2422 quasi
369 2387 394 2413 ex
413 2376 585 2422 nobismetipsis,
607 2377 667 2421 quod
687 2376 734 2411 sine
755 2375 889 2420 cogitatione
910 2384 957 2411 non
975 2384 1025 2422 pos-

176 2433 282 2460 sumus.»
820 2431 822 2433 '

248 2483 258 2508 2
274 2482 323 2517 v.8
337 2482 435 2519 «Gratia
451 2482 510 2518 enim
527 2482 579 2518 estis
596 2482 678 2518 salvati
694 2491 734 2528 per
750 2481 823 2525 fidem,
839 2481 864 2518 'et
879 2481 921 2517 hoc
937 2490 983 2517 non
1000 2491 1026 2518 ex

176 2529 246 2571 vobis;
258 2528 298 2564 Dei
311 2529 370 2563 enim
383 2530 466 2564 donum
478 2529 511 2565 est
520 2540 538 2570 a,
552 2536 597 2563 non
610 2528 664 2564 dieii
676 2537 784 2573 expresse,
799 2527 870 2572 iidem,
885 2527 924 2563 sed
936 2527 1022 2573 potius:

178 2583 225 2619 esse
238 2573 335 2609 satiatos
347 2582 387 2618 per
398 2573 465 2619 tidem
477 2584 525 2611 esse
538 2575 621 2610 donum
633 2574 686 2611 Dei·
694 2575 769 2619 Neque
782 2574 860 2610 exinde
873 2574 933 2609 certo
946 2574 1025 2611 deduci

175 2629 240 2666 posse
251 2620 338 2656 videtur
350 2620 416 2656 fidem
428 2621 553 2656 necessario
566 2630 579 2656 a
589 2621 635 2656 Deo
648 2620 704 2664 darn
716 2629 770 2656 nam
782 2619 841 2655 ratio
854 2620 940 2664 pratiae
952 2620 1025 2665 potest

175 2667 201 2702 in
211 2666 252 2701 hoo
264 2666 331 2707 cerni,
344 2667 402 2711 quod
413 2668 472 2702 Deus
483 2675 533 2703 eam
546 2666 697 2702 oeconomiam
709 2666 789 2702 salutis
801 2665 934 2710 instituerit
944 2667 967 2701 in
980 2675 1025 2711 qua

176 2711 304 2755 iustificatio
321 2720 366 2746 non
382 2712 482 2748 redditur
498 2714 524 2748 ut
538 2721 623 2747 merces
640 2720 738 2757 operam,
756 2712 796 2748 sed
813 2712 910 2748 donator
927 2711 1025 2747 credenti

175 2757 201 2793 in
214 2756 374 2794 laetificantem
387 2759 464 2794 Deum.
479 2758 523 2794 Per
537 2757 594 2794 hano
611 2770 622 2791 a
631 2758 701 2802 tepent
716 2758 767 2803 {idei
776 2771 787 2790 »
803 2757 850 2793 loeo
868 2771 878 2790 u
887 2758 942 2802 lepis
957 2758 1025 2801 tacto-

177 2812 245 2849 ram-p
259 2813 273 2839 a
284 2804 330 2839 Deo
341 2803 450 2839 statutam
461 2803 565 2849 gloriatio
577 2804 679 2841 humana
691 2803 780 2840 exclusa
793 2804 825 2839 est
839 2804 904 2848 (Rom
915 2802 933 2847 3,
946 2803 985 2849 27).
1000 2826 1026 2831 -

176 2849 246 2896 Aliter
258 2849 317 2884 huno
328 2858 418 2884 uersum
430 2850 540 2895 explicant
551 2850 612 2892 Prot,
626 2850 665 2886 Th.
680 2851 705 2887 de
718 2851 738 2886 S.
753 2849 817 2893 Paul,
831 2851 869 2885 11⁷
882 2850 944 2892 2893
958 2851 1022 2887 Willa.

176 2894 297 2939 Reinliarci,
310 2896 355 2930 nas
366 2895 459 2931 Wirken
470 2896 508 2932 des
520 2896 555 2931 Hl.
568 2896 655 2932 Geistes
665 2896 697 2931 im
708 2896 829 2932 Mensohen
841 2896 899 2931 nach
911 2896 954 2932 den
966 2896 1025 2931 Brie-

176 2942 215 2976 ten
230 2941 268 2977 des
282 2941 321 2986 Ap.
338 2939 424 2975 Paulus
440 2940 512 2987 (1918),
529 2940 581 2977 liiss
592 2942 617 2977 vei
632 2942 656 2976 A.
673 2942 818 2985 ,Lomonaper·,
834 2942 903 2977 DdTh
918 2941 935 2984 8,
951 2941 1023 2978 eonas.
