2214 3350
178 201 214 239 155
357 201 411 238 Sect.
429 202 457 237 II.
475 200 520 236 Art.
539 201 555 236 1.
573 202 603 236 De
620 199 742 245 gratuitate
759 199 844 244 gratiae

176 311 226 351 iam
237 310 404 351 antecedenter
414 309 522 358 habetur,
536 310 576 350 sed
589 309 667 350 solum
680 314 751 356 cavet,
764 318 795 347 ae
807 308 851 347 ista
863 306 1025 357 infallibiliter

177 372 228 414 suls
243 374 346 424 peccatis
362 373 467 421 collatae·
483 384 531 413 non
548 372 615 422 ponit
631 372 663 420 id,
681 371 745 421 quod
762 369 906 411 determinat
922 368 1025 410 collatio

177 448 233 476 nem
244 435 342 487 gratiae,
356 437 397 477 sed
407 435 495 494 omittit
506 445 600 486 ponere,
614 435 679 485 quod
691 432 770 484 posse-t
780 432 832 473 eius
844 431 1024 483 denegationem

178 498 345 540 determinare.

177 625 233 665 234.
271 625 295 665 C.
310 625 378 674 Quod
390 624 454 664 Deus
465 621 580 672 ingratia
592 621 759 662 distribuenda
771 619 923 671 aliquatenus
935 621 1025 671 respi-

178 687 236 727 ciat
261 688 295 727 ad
322 686 458 726 maiorem
484 684 511 725 et
538 684 677 724 minorem
705 682 921 734 indignitatem,
951 694 1024 734 qnam

177 749 254 790 libera
269 748 374 789 hominis
390 747 500 789 voluntas
515 747 602 795 censet,
620 746 717 788 videtur
731 745 831 787 omnino
847 744 953 786 rationi
970 758 1024 787 con-

178 824 271 859 sonam,
289 810 470 862 experientia
486 810 615 861 probatum
632 810 657 851 et
674 809 726 860 ipsa
742 808 919 850 revelatione
938 809 1025 850 contir-

177 875 277 915 matum.
294 874 318 914 S.
334 875 432 922 Paulus,
448 872 490 925 qui
506 890 516 909 <z
526 873 604 913 adhuc
620 873 715 924 spirans
728 872 851 913 minarum
867 873 890 914 et
905 872 983 913 caedis
998 873 1023 912 in

177 939 307 990 discipulos
321 937 418 979 Domini
426 942 436 974 1
455 938 508 990 (Act
521 940 543 986 9,
561 938 581 989 1)
598 937 716 978 miraculo
730 935 821 988 gratiae
835 936 914 978 sabito
929 948 1025 978 conver-

176 994 271 1049 515111,
288 1001 395 1052 aliquam
409 1000 569 1042 nihilominus
581 1000 699 1041 rationem
714 999 858 1049 manifestat,
876 1012 938 1051 quae
951 1000 1024 1041 maio-

176 1076 227 1105 rem
241 1064 408 1115 indignitatem
422 1062 584 1115 prohibuerit:
604 1062 813 1104 «Misericordiam
827 1062 870 1104 Dei
885 1063 1024 1104 consecutus

175 1140 238 1175 snm,
255 1127 312 1178 quia
328 1126 383 1182 (ὅτι)
398 1126 511 1176 ignorans
526 1127 572 1167 teci
588 1126 613 1166 in
629 1125 813 1167 incredulitate»
832 1127 852 1177 (1
870 1126 924 1166 Tim
940 1129 960 1175 1,
977 1127 1022 1174 13),

175 1190 199 1231 11
211 1190 320 1231 Christus
333 1190 357 1229 in
371 1201 439 1230 cruce
451 1188 515 1229 orat:
535 1188 630 1237 «Pater,
646 1188 738 1229 dimitte
752 1188 808 1237 illis;
823 1200 871 1229 non
885 1189 950 1229 enirn
959 1189 1025 1244 (γάρ)

176 1252 261 1301 sciunt,
277 1252 337 1303 quid
352 1251 460 1292 iaciunt»
480 1252 537 1303 (Luc
551 1253 586 1299 23,
602 1251 648 1302 34).

238 1339 261 1375 Si
276 1338 342 1373 homo
360 1338 440 1374 semel
457 1347 503 1373 non
516 1327 580 1381 iacit,
598 1338 657 1383 quod
674 1338 698 1373 in
715 1348 738 1373 se
755 1338 794 1381 est,
813 1337 938 1373 mortaliter
955 1337 1024 1374 delin-

174 1392 268 1437 quendo,
295 1392 404 1436 quantum
419 1392 447 1428 ad
460 1392 559 1437 rigorem
572 1391 672 1427 iustitiae
687 1400 713 1427 aa
727 1401 774 1427 sese
789 1393 921 1437 perpetuam
938 1391 1023 1436 prattae

174 1445 359 1490 impedimentum
377 1446 459 1490 posuit·
476 1455 529 1482 nam
548 1446 595 1481 suis
612 1446 698 1482 viribus
721 1455 765 1491 pro
786 1446 875 1491 peccato
894 1445 1023 1482 satisfacere

176 1499 266 1543 eiusque
283 1499 437 1535 remissionem
453 1499 552 1535 obtinere
568 1508 614 1535 non
628 1500 706 1546 potest.
724 1500 752 1535 At
768 1509 846 1545 reapse
862 1498 966 1535 voluntas
982 1499 1023 1535 Dei

175 1551 275 1588 salvifica
290 1552 360 1588 multo
376 1552 472 1598 amplius
488 1552 619 1596 extenditur,
637 1553 683 1590 scii.
701 1562 771 1598 usque
787 1553 817 1588 acl
831 1553 1022 1598 impoenitentiam

175 1606 266 1650 finalem
276 1605 380 1641 hominis.
394 1607 452 1642 Dens
465 1606 573 1651 quamdiu
585 1615 634 1642 eum
647 1607 672 1642 in
683 1606 744 1642 statu
756 1607 806 1643 viae
818 1607 931 1652 relinquit,
942 1599 965 1642 'ei
977 1616 1023 1642 non

175 1659 271 1703 denegat
282 1659 359 1695 omnia
371 1660 461 1704 auxilia,
472 1660 555 1700 ,saltem
567 1660 652 1696 ordinis
664 1659 783 1702 naturalis,
797 1660 877 1706 quibus
889 1660 955 1696 homo
967 1661 1023 1697 hene

174 1712 257 1748 utendo
274 1713 340 1757 atque
357 1713 389 1749 sic
405 1713 514 1757 faciendo,
534 1714 592 1759 quod
608 1714 633 1750 in
650 1723 673 1749 se
691 1714 730 1757 est,
748 1714 898 1759 infallibiliter
915 1714 1021 1750 ulteriora

175 1765 289 1800 adiutoria
308 1775 334 1802 ao
353 1766 444 1803 tandem
464 1767 532 1803 etiam
551 1767 734 1812 supernaturalia
753 1768 774 1803 et
794 1768 823 1804 ad
842 1767 1023 1804 iustificationem

175 1819 274 1864 proxime
288 1819 421 1855 sufficientia
433 1820 523 1856 habebit
539 1821 565 1866 (v.
581 1821 610 1856 th.
626 1822 650 1858 25
664 1822 684 1856 et
697 1821 780 1857 Saarar
793 1820 807 1856 1.
821 1822 834 1857 1
846 1831 893 1867 cap.
910 1821 933 1857 111
945 1831 966 1857 n¹
981 1820 1021 1868 21).

176 1935 231 1977 235.
267 1934 326 1987 Arg.
343 1935 374 1977 II.
397 1935 433 1977 Ex
448 1935 576 1976 traditione
592 1935 642 1976 sive
658 1946 688 1976 ex
702 1934 803 1976 historia
817 1935 886 1977 huius
904 1935 1022 1988 quaesite

174 2000 220 2041 nis.
236 2000 353 2040 Nolumus
368 2000 470 2050 probare
483 2000 545 2040 hano
554 1999 682 2045 'veritatem
697 2011 791 2051 semper
805 1999 830 2039 in
845 1999 955 2052 explicita
969 2012 1023 2052 prot

175 2064 277 2105 sessione
290 2064 407 2105 Ecclesiae
420 2064 500 2113 tuisse,
514 2075 598 2115 neque,
614 2065 678 2115 quod
691 2065 784 2105 Lessias
798 2064 926 2114 contendit,
940 2076 1024 2105 omnes

175 2128 307 2175 moraliter,
317 2128 473 2169 scholasticos
490 2128 539 2169 iarn
557 2141 570 2169 a
588 2127 725 2180 quingentis
743 2128 813 2169 annis
829 2129 926 2178 axioma
942 2125 1040 2170 nostro

176 2205 247 2234 sensu
264 2193 408 2233 intellexisse
434 2193 476 2244 (De
493 2199 553 2244 prat.
573 2194 613 2245 eft.
632 2194 734 2244 append.
759 2194 790 2234 ad
814 2205 865 2245 cap.
885 2196 918 2242 10,
943 2206 967 2234 n.
985 2197 1021 2243 243

175 2259 205 2299 ct.
222 2258 299 2299 Palm.
316 2269 370 2309 pag.
387 2257 463 2308 30211.
482 2258 528 2299 Sed
544 2257 657 2299 historica
671 2259 858 2300 consideratione
873 2258 1017 2300 ostenditur:

175 2326 195 2362 1.
210 2322 370 2373 Principia,
384 2322 497 2374 equibus
510 2322 615 2363 nostram
630 2321 771 2364 sententiam
786 2322 937 2371 deduximus,
953 2334 1023 2365 sem-

175 2397 225 2437 per
239 2386 267 2426 in
282 2385 411 2428 Ecclesia
424 2385 591 2438 viguerunt.
606 2413 638 2419 *
652 2389 673 2427 2,
690 2386 782 2438 Magis
797 2387 944 2438 magisque
961 2387 1026 2429 inter

175 2451 264 2491 multas
281 2452 427 2492 deviationes
445 2452 476 2492 ad
494 2451 603 2492 dextram
622 2453 645 2493 et
663 2452 693 2492 ad
712 2451 834 2493 sinistram
853 2452 1022 2502 perventum

175 2516 218 2556 est
232 2516 266 2555 ad
280 2516 408 2557 nostram
423 2516 594 2558 sententiam
610 2517 734 2567 tamquam
750 2518 781 2557 ad
797 2517 919 2558 mediam
934 2517 1022 2565 viam,

175 2579 238 2620 inter
253 2580 375 2631 oppositos
390 2592 482 2621 errores
499 2581 557 2621 satis
574 2580 708 2631 angustam,
727 2593 790 2633 quae
805 2575 888 2623 amnia
906 2582 1024 2624 servanda

175 2643 268 2695 egregie
286 2646 363 2686 servat
379 2645 450 2696 atque
468 2645 587 2697 imprimis
605 2658 661 2687 cnm
678 2645 808 2697 perfectam
826 2646 916 2697 gratiae
934 2648 1023 2698 gratui-

174 2709 247 2750 tatem
270 2708 322 2749 tum
345 2710 419 2750 seriae
441 2710 571 2751 voluntatis
594 2710 716 2752 salvificae
739 2710 951 2752 universalitatem.
976 2713 1022 2761 Qui

175 2785 232 2815 vero
245 2774 274 2814 ab
289 2775 333 2814 hoo
348 2774 443 2816 tramite
455 2776 612 2824 deflexerunt,
629 2774 769 2817 alterutram
783 2787 813 2817 ex
826 2776 866 2817 his
879 2776 949 2817 certis
962 2779 1024 2818 veri-

175 2838 265 2878 tatibus
276 2849 324 2878 non
337 2837 466 2888 potuerant
477 2838 611 2889 relinquere
624 2840 750 2890 integram.
763 2842 824 2891 Ergo
838 2840 919 2881 nostra
932 2842 1025 2882 senten-

176 2903 208 2943 tia
229 2902 330 2943 dicenda
350 2902 386 2943 est
405 2903 531 2953 diuturnae
552 2904 575 2945 et
594 2904 801 2946 vicissitudinibus
821 2906 905 2955 plenae
927 2907 1025 2947 evolu-

176 2967 265 3007 tionis
283 2966 432 3017 legitimus
450 2967 602 3009 terminus.
