2214 3350
170 161 269 211 *Thesis
287 160 316 198 22.
337 160 440 205 systema
456 157 705 205 praedeterminationis
720 157 826 203 physicae
899 154 936 192 459

86 269 251 321 indifferentia
274 268 370 320 passiva
388 270 414 309 in
430 267 533 308 activam
553 276 606 306 earn
625 265 746 315 transfert·
777 264 935 319 (hnicraliter

85 332 161 387 allicit
176 332 330 374 detenninate
346 332 377 373 ad
392 331 492 379 honum3
517 330 537 384 y)
554 327 668 370 electione
682 328 756 375 unius
769 327 864 368 ordinis
877 338 934 378 prae

87 396 142 437 eliis
156 396 311 450 possibilibus
324 397 389 436 Deus
403 395 497 445 primus
512 393 656 433 determinat
664 393 735 431 'hunc
750 391 829 432 actum
842 391 934 431 bonum

88 459 195 501 absolate
210 459 319 509 saturnin
335 470 384 499 esse
397 469 454 510 prae
470 457 525 498 aliis
539 456 633 496 actibus
647 454 802 506 possibilibus
816 455 839 495 et
855 454 934 495 condi-

86 521 178 564 cionate
201 522 297 563 futuris.
321 522 387 563 Hanc
410 519 692 572 praedeterminationem
719 516 825 558 divinam
850 527 934 557 vocare

87 585 236 638 physicam
248 584 345 626 eatenus
357 583 418 633 licet,
434 582 552 634 quatenus
566 583 597 623 ad
611 594 647 631 ea,
661 592 722 633 quae
736 579 816 621 actum
831 581 935 620 liberum

87 649 176 690 remote
190 648 228 689 vel
242 648 349 700 proxime
364 653 515 702 praeparant,
531 647 596 687 Deus
607 645 706 697 physice
720 645 832 695 operatur
846 645 870 684 ei
884 655 935 684 cco-

86 712 190 765 peratur.
206 736 239 743 —
253 712 276 762 d)
294 712 371 753 Multo
385 711 462 761 magis
477 711 501 752 et
515 709 670 751 excellentius
684 709 742 749 haec
757 707 840 748 omnia
855 706 936 748 valent

87 777 113 816 in
127 775 227 816 ordine
242 775 361 826 gratiae,
377 774 402 815 in
417 785 463 826 quo
479 772 544 814 solus
558 774 624 814 Deus
635 770 803 823 permanentes
816 766 934 821 potentias

88 838 280 889 supernaturales
303 838 413 888 producit
429 837 453 878 et
469 836 599 885 conservat,
626 847 669 887 per
692 835 787 876 easdem
811 834 934 875 hominem

86 901 242 943 habitualiler
255 902 280 942 iu
293 902 386 942 bonum
398 900 500 942 salutare
513 901 621 949 inclinat,
638 897 808 940 indeliberatas
822 896 935 949 cognitio-

87 975 129 1006 nes
140 965 163 1005 et
171 964 316 1013 affectiones,
330 975 390 1015 quas
400 976 443 1015 par
453 963 632 1014 prorridentiani
641 962 734 1003 ordinis
745 961 934 1013 supernaturalis

86 1028 191 1076 adducit,
210 1040 252 1078 per
268 1038 409 1068 concursum
427 1027 555 1077 specialem
578 1026 658 1067 reddit
681 1025 802 1067 entitative
820 1036 933 1076 superna-

87 1091 182 1139 turales,
203 1090 226 1131 et
244 1102 286 1141 per
304 1091 347 1136 has
365 1091 515 1130 irnniecliatcs
534 1089 704 1129 illustrationes
724 1095 746 1129 et
764 1089 932 1140 inspirationes

87 1154 176 1205 gratiae
188 1153 313 1194 excitantis
324 1153 373 1193 sive
386 1151 562 1204 praevenientis
573 1151 721 1193 voluntatem
735 1152 857 1192 adactum
872 1151 932 1191 salu-

32 1231 33 1238 *
87 1216 162 1258 tarem
181 1227 229 1257 non
248 1216 326 1256 solum
344 1216 465 1256 moraliter
485 1216 596 1255 sollicitat
614 1221 637 1255 et
655 1216 779 1265 confortat,
801 1215 843 1254 sed
861 1214 933 1254 etiam

86 1279 184 1330 physice
197 1280 273 1319 eleuat
286 1279 308 1319 et
321 1279 354 1320 sic
365 1279 475 1329 prosince
487 1284 610 1329 potentem
622 1277 701 1318 recidit
714 1278 753 1330 (ct.
768 1279 787 1318 P
801 1280 842 1318 260
856 1277 933 1327 265s).

87 1399 142 1442 584,
178 1402 247 1441 Hisce
278 1401 394 1441 concessis
423 1411 560 1450 negemus
591 1399 935 1450 praedeterminaiionem

87 1464 236 1514 physicam
252 1464 321 1503 inodo
341 1464 487 1504 banneriano
504 1469 643 1513 conceptam
660 1463 724 1503 circa
740 1462 829 1503 liberos
845 1462 935 1503 creatu-

87 1536 170 1565 rarum
192 1525 259 1565 actus
282 1526 365 1566 haberi
384 1526 406 1566 et
423 1537 466 1576 per
481 1525 599 1567 eiusmodi
618 1524 725 1566 indolem
749 1526 859 1576 gratiae
884 1527 935 1567 eius

87 1588 251 1628 efficaciam
272 1588 333 1628 recte
354 1588 507 1639 explicari;
529 1589 602 1638 idque
624 1589 806 1639 praesertim,
827 1601 877 1629 non
897 1601 935 1629 en-

87 1653 159 1692 clasis
173 1652 227 1692 aliis
242 1651 373 1692 rationibus
387 1652 457 1692 valde
472 1652 614 1702 urgentibus
630 1653 661 1703 (r.
678 1665 700 1703 g.
716 1652 810 1694 tollitur
823 1652 935 1693 voluntas

87 1714 196 1756 saluifica
218 1714 367 1763 universalis,
393 1714 485 1755 deletur
508 1725 562 1764 spes
585 1713 723 1762 christiana,
748 1713 850 1756 efficitur
870 1715 934 1755 Deus

87 1777 169 1818 auctor
183 1777 280 1827 peccati;
294 1790 317 1817 r.
334 1779 351 1817 P
369 1778 390 1817 ΙΙ
405 1789 442 1827 pr.
459 1781 512 1825 38s;
528 1779 582 1818 Ber.
598 1779 730 1829 iac-559),
748 1779 812 1829 quod
830 1779 863 1818 sic
877 1789 934 1818 non

88 1839 159 1882 satis
176 1839 308 1881 servatur
330 1865 362 1872 -
385 1840 492 1880 servatur
509 1840 609 1891 quidem
627 1841 706 1891 quoad
721 1841 796 1886 ,cerba
815 1841 840 1882 et
854 1842 934 1892 quoad

88 1905 205 1944 sinceram
231 1904 422 1945 adversariorum
446 1905 604 1944 intentionenr
630 1905 741 1945 servandi
760 1905 851 1953 omnia,
872 1915 934 1954 quae

87 1967 193 2007 Ecclesia
210 1967 285 2015 dccet3
304 1968 344 2008 sed
363 1967 442 2007 nostro
467 1967 556 2008 iudicio
579 1979 628 2007 non
652 1968 760 2008 servatur
778 1969 932 2019 praeirent,

87 2030 145 2081 quia
166 2041 195 2070 ea
218 2030 361 2078 statuuntur,
380 2043 392 2071 e
409 2030 497 2081 quibus
514 2030 633 2071 contraria
655 2030 730 2082 logice
754 2031 887 2082 sequuntur
904 2055 936 2063 ›-

87 2106 153 2135 vera
179 2093 497 2145 sufficientiavgratiae
521 2105 592 2146 pure
619 2093 799 2136 sufficientis
821 2096 845 2136 et
868 2106 936 2136 vera

87 2157 210 2204 libertas
227 2158 344 2199 arbitrii
357 2157 458 2209 gratia
478 2158 596 2199 efficaci
616 2154 697 2208 moti,
718 2160 790 2210 prout
809 2159 868 2200 haec
888 2159 936 2199 duo

87 2220 121 2260 th.
134 2223 161 2261 20
174 2233 186 2261 e
199 2221 306 2261 lontibus
317 2221 473 2272 probavimus
484 2222 508 2263 et
519 2220 624 2263 Ecclesia
636 2221 718 2263 contra
729 2222 867 2271 haereticos,
880 2224 935 2263 Pro-

88 2282 200 2324 testantes
213 2284 236 2325 et
248 2284 398 2333 Ismenides,
413 2284 511 2325 tutatur.

88 2394 143 2438 585.
180 2398 310 2439 Nobiscum
324 2398 482 2440 adversantur
495 2398 746 2450 praedeterminationi
759 2401 871 2451 physicae
886 2411 935 2440 om-

87 2471 130 2501 nes
147 2462 291 2512 Motintstce,
312 2463 473 2514 concreatae,
494 2463 671 2513 Anpnstiniani
690 2463 797 2514 plerique
817 2463 935 2514 Syncreti-

88 2529 137 2563 stae
151 2535 243 2566 necnon
264 2532 300 2566 sat
319 2526 390 2566 ninlti
409 2528 570 2576 Dominicani,
592 2527 634 2577 qui
654 2521 936 2577 praedeterminaticnern

87 2588 205 2628 rnoraleni
221 2589 328 2630 statuunt
349 2589 387 2630 rel
409 2589 481 2629 etiarn
497 2589 622 2641 physicam
644 2589 730 2630 acriter
751 2589 896 2642 impugnant
909 2591 936 2631 ut

89 2650 204 2702 Georgius
224 2654 307 2694 Franc.
331 2652 476 2693 Alhertini
502 2654 526 2705 (t
544 2653 616 2701 1810).
640 2652 715 2694 Nobis
736 2664 878 2703 persuasum
901 2654 936 2695 est

88 2713 159 2754 etiam
185 2716 209 2756 S.
230 2717 249 2756 T
255 2717 364 2756 hornam
389 2714 477 2756 reicere
503 2716 785 2767 praedeterminationem
811 2718 936 2768 physicam

87 2776 186 2818 actuum
200 2778 331 2820 liberorum
347 2780 377 2831 (r.
394 2779 466 2820 schol.
483 2782 535 2820 211.
553 2782 593 2821 600
601 2779 641 2830 ss).

157 2866 178 2904 4.
193 2863 353 2914 Qualiiicaiio.
367 2864 452 2905 Thesis
464 2866 534 2906 nobis
546 2865 642 2906 videtur
654 2866 741 2915 certa,
756 2867 797 2908 sed
811 2877 936 2907 censuram

89 2922 246 2977 theologicam
260 2939 308 2969 non
321 2928 407 2968 damus
422 2928 461 2980 (ci.
475 2929 509 2969 Dr
523 2929 596 2980 1090).
