<?xml version="1.0" encoding="UTF-8"?>
<!DOCTYPE html PUBLIC "-//W3C//DTD XHTML 1.0 Transitional//EN"
    "http://www.w3.org/TR/xhtml1/DTD/xhtml1-transitional.dtd">
<html xmlns="http://www.w3.org/1999/xhtml" xml:lang="en" lang="en">
 <head>
  <title>
</title>
<meta http-equiv="Content-Type" content="text/html;charset=utf-8" />
  <meta name='ocr-system' content='tesseract 3.04.00' />
  <meta name='ocr-capabilities' content='ocr_page ocr_carea ocr_par ocr_line ocrx_word'/>
</head>
<body>
  <div class='ocr_page' id='page_1' title='image "./MN41637ucmf_2_0295.png"; bbox 0 0 2214 3350; ppageno 0'>
   <div class='ocr_carea' id='block_1_1' title="bbox 296 140 947 187">
    <p class='ocr_par' dir='ltr' id='par_1_1' title="bbox 296 140 947 187">
     <span class='ocr_line' id='line_1_1' title="bbox 296 140 947 187; baseline 0.005 -10"><span class='ocrx_word' id='word_1_1' title='bbox 296 140 413 177; x_wconf 77' lang='lat' dir='ltr'>scholium.</span> <span class='ocrx_word' id='word_1_2' title='bbox 428 142 458 177; x_wconf 90' lang='lat' dir='ltr'>De</span> <span class='ocrx_word' id='word_1_3' title='bbox 471 140 553 187; x_wconf 82' lang='lat' dir='ltr'>duplici</span> <span class='ocrx_word' id='word_1_4' title='bbox 565 141 653 178; x_wconf 87' lang='lat' dir='ltr'>iustitia</span> <span class='ocrx_word' id='word_1_5' title='bbox 665 143 754 179; x_wconf 75' lang='lat' dir='ltr'>formali</span> <span class='ocrx_word' id='word_1_6' title='bbox 912 143 947 181; x_wconf 80' lang='lat'>261</span> 
     </span>
    </p>
   </div>
   <div class='ocr_carea' id='block_1_2' title="bbox 102 246 947 706">
    <p class='ocr_par' dir='ltr' id='par_1_2' title="bbox 102 246 947 706">
     <span class='ocr_line' id='line_1_2' title="bbox 105 246 947 296; baseline 0.004 -12"><span class='ocrx_word' id='word_1_7' title='bbox 105 249 156 284; x_wconf 89' lang='lat' dir='ltr'>erat·</span> <span class='ocrx_word' id='word_1_8' title='bbox 168 249 255 293; x_wconf 86' lang='lat' dir='ltr'>Gaspar</span> <span class='ocrx_word' id='word_1_9' title='bbox 270 246 389 290; x_wconf 82' lang='lat' dir='ltr'>Contarini</span> <span class='ocrx_word' id='word_1_10' title='bbox 403 250 500 292; x_wconf 86' lang='lat' dir='ltr'>venetus,</span> <span class='ocrx_word' id='word_1_11' title='bbox 509 257 536 285; x_wconf 85' lang='lat' dir='ltr'>a.</span> <span class='ocrx_word' id='word_1_12' title='bbox 554 249 602 287; x_wconf 74' lang='lat'>1535</span> <span class='ocrx_word' id='word_1_13' title='bbox 616 250 703 286; x_wconf 89' lang='lat' dir='ltr'>creatus</span> <span class='ocrx_word' id='word_1_14' title='bbox 718 252 846 296; x_wconf 86' lang='lat' dir='ltr'>cardinalis,</span> <span class='ocrx_word' id='word_1_15' title='bbox 863 262 882 288; x_wconf 90' lang='lat' dir='ltr'>a.</span> <span class='ocrx_word' id='word_1_16' title='bbox 901 251 947 295; x_wconf 75' lang='lat'>1541</span> 
     </span>
     <span class='ocr_line' id='line_1_3' title="bbox 103 295 947 344; baseline -0.004 -9"><span class='ocrx_word' id='word_1_17' title='bbox 103 302 127 336; x_wconf 87' lang='lat' dir='ltr'>in</span> <span class='ocrx_word' id='word_1_18' title='bbox 145 298 253 344; x_wconf 90' lang='lat' dir='ltr'>colloquio</span> <span class='ocrx_word' id='word_1_19' title='bbox 270 298 457 335; x_wconf 79' lang='lat' dir='ltr'>ratisbonensi</span> <span class='ocrx_word' id='word_1_20' title='bbox 472 299 562 343; x_wconf 83' lang='lat' dir='ltr'>legatus</span> <span class='ocrx_word' id='word_1_21' title='bbox 580 295 713 343; x_wconf 73' lang='lat' dir='ltr'>pontificius,</span> <span class='ocrx_word' id='word_1_22' title='bbox 733 299 771 332; x_wconf 91' lang='lat' dir='ltr'>ubi</span> <span class='ocrx_word' id='word_1_23' title='bbox 790 299 879 344; x_wconf 79' lang='lat' dir='ltr'>scripsit</span> <span class='ocrx_word' id='word_1_24' title='bbox 896 298 947 343; x_wconf 84' lang='lat' dir='ltr'>Epi-</span> 
     </span>
     <span class='ocr_line' id='line_1_4' title="bbox 104 346 945 396; baseline -0.001 -9"><span class='ocrx_word' id='word_1_25' title='bbox 104 351 185 390; x_wconf 72' lang='lat' dir='ltr'>ctetum</span> <span class='ocrx_word' id='word_1_26' title='bbox 201 351 227 387; x_wconf 79' lang='lat' dir='ltr'>de</span> <span class='ocrx_word' id='word_1_27' title='bbox 243 351 405 396; x_wconf 80' lang='lat' dir='ltr'>iustificatione,</span> <span class='ocrx_word' id='word_1_28' title='bbox 424 346 719 386; x_wconf 80' lang='grc'><strong>6666661161611661116616</strong></span> <span class='ocrx_word' id='word_1_29' title='bbox 735 349 830 395; x_wconf 88' lang='lat' dir='ltr'>duplicis</span> <span class='ocrx_word' id='word_1_30' title='bbox 846 351 945 386; x_wconf 86' lang='lat' dir='ltr'>iustitiae</span> 
     </span>
     <span class='ocr_line' id='line_1_5' title="bbox 103 400 943 449; baseline -0.001 -11"><span class='ocrx_word' id='word_1_31' title='bbox 103 403 252 439; x_wconf 88' lang='lat' dir='ltr'>continentem</span> <span class='ocrx_word' id='word_1_32' title='bbox 266 404 292 449; x_wconf 83' lang='lat'>-(†</span> <span class='ocrx_word' id='word_1_33' title='bbox 309 403 371 449; x_wconf 82' lang='grc'><strong>1542).</strong></span> <span class='ocrx_word' id='word_1_34' title='bbox 389 402 536 440; x_wconf 66' lang='lat' dir='ltr'>collocutores</span> <span class='ocrx_word' id='word_1_35' title='bbox 551 401 655 437; x_wconf 70' lang='lat' dir='ltr'>catholici</span> <span class='ocrx_word' id='word_1_36' title='bbox 672 401 731 448; x_wconf 76' lang='lat' dir='ltr'>(Eric,</span> <span class='ocrx_word' id='word_1_37' title='bbox 750 400 943 448; x_wconf 61' lang='lat' dir='ltr'>GroppenPtth)</span> 
     </span>
     <span class='ocr_line' id='line_1_6' title="bbox 103 452 945 502; baseline -0.002 -13"><span class='ocrx_word' id='word_1_38' title='bbox 103 455 123 490; x_wconf 89' lang='lat' dir='ltr'>et</span> <span class='ocrx_word' id='word_1_39' title='bbox 135 454 283 500; x_wconf 82' lang='lat' dir='ltr'>protestantes</span> <span class='ocrx_word' id='word_1_40' title='bbox 298 454 469 502; x_wconf 80' lang='lat' dir='ltr'>(Melanchthon,</span> <span class='ocrx_word' id='word_1_41' title='bbox 482 454 569 497; x_wconf 73' lang='lat' dir='ltr'>notzer,</span> <span class='ocrx_word' id='word_1_42' title='bbox 584 452 702 500; x_wconf 74' lang='lat' dir='ltr'>Pistoriae)</span> <span class='ocrx_word' id='word_1_43' title='bbox 716 453 854 489; x_wconf 87' lang='lat' dir='ltr'>unanimiter</span> <span class='ocrx_word' id='word_1_44' title='bbox 867 454 945 489; x_wconf 88' lang='lat' dir='ltr'>consti-</span> 
     </span>
     <span class='ocr_line' id='line_1_7' title="bbox 103 504 946 550; baseline -0.006 -7"><span class='ocrx_word' id='word_1_45' title='bbox 103 506 193 543; x_wconf 89' lang='lat' dir='ltr'>tuerunt</span> <span class='ocrx_word' id='word_1_46' title='bbox 214 506 385 542; x_wconf 69' lang='lat' dir='ltr'>«Formulam</span> <span class='ocrx_word' id='word_1_47' title='bbox 404 505 649 548; x_wconf 75' lang='lat' dir='ltr'>ratisbonensem»,</span> <span class='ocrx_word' id='word_1_48' title='bbox 671 513 734 549; x_wconf 89' lang='lat' dir='ltr'>quae,</span> <span class='ocrx_word' id='word_1_49' title='bbox 756 505 855 540; x_wconf 86' lang='lat' dir='ltr'>docendo</span> <span class='ocrx_word' id='word_1_50' title='bbox 876 504 946 550; x_wconf 90' lang='lat' dir='ltr'>dupli-</span> 
     </span>
     <span class='ocr_line' id='line_1_8' title="bbox 102 556 946 600; baseline -0.001 -7"><span class='ocrx_word' id='word_1_51' title='bbox 102 566 149 593; x_wconf 85' lang='lat' dir='ltr'>cem</span> <span class='ocrx_word' id='word_1_52' title='bbox 160 557 276 600; x_wconf 88' lang='lat' dir='ltr'>iustitiam‚</span> <span class='ocrx_word' id='word_1_53' title='bbox 289 558 411 594; x_wconf 88' lang='lat' dir='ltr'>sententias</span> <span class='ocrx_word' id='word_1_54' title='bbox 424 557 529 593; x_wconf 88' lang='lat' dir='ltr'>adversas</span> <span class='ocrx_word' id='word_1_55' title='bbox 541 556 600 592; x_wconf 88' lang='lat' dir='ltr'>inter</span> <span class='ocrx_word' id='word_1_56' title='bbox 613 566 636 592; x_wconf 92' lang='lat' dir='ltr'>se</span> <span class='ocrx_word' id='word_1_57' title='bbox 648 556 766 592; x_wconf 89' lang='lat' dir='ltr'>conciliare</span> <span class='ocrx_word' id='word_1_58' title='bbox 779 557 887 593; x_wconf 77' lang='lat' dir='ltr'>studebat.</span> <span class='ocrx_word' id='word_1_59' title='bbox 902 557 946 594; x_wconf 84' lang='lat' dir='ltr'>Sed</span> 
     </span>
     <span class='ocr_line' id='line_1_9' title="bbox 102 607 946 655; baseline -0.002 -10"><span class='ocrx_word' id='word_1_60' title='bbox 102 610 157 645; x_wconf 89' lang='grc'><strong>11666</strong></span> <span class='ocrx_word' id='word_1_61' title='bbox 168 609 267 645; x_wconf 79' lang='lat' dir='ltr'>formula</span> <span class='ocrx_word' id='word_1_62' title='bbox 279 619 292 645; x_wconf 90' lang='lat' dir='ltr'>a</span> <span class='ocrx_word' id='word_1_63' title='bbox 306 610 395 646; x_wconf 84' lang='lat' dir='ltr'>Summo</span> <span class='ocrx_word' id='word_1_64' title='bbox 408 607 514 645; x_wconf 87' lang='lat' dir='ltr'>Pontifice</span> <span class='ocrx_word' id='word_1_65' title='bbox 526 608 609 644; x_wconf 86' lang='lat' dir='ltr'>reiecta</span> <span class='ocrx_word' id='word_1_66' title='bbox 622 609 655 644; x_wconf 86' lang='lat' dir='ltr'>est</span> <span class='ocrx_word' id='word_1_67' title='bbox 668 617 738 654; x_wconf 86' lang='lat' dir='ltr'>neque</span> <span class='ocrx_word' id='word_1_68' title='bbox 752 608 848 644; x_wconf 90' lang='lat' dir='ltr'>Luthero</span> <span class='ocrx_word' id='word_1_69' title='bbox 861 608 946 655; x_wconf 83' lang='lat' dir='ltr'>placuit</span> 
     </span>
     <span class='ocr_line' id='line_1_10' title="bbox 104 660 541 706; baseline 0.005 -12"><span class='ocrx_word' id='word_1_70' title='bbox 104 661 123 706; x_wconf 75' lang='lat' dir='ltr'>(c</span> <span class='ocrx_word' id='word_1_71' title='bbox 133 661 169 695; x_wconf 82' lang='grc'>616</span> <span class='ocrx_word' id='word_1_72' title='bbox 183 660 271 706; x_wconf 72' lang='grc'><strong>96111611</strong></span> <span class='ocrx_word' id='word_1_73' title='bbox 285 661 331 696; x_wconf 80' lang='lat' dir='ltr'>und</span> <span class='ocrx_word' id='word_1_74' title='bbox 346 661 434 705; x_wconf 76' lang='lat' dir='ltr'>qetetmt</span> <span class='ocrx_word' id='word_1_75' title='bbox 448 660 505 704; x_wconf 72' lang='grc'><strong>11166</strong></span> <span class='ocrx_word' id='word_1_76' title='bbox 514 661 541 706; x_wconf 83' lang='grc'>»).</span> 
     </span>
    </p>
   </div>
   <div class='ocr_carea' id='block_1_3' title="bbox 71 764 945 1124">
    <p class='ocr_par' dir='ltr' id='par_1_3' title="bbox 71 764 945 1124">
     <span class='ocr_line' id='line_1_11' title="bbox 71 764 945 814; baseline -0.008 -9"><span class='ocrx_word' id='word_1_77' title='bbox 71 794 74 797; x_wconf 28' lang='grc' dir='ltr'><em>ι</em></span> <span class='ocrx_word' id='word_1_78' title='bbox 100 769 154 810; x_wconf 79' lang='grc'><strong>361,</strong></span> <span class='ocrx_word' id='word_1_79' title='bbox 187 769 214 804; x_wconf 89' lang='grc'>16</span> <span class='ocrx_word' id='word_1_80' title='bbox 231 769 323 804; x_wconf 87' lang='grc'><strong>66661116</strong></span> <span class='ocrx_word' id='word_1_81' title='bbox 339 767 472 805; x_wconf 83' lang='lat' dir='ltr'>Tridentino</span> <span class='ocrx_word' id='word_1_82' title='bbox 489 767 578 814; x_wconf 88' lang='lat' dir='ltr'>praeter</span> <span class='ocrx_word' id='word_1_83' title='bbox 595 766 709 811; x_wconf 88' lang='lat' dir='ltr'>episcopos</span> <span class='ocrx_word' id='word_1_84' title='bbox 727 764 835 801; x_wconf 87' lang='lat' dir='ltr'>Thomam</span> <span class='ocrx_word' id='word_1_85' title='bbox 853 765 945 801; x_wconf 77' lang='lat' dir='ltr'>sanfe-</span> 
     </span>
     <span class='ocr_line' id='line_1_12' title="bbox 101 816 944 866; baseline -0.007 -10"><span class='ocrx_word' id='word_1_86' title='bbox 101 820 451 865; x_wconf 70' lang='grc'><strong>11666116116161166161161,</strong></span> <span class='ocrx_word' id='word_1_87' title='bbox 467 820 570 866; x_wconf 82' lang='lat' dir='ltr'>nepotem</span> <span class='ocrx_word' id='word_1_88' title='bbox 586 818 684 854; x_wconf 87' lang='lat' dir='ltr'>defuncti</span> <span class='ocrx_word' id='word_1_89' title='bbox 699 816 828 860; x_wconf 73' lang='lat' dir='ltr'>cardinalis,</span> <span class='ocrx_word' id='word_1_90' title='bbox 845 824 944 861; x_wconf 85' lang='lat' dir='ltr'>praeser-</span> 
     </span>
     <span class='ocr_line' id='line_1_13' title="bbox 99 869 942 919; baseline -0.005 -12"><span class='ocrx_word' id='word_1_91' title='bbox 99 872 140 907; x_wconf 91' lang='lat' dir='ltr'>tim</span> <span class='ocrx_word' id='word_1_92' title='bbox 150 872 300 917; x_wconf 87' lang='lat' dir='ltr'>Hieronymus</span> <span class='ocrx_word' id='word_1_93' title='bbox 306 870 440 919; x_wconf 60' lang='lat' dir='ltr'>serpendo,</span> <span class='ocrx_word' id='word_1_94' title='bbox 450 871 560 917; x_wconf 82' lang='lat' dir='ltr'>generalis</span> <span class='ocrx_word' id='word_1_95' title='bbox 571 869 712 916; x_wconf 89' lang='lat' dir='ltr'>praepositus</span> <span class='ocrx_word' id='word_1_96' title='bbox 724 871 746 907; x_wconf 94' lang='grc' dir='ltr'>Ο.</span> <span class='ocrx_word' id='word_1_97' title='bbox 760 869 831 905; x_wconf 90' lang='lat' dir='ltr'>Erem.</span> <span class='ocrx_word' id='word_1_98' title='bbox 846 869 866 904; x_wconf 88' lang='lat' dir='ltr'>S.</span> <span class='ocrx_word' id='word_1_99' title='bbox 878 869 942 912; x_wconf 65' lang='lat' dir='ltr'>Aug„</span> 
     </span>
     <span class='ocr_line' id='line_1_14' title="bbox 101 920 943 968; baseline -0.005 -10"><span class='ocrx_word' id='word_1_100' title='bbox 101 923 177 958; x_wconf 89' lang='lat' dir='ltr'>doctus</span> <span class='ocrx_word' id='word_1_101' title='bbox 189 922 305 968; x_wconf 86' lang='lat' dir='ltr'>theologus</span> <span class='ocrx_word' id='word_1_102' title='bbox 318 923 339 959; x_wconf 91' lang='lat' dir='ltr'>et</span> <span class='ocrx_word' id='word_1_103' title='bbox 350 923 376 958; x_wconf 91' lang='lat' dir='ltr'>in</span> <span class='ocrx_word' id='word_1_104' title='bbox 387 924 488 960; x_wconf 89' lang='lat' dir='ltr'>doctrina</span> <span class='ocrx_word' id='word_1_105' title='bbox 501 925 521 960; x_wconf 87' lang='lat' dir='ltr'>S.</span> <span class='ocrx_word' id='word_1_106' title='bbox 536 922 657 967; x_wconf 79' lang='lat' dir='ltr'>Augustini</span> <span class='ocrx_word' id='word_1_107' title='bbox 669 922 842 964; x_wconf 80' lang='lat' dir='ltr'>versatissimus,</span> <span class='ocrx_word' id='word_1_108' title='bbox 858 920 943 956; x_wconf 88' lang='lat' dir='ltr'>senten-</span> 
     </span>
     <span class='ocr_line' id='line_1_15' title="bbox 100 971 943 1010; baseline -0.004 -1"><span class='ocrx_word' id='word_1_109' title='bbox 100 975 145 1010; x_wconf 86' lang='lat' dir='ltr'>tiae</span> <span class='ocrx_word' id='word_1_110' title='bbox 157 987 167 1007; x_wconf 89' lang='lat'>«</span> <span class='ocrx_word' id='word_1_111' title='bbox 177 975 359 1010; x_wconf 76' lang='lat' dir='ltr'>coloniensium»</span> <span class='ocrx_word' id='word_1_112' title='bbox 372 975 392 1010; x_wconf 89' lang='grc'>61</span> <span class='ocrx_word' id='word_1_113' title='bbox 403 974 519 1010; x_wconf 83' lang='lat' dir='ltr'>Contarini</span> <span class='ocrx_word' id='word_1_114' title='bbox 530 975 625 1010; x_wconf 79' lang='lat' dir='ltr'>favebat.</span> <span class='ocrx_word' id='word_1_115' title='bbox 639 975 660 1009; x_wconf 92' lang='lat' dir='ltr'>Is</span> <span class='ocrx_word' id='word_1_116' title='bbox 672 973 737 1009; x_wconf 85' lang='lat' dir='ltr'>alteri</span> <span class='ocrx_word' id='word_1_117' title='bbox 749 973 830 1009; x_wconf 87' lang='lat' dir='ltr'>decreti</span> <span class='ocrx_word' id='word_1_118' title='bbox 843 972 869 1008; x_wconf 91' lang='lat' dir='ltr'>de</span> <span class='ocrx_word' id='word_1_119' title='bbox 881 971 943 1007; x_wconf 89' lang='lat' dir='ltr'>iusti-</span> 
     </span>
     <span class='ocr_line' id='line_1_16' title="bbox 99 1024 943 1072; baseline -0.002 -11"><span class='ocrx_word' id='word_1_120' title='bbox 99 1025 201 1062; x_wconf 85' lang='lat' dir='ltr'>ficatione</span> <span class='ocrx_word' id='word_1_121' title='bbox 219 1026 333 1068; x_wconf 79' lang='lat' dir='ltr'>schemati,</span> <span class='ocrx_word' id='word_1_122' title='bbox 352 1027 410 1071; x_wconf 91' lang='lat' dir='ltr'>quod</span> <span class='ocrx_word' id='word_1_123' title='bbox 427 1027 474 1072; x_wconf 88' lang='lat' dir='ltr'>ipse</span> <span class='ocrx_word' id='word_1_124' title='bbox 492 1035 517 1062; x_wconf 89' lang='lat' dir='ltr'>ex</span> <span class='ocrx_word' id='word_1_125' title='bbox 534 1025 641 1061; x_wconf 88' lang='lat' dir='ltr'>mandato</span> <span class='ocrx_word' id='word_1_126' title='bbox 658 1025 780 1061; x_wconf 87' lang='lat' dir='ltr'>cardinalis</span> <span class='ocrx_word' id='word_1_127' title='bbox 798 1024 867 1069; x_wconf 85' lang='lat' dir='ltr'>legati</span> <span class='ocrx_word' id='word_1_128' title='bbox 885 1024 943 1060; x_wconf 89' lang='lat' dir='ltr'>Mar-</span> 
     </span>
     <span class='ocr_line' id='line_1_17' title="bbox 99 1075 942 1124; baseline -0.004 -11"><span class='ocrx_word' id='word_1_129' title='bbox 99 1077 148 1113; x_wconf 91' lang='lat' dir='ltr'>celli</span> <span class='ocrx_word' id='word_1_130' title='bbox 164 1078 256 1113; x_wconf 82' lang='lat' dir='ltr'>Corvino</span> <span class='ocrx_word' id='word_1_131' title='bbox 271 1075 431 1124; x_wconf 84' lang='lat' dir='ltr'>composuerat,</span> <span class='ocrx_word' id='word_1_132' title='bbox 448 1087 500 1113; x_wconf 89' lang='lat' dir='ltr'>suas</span> <span class='ocrx_word' id='word_1_133' title='bbox 514 1077 674 1113; x_wconf 86' lang='lat' dir='ltr'>interseruerat</span> <span class='ocrx_word' id='word_1_134' title='bbox 688 1077 757 1113; x_wconf 89' lang='lat' dir='ltr'>ideas.</span> <span class='ocrx_word' id='word_1_135' title='bbox 774 1077 851 1121; x_wconf 84' lang='lat' dir='ltr'>Legati</span> <span class='ocrx_word' id='word_1_136' title='bbox 867 1076 942 1112; x_wconf 89' lang='lat' dir='ltr'>autem</span> 
     </span>
    </p>
   </div>
   <div class='ocr_carea' id='block_1_4' title="bbox 36 1127 941 1175">
    <p class='ocr_par' dir='ltr' id='par_1_4' title="bbox 36 1127 941 1175">
     <span class='ocr_line' id='line_1_18' title="bbox 36 1127 941 1175; baseline -0.003 -10"><span class='ocrx_word' id='word_1_137' title='bbox 36 1147 38 1153; x_wconf 43' lang='grc' dir='ltr'><em>ν</em></span> <span class='ocrx_word' id='word_1_138' title='bbox 99 1129 211 1165; x_wconf 88' lang='lat' dir='ltr'>Cervino</span> <span class='ocrx_word' id='word_1_139' title='bbox 227 1130 247 1165; x_wconf 90' lang='lat' dir='ltr'>et</span> <span class='ocrx_word' id='word_1_140' title='bbox 262 1129 303 1166; x_wconf 90' lang='lat' dir='ltr'>del</span> <span class='ocrx_word' id='word_1_141' title='bbox 318 1129 405 1165; x_wconf 91' lang='lat' dir='ltr'>Monte</span> <span class='ocrx_word' id='word_1_142' title='bbox 422 1130 507 1175; x_wconf 87' lang='lat' dir='ltr'>(postea</span> <span class='ocrx_word' id='word_1_143' title='bbox 521 1129 603 1164; x_wconf 89' lang='lat' dir='ltr'>summi</span> <span class='ocrx_word' id='word_1_144' title='bbox 618 1127 731 1174; x_wconf 85' lang='lat' dir='ltr'>pontifices</span> <span class='ocrx_word' id='word_1_145' title='bbox 747 1128 867 1164; x_wconf 82' lang='lat' dir='ltr'>Marcellus</span> <span class='ocrx_word' id='word_1_146' title='bbox 882 1129 903 1164; x_wconf 90' lang='lat' dir='ltr'>II</span> <span class='ocrx_word' id='word_1_147' title='bbox 920 1127 941 1163; x_wconf 88' lang='lat' dir='ltr'>et</span> 
     </span>
    </p>
   </div>
   <div class='ocr_carea' id='block_1_5' title="bbox 76 1178 988 2875">
    <p class='ocr_par' dir='ltr' id='par_1_5' title="bbox 76 1178 988 2875">
     <span class='ocr_line' id='line_1_19' title="bbox 99 1178 941 1227; baseline -0.001 -12"><span class='ocrx_word' id='word_1_148' title='bbox 99 1181 170 1216; x_wconf 88' lang='grc'><strong>161166</strong></span> <span class='ocrx_word' id='word_1_149' title='bbox 181 1181 231 1225; x_wconf 86' lang='grc' dir='ltr'><strong>ΙΙΙ),</strong></span> <span class='ocrx_word' id='word_1_150' title='bbox 259 1181 365 1225; x_wconf 87' lang='lat' dir='ltr'>ntequam</span> <span class='ocrx_word' id='word_1_151' title='bbox 378 1181 444 1227; x_wconf 86' lang='lat' dir='ltr'>(Sept.</span> <span class='ocrx_word' id='word_1_152' title='bbox 459 1180 513 1227; x_wconf 79' lang='grc'><strong>1546)</strong></span> <span class='ocrx_word' id='word_1_153' title='bbox 526 1180 567 1217; x_wconf 87' lang='grc'><strong>1166</strong></span> <span class='ocrx_word' id='word_1_154' title='bbox 580 1180 669 1216; x_wconf 89' lang='lat' dir='ltr'>schema</span> <span class='ocrx_word' id='word_1_155' title='bbox 681 1179 774 1216; x_wconf 90' lang='lat' dir='ltr'>concilio</span> <span class='ocrx_word' id='word_1_156' title='bbox 786 1178 941 1226; x_wconf 87' lang='lat' dir='ltr'>proponerent,</span> 
     </span>
     <span class='ocr_line' id='line_1_20' title="bbox 98 1231 942 1277; baseline -0.002 -10"><span class='ocrx_word' id='word_1_157' title='bbox 98 1232 204 1267; x_wconf 87' lang='lat' dir='ltr'>consultis</span> <span class='ocrx_word' id='word_1_158' title='bbox 222 1232 273 1267; x_wconf 89' lang='lat' dir='ltr'>aliis</span> <span class='ocrx_word' id='word_1_159' title='bbox 290 1232 397 1277; x_wconf 84' lang='lat' dir='ltr'>theologis</span> <span class='ocrx_word' id='word_1_160' title='bbox 413 1232 485 1268; x_wconf 86' lang='lat' dir='ltr'>multa</span> <span class='ocrx_word' id='word_1_161' title='bbox 500 1232 649 1268; x_wconf 88' lang='lat' dir='ltr'>mutaverunt.</span> <span class='ocrx_word' id='word_1_162' title='bbox 668 1231 732 1267; x_wconf 89' lang='lat' dir='ltr'>Nunc</span> <span class='ocrx_word' id='word_1_163' title='bbox 750 1231 900 1276; x_wconf 86' lang='lat' dir='ltr'>Seripando</span> <span class='ocrx_word' id='word_1_164' title='bbox 916 1231 942 1265; x_wconf 89' lang='lat' dir='ltr'>in</span> 
     </span>
     <span class='ocr_line' id='line_1_21' title="bbox 98 1282 942 1330; baseline -0.001 -12"><span class='ocrx_word' id='word_1_165' title='bbox 98 1283 269 1328; x_wconf 82' lang='lat' dir='ltr'>congregatione</span> <span class='ocrx_word' id='word_1_166' title='bbox 283 1284 382 1328; x_wconf 87' lang='lat' dir='ltr'>generali</span> <span class='ocrx_word' id='word_1_167' title='bbox 398 1283 419 1330; x_wconf 86' lang='lat'>(8</span> <span class='ocrx_word' id='word_1_168' title='bbox 431 1283 485 1330; x_wconf 85' lang='grc'><strong>061.)</strong></span> <span class='ocrx_word' id='word_1_169' title='bbox 500 1283 576 1328; x_wconf 87' lang='lat' dir='ltr'>aperte</span> <span class='ocrx_word' id='word_1_170' title='bbox 590 1282 740 1329; x_wconf 83' lang='lat' dir='ltr'>propugnavit</span> <span class='ocrx_word' id='word_1_171' title='bbox 755 1282 866 1328; x_wconf 79' lang='lat' dir='ltr'>duplicem</span> <span class='ocrx_word' id='word_1_172' title='bbox 879 1283 942 1318; x_wconf 79' lang='grc'><strong>16611-</strong></span> 
     </span>
     <span class='ocr_line' id='line_1_22' title="bbox 99 1334 942 1380; baseline 0 -11"><span class='ocrx_word' id='word_1_173' title='bbox 99 1334 158 1377; x_wconf 76' lang='lat' dir='ltr'>ticin,</span> <span class='ocrx_word' id='word_1_174' title='bbox 172 1334 266 1370; x_wconf 82' lang='lat' dir='ltr'>atterens</span> <span class='ocrx_word' id='word_1_175' title='bbox 278 1334 466 1380; x_wconf 72' lang='lat' dir='ltr'>imperfectionem</span> <span class='ocrx_word' id='word_1_176' title='bbox 478 1334 578 1370; x_wconf 87' lang='lat' dir='ltr'>iustitiae</span> <span class='ocrx_word' id='word_1_177' title='bbox 591 1334 736 1377; x_wconf 84' lang='lat' dir='ltr'>inhaerentis,</span> <span class='ocrx_word' id='word_1_178' title='bbox 751 1343 814 1379; x_wconf 86' lang='lat' dir='ltr'>quae,</span> <span class='ocrx_word' id='word_1_179' title='bbox 828 1334 854 1369; x_wconf 90' lang='lat' dir='ltr'>ut</span> <span class='ocrx_word' id='word_1_180' title='bbox 866 1343 942 1369; x_wconf 87' lang='lat' dir='ltr'>coram</span> 
     </span>
     <span class='ocr_line' id='line_1_23' title="bbox 97 1385 988 1432; baseline 0.001 -12"><span class='ocrx_word' id='word_1_181' title='bbox 97 1385 204 1421; x_wconf 88' lang='lat' dir='ltr'>tribunali</span> <span class='ocrx_word' id='word_1_182' title='bbox 215 1385 255 1422; x_wconf 90' lang='lat' dir='ltr'>Dei</span> <span class='ocrx_word' id='word_1_183' title='bbox 266 1387 390 1432; x_wconf 86' lang='lat' dir='ltr'>probemur,</span> <span class='ocrx_word' id='word_1_184' title='bbox 403 1386 528 1432; x_wconf 90' lang='lat' dir='ltr'>supplenda</span> <span class='ocrx_word' id='word_1_185' title='bbox 538 1386 568 1421; x_wconf 89' lang='lat' dir='ltr'>sit</span> <span class='ocrx_word' id='word_1_186' title='bbox 579 1386 726 1432; x_wconf 87' lang='lat' dir='ltr'>imputatione</span> <span class='ocrx_word' id='word_1_187' title='bbox 737 1386 838 1422; x_wconf 88' lang='lat' dir='ltr'>iustitiae</span> <span class='ocrx_word' id='word_1_188' title='bbox 851 1386 938 1422; x_wconf 83' lang='lat' dir='ltr'>Christi.</span> <span class='ocrx_word' id='word_1_189' title='bbox 984 1400 988 1406; x_wconf 44' lang='lat' dir='ltr'>v</span> 
     </span>
     <span class='ocr_line' id='line_1_24' title="bbox 97 1437 940 1487; baseline -0.001 -14"><span class='ocrx_word' id='word_1_190' title='bbox 97 1438 153 1473; x_wconf 89' lang='lat' dir='ltr'>Dein</span> <span class='ocrx_word' id='word_1_191' title='bbox 168 1437 277 1482; x_wconf 83' lang='lat' dir='ltr'>theologis</span> <span class='ocrx_word' id='word_1_192' title='bbox 292 1438 406 1484; x_wconf 89' lang='lat' dir='ltr'>proposita</span> <span class='ocrx_word' id='word_1_193' title='bbox 422 1439 455 1473; x_wconf 90' lang='lat' dir='ltr'>est</span> <span class='ocrx_word' id='word_1_194' title='bbox 470 1447 485 1474; x_wconf 90' lang='lat' dir='ltr'>a</span> <span class='ocrx_word' id='word_1_195' title='bbox 499 1438 580 1482; x_wconf 85' lang='lat' dir='ltr'>legatis</span> <span class='ocrx_word' id='word_1_196' title='bbox 596 1438 651 1473; x_wconf 88' lang='grc'><strong>11666</strong></span> <span class='ocrx_word' id='word_1_197' title='bbox 668 1437 769 1483; x_wconf 87' lang='lat' dir='ltr'>quaestio</span> <span class='ocrx_word' id='word_1_198' title='bbox 785 1447 800 1473; x_wconf 91' lang='lat' dir='ltr'>a</span> <span class='ocrx_word' id='word_1_199' title='bbox 817 1438 940 1487; x_wconf 88' lang='lat' dir='ltr'>Seripando</span> 
     </span>
     <span class='ocr_line' id='line_1_25' title="bbox 97 1489 974 1535; baseline 0 -12"><span class='ocrx_word' id='word_1_200' title='bbox 97 1489 197 1526; x_wconf 89' lang='lat' dir='ltr'>redacta:</span> <span class='ocrx_word' id='word_1_201' title='bbox 224 1502 234 1521; x_wconf 74' lang='grc' dir='ltr'>ιι</span> <span class='ocrx_word' id='word_1_202' title='bbox 242 1489 277 1524; x_wconf 88' lang='lat' dir='ltr'>An</span> <span class='ocrx_word' id='word_1_203' title='bbox 296 1489 430 1525; x_wconf 88' lang='lat' dir='ltr'>iustificatus</span> <span class='ocrx_word' id='word_1_204' title='bbox 451 1490 510 1535; x_wconf 89' lang='lat' dir='ltr'>apud</span> <span class='ocrx_word' id='word_1_205' title='bbox 531 1490 633 1525; x_wconf 90' lang='lat' dir='ltr'>divinum</span> <span class='ocrx_word' id='word_1_206' title='bbox 647 1489 746 1525; x_wconf 88' lang='lat' dir='ltr'>tribunal</span> <span class='ocrx_word' id='word_1_207' title='bbox 761 1490 895 1525; x_wconf 88' lang='lat' dir='ltr'>indicandus</span> <span class='ocrx_word' id='word_1_208' title='bbox 911 1489 940 1524; x_wconf 90' lang='lat' dir='ltr'>sit</span> <span class='ocrx_word' id='word_1_209' title='bbox 973 1511 974 1514; x_wconf 20' lang='grc' dir='ltr'>η</span> 
     </span>
     <span class='ocr_line' id='line_1_26' title="bbox 96 1540 940 1587; baseline 0.002 -12"><span class='ocrx_word' id='word_1_210' title='bbox 96 1540 184 1576; x_wconf 87' lang='lat' dir='ltr'>tantum</span> <span class='ocrx_word' id='word_1_211' title='bbox 200 1550 225 1576; x_wconf 86' lang='grc'>611</span> <span class='ocrx_word' id='word_1_212' title='bbox 241 1550 283 1576; x_wconf 88' lang='grc'>666</span> <span class='ocrx_word' id='word_1_213' title='bbox 297 1541 427 1577; x_wconf 84' lang='lat' dir='ltr'>inhaerente</span> <span class='ocrx_word' id='word_1_214' title='bbox 443 1541 530 1577; x_wconf 88' lang='lat' dir='ltr'>iustitia</span> <span class='ocrx_word' id='word_1_215' title='bbox 545 1551 586 1577; x_wconf 90' lang='lat' dir='ltr'>seu</span> <span class='ocrx_word' id='word_1_216' title='bbox 601 1551 627 1577; x_wconf 88' lang='lat' dir='ltr'>ex</span> <span class='ocrx_word' id='word_1_217' title='bbox 642 1542 746 1587; x_wconf 89' lang='lat' dir='ltr'>operibus</span> <span class='ocrx_word' id='word_1_218' title='bbox 762 1542 809 1578; x_wconf 89' lang='lat' dir='ltr'>suis</span> <span class='ocrx_word' id='word_1_219' title='bbox 825 1542 850 1577; x_wconf 93' lang='lat' dir='ltr'>in</span> <span class='ocrx_word' id='word_1_220' title='bbox 865 1541 940 1586; x_wconf 84' lang='lat' dir='ltr'>gratia</span> 
     </span>
     <span class='ocr_line' id='line_1_27' title="bbox 96 1591 939 1639; baseline 0.004 -13"><span class='ocrx_word' id='word_1_221' title='bbox 96 1591 167 1636; x_wconf 85' lang='lat' dir='ltr'>iactis,</span> <span class='ocrx_word' id='word_1_222' title='bbox 186 1601 216 1627; x_wconf 90' lang='lat' dir='ltr'>an</span> <span class='ocrx_word' id='word_1_223' title='bbox 234 1601 283 1628; x_wconf 88' lang='lat' dir='ltr'>cum</span> <span class='ocrx_word' id='word_1_224' title='bbox 300 1593 343 1628; x_wconf 85' lang='lat' dir='ltr'>hac</span> <span class='ocrx_word' id='word_1_225' title='bbox 360 1592 488 1629; x_wconf 87' lang='lat' dir='ltr'>inhaerente</span> <span class='ocrx_word' id='word_1_226' title='bbox 506 1594 595 1629; x_wconf 89' lang='lat' dir='ltr'>iustitia</span> <span class='ocrx_word' id='word_1_227' title='bbox 613 1602 668 1639; x_wconf 88' lang='lat' dir='ltr'>opus</span> <span class='ocrx_word' id='word_1_228' title='bbox 685 1594 768 1630; x_wconf 88' lang='lat' dir='ltr'>habeat</span> <span class='ocrx_word' id='word_1_229' title='bbox 785 1594 939 1629; x_wconf 86' lang='lat' dir='ltr'>misericordia</span> 
     </span>
     <span class='ocr_line' id='line_1_28' title="bbox 95 1643 939 1691; baseline 0.002 -12"><span class='ocrx_word' id='word_1_230' title='bbox 95 1644 135 1679; x_wconf 89' lang='lat' dir='ltr'>Dei</span> <span class='ocrx_word' id='word_1_231' title='bbox 147 1644 167 1680; x_wconf 91' lang='lat' dir='ltr'>et</span> <span class='ocrx_word' id='word_1_232' title='bbox 177 1644 265 1680; x_wconf 86' lang='lat' dir='ltr'>iustitia</span> <span class='ocrx_word' id='word_1_233' title='bbox 277 1643 364 1686; x_wconf 89' lang='lat' dir='ltr'>Christi,</span> <span class='ocrx_word' id='word_1_234' title='bbox 376 1644 396 1680; x_wconf 94' lang='lat' dir='ltr'>h.</span> <span class='ocrx_word' id='word_1_235' title='bbox 407 1653 423 1680; x_wconf 90' lang='lat' dir='ltr'>e.</span> <span class='ocrx_word' id='word_1_236' title='bbox 432 1644 511 1679; x_wconf 89' lang='lat' dir='ltr'>merito</span> <span class='ocrx_word' id='word_1_237' title='bbox 522 1645 543 1680; x_wconf 89' lang='lat' dir='ltr'>et</span> <span class='ocrx_word' id='word_1_238' title='bbox 553 1646 657 1690; x_wconf 87' lang='lat' dir='ltr'>passione</span> <span class='ocrx_word' id='word_1_239' title='bbox 669 1645 724 1690; x_wconf 84' lang='grc'><strong>6166,</strong></span> <span class='ocrx_word' id='word_1_240' title='bbox 736 1654 782 1690; x_wconf 90' lang='lat' dir='ltr'>qua</span> <span class='ocrx_word' id='word_1_241' title='bbox 792 1645 939 1691; x_wconf 87' lang='lat' dir='ltr'>suppleantur</span> 
     </span>
     <span class='ocr_line' id='line_1_29' title="bbox 76 1695 938 1740; baseline 0.005 -13"><span class='ocrx_word' id='word_1_242' title='bbox 76 1695 193 1730; x_wconf 69' lang='lat' dir='ltr'>,deiectus</span> <span class='ocrx_word' id='word_1_243' title='bbox 217 1704 271 1731; x_wconf 89' lang='lat' dir='ltr'>suae</span> <span class='ocrx_word' id='word_1_244' title='bbox 293 1695 399 1740; x_wconf 86' lang='lat' dir='ltr'>iustitiae,</span> <span class='ocrx_word' id='word_1_245' title='bbox 424 1704 479 1740; x_wconf 85' lang='lat' dir='ltr'>quae</span> <span class='ocrx_word' id='word_1_246' title='bbox 503 1695 586 1731; x_wconf 86' lang='lat' dir='ltr'>Christi</span> <span class='ocrx_word' id='word_1_247' title='bbox 602 1695 690 1731; x_wconf 86' lang='lat' dir='ltr'>iustitia</span> <span class='ocrx_word' id='word_1_248' title='bbox 707 1704 754 1731; x_wconf 92' lang='lat' dir='ltr'>non</span> <span class='ocrx_word' id='word_1_249' title='bbox 770 1696 818 1732; x_wconf 88' lang='lat' dir='ltr'>tota</span> <span class='ocrx_word' id='word_1_250' title='bbox 835 1696 938 1731; x_wconf 89' lang='lat' dir='ltr'>omnibus</span> 
     </span>
     <span class='ocr_line' id='line_1_30' title="bbox 95 1746 938 1792; baseline 0.002 -11"><span class='ocrx_word' id='word_1_251' title='bbox 95 1746 276 1790; x_wconf 86' lang='lat' dir='ltr'>communicetur,</span> <span class='ocrx_word' id='word_1_252' title='bbox 293 1747 332 1782; x_wconf 88' lang='lat' dir='ltr'>sed</span> <span class='ocrx_word' id='word_1_253' title='bbox 347 1747 469 1783; x_wconf 90' lang='lat' dir='ltr'>secundum</span> <span class='ocrx_word' id='word_1_254' title='bbox 485 1746 584 1782; x_wconf 89' lang='lat' dir='ltr'>divinam</span> <span class='ocrx_word' id='word_1_255' title='bbox 601 1746 789 1792; x_wconf 86' lang='lat' dir='ltr'>dispensationem</span> <span class='ocrx_word' id='word_1_256' title='bbox 805 1757 846 1783; x_wconf 90' lang='lat' dir='ltr'>seu</span> <span class='ocrx_word' id='word_1_257' title='bbox 862 1757 938 1783; x_wconf 90' lang='lat' dir='ltr'>secuu-</span> 
     </span>
     <span class='ocr_line' id='line_1_31' title="bbox 95 1797 937 1845; baseline 0.004 -13"><span class='ocrx_word' id='word_1_258' title='bbox 95 1797 148 1833; x_wconf 90' lang='lat' dir='ltr'>dum</span> <span class='ocrx_word' id='word_1_259' title='bbox 164 1806 293 1834; x_wconf 88' lang='lat' dir='ltr'>mensuram</span> <span class='ocrx_word' id='word_1_260' title='bbox 309 1798 360 1834; x_wconf 89' lang='lat' dir='ltr'>fidei</span> <span class='ocrx_word' id='word_1_261' title='bbox 377 1800 398 1834; x_wconf 91' lang='grc'>61</span> <span class='ocrx_word' id='word_1_262' title='bbox 415 1799 534 1835; x_wconf 85' lang='lat' dir='ltr'>caritatis»</span> <span class='ocrx_word' id='word_1_263' title='bbox 555 1798 646 1845; x_wconf 69' lang='lat' dir='ltr'>(Hefner</span> <span class='ocrx_word' id='word_1_264' title='bbox 662 1809 683 1845; x_wconf 90' lang='lat' dir='ltr'>p.</span> <span class='ocrx_word' id='word_1_265' title='bbox 700 1798 752 1845; x_wconf 77' lang='lat'>219).</span> <span class='ocrx_word' id='word_1_266' title='bbox 777 1800 937 1836; x_wconf 86' lang='lat' dir='ltr'>Necessitatem</span> 
     </span>
     <span class='ocr_line' id='line_1_32' title="bbox 94 1849 937 1897; baseline 0.004 -14"><span class='ocrx_word' id='word_1_267' title='bbox 94 1849 193 1885; x_wconf 89' lang='lat' dir='ltr'>iustitiae</span> <span class='ocrx_word' id='word_1_268' title='bbox 218 1850 341 1895; x_wconf 88' lang='lat' dir='ltr'>imputatae</span> <span class='ocrx_word' id='word_1_269' title='bbox 367 1851 462 1895; x_wconf 87' lang='lat' dir='ltr'>quinque</span> <span class='ocrx_word' id='word_1_270' title='bbox 487 1850 584 1895; x_wconf 82' lang='lat' dir='ltr'>theologi</span> <span class='ocrx_word' id='word_1_271' title='bbox 610 1850 782 1888; x_wconf 88' lang='lat' dir='ltr'>affirmaverunt.</span> <span class='ocrx_word' id='word_1_272' title='bbox 810 1851 937 1897; x_wconf 87' lang='lat' dir='ltr'>Alphonsus</span> 
     </span>
     <span class='ocr_line' id='line_1_33' title="bbox 96 1900 937 1949; baseline 0.004 -13"><span class='ocrx_word' id='word_1_273' title='bbox 96 1900 235 1937; x_wconf 83' lang='lat' dir='ltr'>salmeron</span> <span class='ocrx_word' id='word_1_274' title='bbox 248 1902 268 1939; x_wconf 85' lang='lat' dir='ltr'>S.</span> <span class='ocrx_word' id='word_1_275' title='bbox 282 1903 299 1938; x_wconf 87' lang='lat' dir='ltr'>J.</span> <span class='ocrx_word' id='word_1_276' title='bbox 311 1903 366 1938; x_wconf 86' lang='lat' dir='ltr'>bene</span> <span class='ocrx_word' id='word_1_277' title='bbox 378 1902 478 1939; x_wconf 82' lang='lat' dir='ltr'>distinxit</span> <span class='ocrx_word' id='word_1_278' title='bbox 492 1902 528 1948; x_wconf 79' lang='lat'>(16.</span> <span class='ocrx_word' id='word_1_279' title='bbox 542 1903 610 1949; x_wconf 84' lang='lat' dir='ltr'>Oct.):</span> <span class='ocrx_word' id='word_1_280' title='bbox 627 1903 716 1939; x_wconf 86' lang='lat' dir='ltr'>Iustitia</span> <span class='ocrx_word' id='word_1_281' title='bbox 728 1903 810 1940; x_wconf 88' lang='lat' dir='ltr'>Christi</span> <span class='ocrx_word' id='word_1_282' title='bbox 823 1905 856 1941; x_wconf 91' lang='lat' dir='ltr'>est</span> <span class='ocrx_word' id='word_1_283' title='bbox 868 1913 937 1941; x_wconf 82' lang='lat' dir='ltr'>causo</span> 
     </span>
     <span class='ocr_line' id='line_1_34' title="bbox 94 1952 937 2001; baseline 0.006 -16"><span class='ocrx_word' id='word_1_284' title='bbox 94 1952 207 1988; x_wconf 80' lang='lat' dir='ltr'>meritoria</span> <span class='ocrx_word' id='word_1_285' title='bbox 226 1953 314 1988; x_wconf 89' lang='lat' dir='ltr'>nostrae</span> <span class='ocrx_word' id='word_1_286' title='bbox 333 1953 432 1989; x_wconf 88' lang='lat' dir='ltr'>iustitiae</span> <span class='ocrx_word' id='word_1_287' title='bbox 450 1953 594 1997; x_wconf 89' lang='lat' dir='ltr'>inhaerentis,</span> <span class='ocrx_word' id='word_1_288' title='bbox 615 1955 653 1990; x_wconf 90' lang='lat' dir='ltr'>sed</span> <span class='ocrx_word' id='word_1_289' title='bbox 672 1963 717 1990; x_wconf 92' lang='lat' dir='ltr'>non</span> <span class='ocrx_word' id='word_1_290' title='bbox 734 1955 856 2001; x_wconf 86' lang='lat' dir='ltr'>requiritur</span> <span class='ocrx_word' id='word_1_291' title='bbox 874 1964 937 2000; x_wconf 89' lang='lat' dir='ltr'>prae-</span> 
     </span>
     <span class='ocr_line' id='line_1_35' title="bbox 93 2003 935 2053; baseline 0.006 -15"><span class='ocrx_word' id='word_1_292' title='bbox 93 2004 154 2039; x_wconf 88' lang='lat' dir='ltr'>terea</span> <span class='ocrx_word' id='word_1_293' title='bbox 169 2003 246 2048; x_wconf 89' lang='lat' dir='ltr'>aliqua</span> <span class='ocrx_word' id='word_1_294' title='bbox 261 2004 360 2040; x_wconf 87' lang='lat' dir='ltr'>iustitiae</span> <span class='ocrx_word' id='word_1_295' title='bbox 377 2005 458 2041; x_wconf 88' lang='lat' dir='ltr'>Christi</span> <span class='ocrx_word' id='word_1_296' title='bbox 479 2005 603 2050; x_wconf 82' lang='lat' dir='ltr'>imputatio.</span> <span class='ocrx_word' id='word_1_297' title='bbox 627 2006 799 2043; x_wconf 86' lang='lat' dir='ltr'>Accuratissime</span> <span class='ocrx_word' id='word_1_298' title='bbox 824 2007 861 2053; x_wconf 75' lang='lat'>(26.</span> <span class='ocrx_word' id='word_1_299' title='bbox 880 2007 935 2052; x_wconf 92' lang='lat' dir='ltr'>Oct.)</span> 
     </span>
     <span class='ocr_line' id='line_1_36' title="bbox 93 2055 937 2106; baseline 0.005 -16"><span class='ocrx_word' id='word_1_300' title='bbox 93 2055 136 2091; x_wconf 91' lang='lat' dir='ltr'>lac.</span> <span class='ocrx_word' id='word_1_301' title='bbox 149 2056 246 2091; x_wconf 89' lang='lat' dir='ltr'>Lainez</span> <span class='ocrx_word' id='word_1_302' title='bbox 258 2056 278 2092; x_wconf 87' lang='lat' dir='ltr'>S.</span> <span class='ocrx_word' id='word_1_303' title='bbox 292 2057 309 2092; x_wconf 89' lang='lat' dir='ltr'>J.</span> <span class='ocrx_word' id='word_1_304' title='bbox 323 2065 398 2092; x_wconf 89' lang='lat' dir='ltr'>coram</span> <span class='ocrx_word' id='word_1_305' title='bbox 410 2057 517 2102; x_wconf 85' lang='lat' dir='ltr'>theologis</span> <span class='ocrx_word' id='word_1_306' title='bbox 530 2057 683 2102; x_wconf 86' lang='lat' dir='ltr'>quaestionem</span> <span class='ocrx_word' id='word_1_307' title='bbox 695 2059 831 2095; x_wconf 83' lang='lat' dir='ltr'>examinavit</span> <span class='ocrx_word' id='word_1_308' title='bbox 845 2059 937 2106; x_wconf 70' lang='lat' dir='ltr'>(Hetner</span> 
     </span>
     <span class='ocr_line' id='line_1_37' title="bbox 92 2106 934 2158; baseline 0.005 -15"><span class='ocrx_word' id='word_1_309' title='bbox 92 2106 201 2153; x_wconf 67' lang='lat' dir='ltr'>ard—236).</span> <span class='ocrx_word' id='word_1_310' title='bbox 225 2108 280 2144; x_wconf 91' lang='lat' dir='ltr'>Cum</span> <span class='ocrx_word' id='word_1_311' title='bbox 300 2108 343 2154; x_wconf 87' lang='lat' dir='ltr'>ipsi</span> <span class='ocrx_word' id='word_1_312' title='bbox 363 2108 458 2154; x_wconf 88' lang='lat' dir='ltr'>praelati</span> <span class='ocrx_word' id='word_1_313' title='bbox 472 2118 519 2145; x_wconf 89' lang='lat' dir='ltr'>rem</span> <span class='ocrx_word' id='word_1_314' title='bbox 534 2109 670 2146; x_wconf 82' lang='lat' dir='ltr'>discuterent</span> <span class='ocrx_word' id='word_1_315' title='bbox 692 2110 712 2157; x_wconf 86' lang='lat'>(9</span> <span class='ocrx_word' id='word_1_316' title='bbox 726 2111 779 2147; x_wconf 90' lang='lat' dir='ltr'>Nov.</span> <span class='ocrx_word' id='word_1_317' title='bbox 796 2112 826 2147; x_wconf 90' lang='lat' dir='ltr'>ad</span> <span class='ocrx_word' id='word_1_318' title='bbox 842 2112 851 2147; x_wconf 94' lang='lat'>1</span> <span class='ocrx_word' id='word_1_319' title='bbox 866 2113 934 2158; x_wconf 79' lang='lat' dir='ltr'>Dec),</span> 
     </span>
     <span class='ocr_line' id='line_1_38' title="bbox 93 2158 936 2205; baseline 0.008 -13"><span class='ocrx_word' id='word_1_320' title='bbox 93 2158 216 2204; x_wconf 84' lang='lat' dir='ltr'>Seripando</span> <span class='ocrx_word' id='word_1_321' title='bbox 226 2159 299 2203; x_wconf 83' lang='lat' dir='ltr'>magis</span> <span class='ocrx_word' id='word_1_322' title='bbox 309 2160 424 2205; x_wconf 82' lang='lat' dir='ltr'>magisque</span> <span class='ocrx_word' id='word_1_323' title='bbox 434 2161 534 2197; x_wconf 87' lang='lat' dir='ltr'>recedere</span> <span class='ocrx_word' id='word_1_324' title='bbox 545 2162 671 2205; x_wconf 84' lang='lat' dir='ltr'>cogebatur.</span> <span class='ocrx_word' id='word_1_325' title='bbox 684 2163 764 2200; x_wconf 87' lang='lat' dir='ltr'>Omnes</span> <span class='ocrx_word' id='word_1_326' title='bbox 776 2163 866 2199; x_wconf 88' lang='lat' dir='ltr'>tandem</span> <span class='ocrx_word' id='word_1_327' title='bbox 877 2164 936 2199; x_wconf 89' lang='lat' dir='ltr'>clare</span> 
     </span>
     <span class='ocr_line' id='line_1_39' title="bbox 92 2211 936 2258; baseline 0.007 -15"><span class='ocrx_word' id='word_1_328' title='bbox 92 2211 242 2254; x_wconf 86' lang='lat' dir='ltr'>cognoverunt</span> <span class='ocrx_word' id='word_1_329' title='bbox 261 2211 405 2248; x_wconf 83' lang='lat' dir='ltr'>formulam</span> <span class='ocrx_word' id='word_1_330' title='bbox 424 2212 542 2258; x_wconf 86' lang='lat' dir='ltr'>duplicis</span> <span class='ocrx_word' id='word_1_331' title='bbox 562 2213 689 2250; x_wconf 88' lang='lat' dir='ltr'>iustitiae</span> <span class='ocrx_word' id='word_1_332' title='bbox 709 2213 835 2251; x_wconf 76' lang='lat' dir='ltr'>formalis</span> <span class='ocrx_word' id='word_1_333' title='bbox 855 2215 936 2251; x_wconf 87' lang='lat' dir='ltr'>susti-</span> 
     </span>
     <span class='ocr_line' id='line_1_40' title="bbox 92 2261 936 2313; baseline 0.008 -18"><span class='ocrx_word' id='word_1_334' title='bbox 92 2261 150 2302; x_wconf 84' lang='lat' dir='ltr'>neri</span> <span class='ocrx_word' id='word_1_335' title='bbox 166 2270 219 2297; x_wconf 91' lang='lat' dir='ltr'>non</span> <span class='ocrx_word' id='word_1_336' title='bbox 234 2271 321 2308; x_wconf 86' lang='lat' dir='ltr'>posse,</span> <span class='ocrx_word' id='word_1_337' title='bbox 339 2263 415 2309; x_wconf 90' lang='lat' dir='ltr'>utpote</span> <span class='ocrx_word' id='word_1_338' title='bbox 432 2273 488 2308; x_wconf 90' lang='lat' dir='ltr'>quae</span> <span class='ocrx_word' id='word_1_339' title='bbox 504 2264 614 2301; x_wconf 88' lang='lat' dir='ltr'>iustitiam</span> <span class='ocrx_word' id='word_1_340' title='bbox 632 2265 785 2302; x_wconf 87' lang='lat' dir='ltr'>inhaerentem</span> <span class='ocrx_word' id='word_1_341' title='bbox 799 2267 875 2304; x_wconf 83' lang='lat' dir='ltr'>valore</span> <span class='ocrx_word' id='word_1_342' title='bbox 892 2268 936 2313; x_wconf 88' lang='lat' dir='ltr'>pri-</span> 
     </span>
     <span class='ocr_line' id='line_1_41' title="bbox 91 2313 935 2365; baseline 0.011 -18"><span class='ocrx_word' id='word_1_343' title='bbox 91 2313 127 2347; x_wconf 88' lang='lat' dir='ltr'>vet</span> <span class='ocrx_word' id='word_1_344' title='bbox 137 2314 158 2348; x_wconf 92' lang='lat' dir='ltr'>et</span> <span class='ocrx_word' id='word_1_345' title='bbox 168 2314 328 2359; x_wconf 88' lang='lat' dir='ltr'>consequenter</span> <span class='ocrx_word' id='word_1_346' title='bbox 339 2315 368 2350; x_wconf 93' lang='lat' dir='ltr'>ad</span> <span class='ocrx_word' id='word_1_347' title='bbox 379 2324 463 2351; x_wconf 90' lang='lat' dir='ltr'>errores</span> <span class='ocrx_word' id='word_1_348' title='bbox 475 2316 651 2353; x_wconf 89' lang='lat' dir='ltr'>Protestantium</span> <span class='ocrx_word' id='word_1_349' title='bbox 664 2319 735 2355; x_wconf 89' lang='lat' dir='ltr'>ducat.</span> <span class='ocrx_word' id='word_1_350' title='bbox 751 2320 793 2355; x_wconf 85' lang='lat' dir='ltr'>Sed</span> <span class='ocrx_word' id='word_1_351' title='bbox 804 2321 849 2355; x_wconf 88' lang='lat' dir='ltr'>ista</span> <span class='ocrx_word' id='word_1_352' title='bbox 860 2320 935 2365; x_wconf 87' lang='lat' dir='ltr'>opinio</span> 
     </span>
     <span class='ocr_line' id='line_1_42' title="bbox 92 2365 935 2412; baseline 0.009 -14"><span class='ocrx_word' id='word_1_353' title='bbox 92 2373 121 2398; x_wconf 88' lang='lat' dir='ltr'>ex</span> <span class='ocrx_word' id='word_1_354' title='bbox 138 2365 210 2401; x_wconf 90' lang='lat' dir='ltr'>veris</span> <span class='ocrx_word' id='word_1_355' title='bbox 229 2365 299 2401; x_wconf 91' lang='lat' dir='ltr'>ideis</span> <span class='ocrx_word' id='word_1_356' title='bbox 318 2367 425 2411; x_wconf 82' lang='lat' dir='ltr'>originem</span> <span class='ocrx_word' id='word_1_357' title='bbox 444 2368 581 2412; x_wconf 87' lang='lat' dir='ltr'>sumpserat:</span> <span class='ocrx_word' id='word_1_358' title='bbox 603 2369 685 2405; x_wconf 88' lang='lat' dir='ltr'>Nostra</span> <span class='ocrx_word' id='word_1_359' title='bbox 703 2370 791 2406; x_wconf 90' lang='lat' dir='ltr'>iustitia</span> <span class='ocrx_word' id='word_1_360' title='bbox 810 2381 825 2407; x_wconf 91' lang='lat' dir='ltr'>a</span> <span class='ocrx_word' id='word_1_361' title='bbox 843 2372 893 2407; x_wconf 89' lang='lat' dir='ltr'>Deo</span> <span class='ocrx_word' id='word_1_362' title='bbox 913 2372 935 2408; x_wconf 90' lang='lat' dir='ltr'>et</span> 
     </span>
     <span class='ocr_line' id='line_1_43' title="bbox 92 2414 935 2469; baseline 0.009 -20"><span class='ocrx_word' id='word_1_363' title='bbox 92 2414 208 2459; x_wconf 86' lang='lat' dir='ltr'>Christo,</span> <span class='ocrx_word' id='word_1_364' title='bbox 229 2419 304 2453; x_wconf 87' lang='lat' dir='ltr'>causis</span> <span class='ocrx_word' id='word_1_365' title='bbox 323 2418 428 2454; x_wconf 86' lang='lat' dir='ltr'>efficiente</span> <span class='ocrx_word' id='word_1_366' title='bbox 447 2419 468 2455; x_wconf 89' lang='lat' dir='ltr'>et</span> <span class='ocrx_word' id='word_1_367' title='bbox 486 2420 608 2464; x_wconf 89' lang='lat' dir='ltr'>meritoria,</span> <span class='ocrx_word' id='word_1_368' title='bbox 629 2430 696 2465; x_wconf 92' lang='lat' dir='ltr'>quam</span> <span class='ocrx_word' id='word_1_369' title='bbox 715 2421 810 2459; x_wconf 85' lang='lat' dir='ltr'>maxime</span> <span class='ocrx_word' id='word_1_370' title='bbox 831 2431 935 2469; x_wconf 92' lang='lat' dir='ltr'>semper</span> 
     </span>
     <span class='ocr_line' id='line_1_44' title="bbox 91 2466 932 2516; baseline 0.012 -15"><span class='ocrx_word' id='word_1_371' title='bbox 91 2466 232 2512; x_wconf 88' lang='lat' dir='ltr'>dependet;</span> <span class='ocrx_word' id='word_1_372' title='bbox 244 2468 296 2504; x_wconf 86' lang='lat' dir='ltr'>hinc</span> <span class='ocrx_word' id='word_1_373' title='bbox 308 2478 368 2505; x_wconf 90' lang='lat' dir='ltr'>vana</span> <span class='ocrx_word' id='word_1_374' title='bbox 378 2470 480 2516; x_wconf 87' lang='lat' dir='ltr'>propriae</span> <span class='ocrx_word' id='word_1_375' title='bbox 492 2471 593 2508; x_wconf 89' lang='lat' dir='ltr'>iustitiae</span> <span class='ocrx_word' id='word_1_376' title='bbox 605 2472 687 2509; x_wconf 86' lang='lat' dir='ltr'>fiducia</span> <span class='ocrx_word' id='word_1_377' title='bbox 700 2474 789 2509; x_wconf 85' lang='lat' dir='ltr'>omnino</span> <span class='ocrx_word' id='word_1_378' title='bbox 802 2474 932 2511; x_wconf 84' lang='lat' dir='ltr'>excluditur.</span> 
     </span>
     <span class='ocr_line' id='line_1_45' title="bbox 90 2517 935 2565; baseline 0.012 -14"><span class='ocrx_word' id='word_1_379' title='bbox 90 2517 183 2563; x_wconf 86' lang='lat' dir='ltr'>Propter</span> <span class='ocrx_word' id='word_1_380' title='bbox 197 2520 356 2565; x_wconf 86' lang='lat' dir='ltr'>perdurantem</span> <span class='ocrx_word' id='word_1_381' title='bbox 372 2521 514 2558; x_wconf 85' lang='lat' dir='ltr'>rebellionem</span> <span class='ocrx_word' id='word_1_382' title='bbox 529 2524 604 2560; x_wconf 88' lang='lat' dir='ltr'>carnis</span> <span class='ocrx_word' id='word_1_383' title='bbox 620 2524 707 2561; x_wconf 87' lang='lat' dir='ltr'>iustitia</span> <span class='ocrx_word' id='word_1_384' title='bbox 722 2525 843 2562; x_wconf 87' lang='lat' dir='ltr'>inhaerens</span> <span class='ocrx_word' id='word_1_385' title='bbox 858 2527 935 2563; x_wconf 87' lang='lat' dir='ltr'>manet</span> 
     </span>
     <span class='ocr_line' id='line_1_46' title="bbox 90 2569 934 2621; baseline 0.012 -17"><span class='ocrx_word' id='word_1_386' title='bbox 90 2569 251 2615; x_wconf 76' lang='lat' dir='ltr'>imperfecta</span> <span class='ocrx_word' id='word_1_387' title='bbox 270 2581 309 2608; x_wconf 88' lang='lat' dir='ltr'>nec</span> <span class='ocrx_word' id='word_1_388' title='bbox 329 2573 374 2608; x_wconf 91' lang='lat' dir='ltr'>nisi</span> <span class='ocrx_word' id='word_1_389' title='bbox 392 2572 452 2608; x_wconf 89' lang='lat' dir='ltr'>lento</span> <span class='ocrx_word' id='word_1_390' title='bbox 470 2583 577 2620; x_wconf 88' lang='lat' dir='ltr'>processu</span> <span class='ocrx_word' id='word_1_391' title='bbox 596 2576 682 2621; x_wconf 85' lang='lat' dir='ltr'>integer</span> <span class='ocrx_word' id='word_1_392' title='bbox 701 2576 768 2614; x_wconf 88' lang='lat' dir='ltr'>homo</span> <span class='ocrx_word' id='word_1_393' title='bbox 787 2577 869 2614; x_wconf 88' lang='lat' dir='ltr'>iterum</span> <span class='ocrx_word' id='word_1_394' title='bbox 888 2580 934 2614; x_wconf 88' lang='lat' dir='ltr'>Deo</span> 
     </span>
     <span class='ocr_line' id='line_1_47' title="bbox 90 2619 934 2666; baseline 0.014 -12"><span class='ocrx_word' id='word_1_395' title='bbox 90 2619 154 2665; x_wconf 90' lang='lat' dir='ltr'>plene</span> <span class='ocrx_word' id='word_1_396' title='bbox 171 2623 284 2660; x_wconf 70' lang='lat' dir='ltr'>subicitur,</span> <span class='ocrx_word' id='word_1_397' title='bbox 303 2624 378 2660; x_wconf 87' lang='lat' dir='ltr'>Virtus</span> <span class='ocrx_word' id='word_1_398' title='bbox 395 2625 424 2660; x_wconf 90' lang='lat' dir='ltr'>ad</span> <span class='ocrx_word' id='word_1_399' title='bbox 439 2625 479 2662; x_wconf 91' lang='grc'><strong>1166</strong></span> <span class='ocrx_word' id='word_1_400' title='bbox 496 2627 624 2663; x_wconf 86' lang='grc'><strong>6666666116</strong></span> <span class='ocrx_word' id='word_1_401' title='bbox 639 2638 665 2664; x_wconf 92' lang='lat' dir='ltr'>ex</span> <span class='ocrx_word' id='word_1_402' title='bbox 681 2628 762 2665; x_wconf 86' lang='lat' dir='ltr'>intima</span> <span class='ocrx_word' id='word_1_403' title='bbox 778 2638 829 2665; x_wconf 90' lang='lat' dir='ltr'>cum</span> <span class='ocrx_word' id='word_1_404' title='bbox 846 2630 934 2666; x_wconf 88' lang='lat' dir='ltr'>Christo</span> 
     </span>
     <span class='ocr_line' id='line_1_48' title="bbox 89 2673 933 2719; baseline 0.015 -13"><span class='ocrx_word' id='word_1_405' title='bbox 89 2673 170 2709; x_wconf 89' lang='lat' dir='ltr'>unione</span> <span class='ocrx_word' id='word_1_406' title='bbox 184 2674 295 2719; x_wconf 86' lang='lat' dir='ltr'>hauritur,</span> <span class='ocrx_word' id='word_1_407' title='bbox 311 2677 332 2711; x_wconf 89' lang='lat' dir='ltr'>et</span> <span class='ocrx_word' id='word_1_408' title='bbox 345 2676 386 2711; x_wconf 88' lang='lat' dir='ltr'>hcc</span> <span class='ocrx_word' id='word_1_409' title='bbox 400 2676 465 2712; x_wconf 90' lang='lat' dir='ltr'>modo</span> <span class='ocrx_word' id='word_1_410' title='bbox 477 2678 573 2714; x_wconf 91' lang='lat' dir='ltr'>vulnera</span> <span class='ocrx_word' id='word_1_411' title='bbox 587 2680 676 2716; x_wconf 90' lang='lat' dir='ltr'>animae</span> <span class='ocrx_word' id='word_1_412' title='bbox 691 2679 808 2718; x_wconf 83' lang='lat' dir='ltr'>efficaciter</span> <span class='ocrx_word' id='word_1_413' title='bbox 823 2684 933 2719; x_wconf 88' lang='lat' dir='ltr'>sanantur</span> 
     </span>
     <span class='ocr_line' id='line_1_49' title="bbox 91 2723 933 2780; baseline 0.014 -22"><span class='ocrx_word' id='word_1_414' title='bbox 91 2723 157 2767; x_wconf 90' lang='lat' dir='ltr'>(quod</span> <span class='ocrx_word' id='word_1_415' title='bbox 168 2734 231 2762; x_wconf 87' lang='lat' dir='ltr'>mera</span> <span class='ocrx_word' id='word_1_416' title='bbox 243 2727 389 2772; x_wconf 88' lang='lat' dir='ltr'>imputatione</span> <span class='ocrx_word' id='word_1_417' title='bbox 402 2728 501 2765; x_wconf 90' lang='lat' dir='ltr'>iustitiae</span> <span class='ocrx_word' id='word_1_418' title='bbox 515 2731 597 2767; x_wconf 88' lang='lat' dir='ltr'>Christi</span> <span class='ocrx_word' id='word_1_419' title='bbox 610 2740 656 2767; x_wconf 92' lang='lat' dir='ltr'>non</span> <span class='ocrx_word' id='word_1_420' title='bbox 668 2732 744 2778; x_wconf 89' lang='lat' dir='ltr'>fieret).</span> <span class='ocrx_word' id='word_1_421' title='bbox 760 2734 807 2770; x_wconf 91' lang='lat' dir='ltr'>Ista</span> <span class='ocrx_word' id='word_1_422' title='bbox 820 2735 933 2780; x_wconf 89' lang='lat' dir='ltr'>imperiec-</span> 
     </span>
     <span class='ocr_line' id='line_1_50' title="bbox 88 2774 933 2829; baseline 0.017 -20"><span class='ocrx_word' id='word_1_423' title='bbox 88 2774 120 2808; x_wconf 88' lang='lat' dir='ltr'>tio</span> <span class='ocrx_word' id='word_1_424' title='bbox 133 2775 233 2814; x_wconf 86' lang='grc'><strong>166111166</strong></span> <span class='ocrx_word' id='word_1_425' title='bbox 247 2779 280 2814; x_wconf 88' lang='grc'>661</span> <span class='ocrx_word' id='word_1_426' title='bbox 292 2779 357 2822; x_wconf 85' lang='grc'><strong>16116,</strong></span> <span class='ocrx_word' id='word_1_427' title='bbox 372 2789 412 2815; x_wconf 89' lang='lat' dir='ltr'>cur</span> <span class='ocrx_word' id='word_1_428' title='bbox 425 2780 490 2817; x_wconf 89' lang='lat' dir='ltr'>homo</span> <span class='ocrx_word' id='word_1_429' title='bbox 505 2783 553 2818; x_wconf 88' lang='lat' dir='ltr'>sine</span> <span class='ocrx_word' id='word_1_430' title='bbox 568 2783 659 2829; x_wconf 85' lang='lat' dir='ltr'>speciali</span> <span class='ocrx_word' id='word_1_431' title='bbox 672 2783 807 2823; x_wconf 90' lang='lat' dir='ltr'>revelatione</span> <span class='ocrx_word' id='word_1_432' title='bbox 822 2794 878 2829; x_wconf 55' lang='lat' dir='ltr'>non,</span> <span class='ocrx_word' id='word_1_433' title='bbox 887 2787 933 2823; x_wconf 83' lang='lat' dir='ltr'>ha-</span> 
     </span>
     <span class='ocr_line' id='line_1_51' title="bbox 89 2824 933 2875; baseline 0.019 -16"><span class='ocrx_word' id='word_1_434' title='bbox 89 2824 149 2861; x_wconf 86' lang='lat' dir='ltr'>beat</span> <span class='ocrx_word' id='word_1_435' title='bbox 164 2828 344 2867; x_wconf 73' lang='lat' dir='ltr'>infallibilem</span> <span class='ocrx_word' id='word_1_436' title='bbox 359 2831 552 2870; x_wconf 86' lang='lat' dir='ltr'>certitudinem</span> <span class='ocrx_word' id='word_1_437' title='bbox 569 2835 595 2871; x_wconf 91' lang='lat' dir='ltr'>de</span> <span class='ocrx_word' id='word_1_438' title='bbox 611 2836 700 2872; x_wconf 85' lang='lat' dir='ltr'>obtenta</span> <span class='ocrx_word' id='word_1_439' title='bbox 716 2837 880 2875; x_wconf 85' lang='lat' dir='ltr'>iustificatione.</span> <span class='ocrx_word' id='word_1_440' title='bbox 899 2839 933 2875; x_wconf 89' lang='lat' dir='ltr'>Ad</span> 
     </span>
    </p>
   </div>
   <div class='ocr_carea' id='block_1_6' title="bbox 88 2874 933 2982">
    <p class='ocr_par' dir='ltr' id='par_1_6' title="bbox 88 2874 933 2982">
     <span class='ocr_line' id='line_1_52' title="bbox 88 2874 933 2934; baseline 0.019 -24"><span class='ocrx_word' id='word_1_441' title='bbox 88 2874 146 2934; x_wconf 84' lang='lat' dir='ltr'>hanc</span> <span class='ocrx_word' id='word_1_442' title='bbox 160 2878 284 2919; x_wconf 86' lang='lat' dir='ltr'>doctrinam</span> <span class='ocrx_word' id='word_1_443' title='bbox 298 2882 455 2920; x_wconf 79' lang='lat' dir='ltr'>stabiliendam</span> <span class='ocrx_word' id='word_1_444' title='bbox 468 2886 619 2923; x_wconf 83' lang='lat' dir='ltr'>controversia</span> <span class='ocrx_word' id='word_1_445' title='bbox 632 2896 647 2924; x_wconf 84' lang='lat' dir='ltr'>a</span> <span class='ocrx_word' id='word_1_446' title='bbox 661 2888 783 2934; x_wconf 87' lang='lat' dir='ltr'>Seripando</span> <span class='ocrx_word' id='word_1_447' title='bbox 797 2891 858 2927; x_wconf 88' lang='lat' dir='ltr'>mota</span> <span class='ocrx_word' id='word_1_448' title='bbox 871 2891 933 2926; x_wconf 93' lang='lat' dir='ltr'>haud</span> 
     </span>
     <span class='ocr_line' id='line_1_53' title="bbox 88 2933 524 2982; baseline 0.028 -21"><span class='ocrx_word' id='word_1_449' title='bbox 88 2936 181 2972; x_wconf 80' lang='lat' dir='ltr'>exiguae</span> <span class='ocrx_word' id='word_1_450' title='bbox 197 2933 245 2967; x_wconf 86' lang='lat' dir='ltr'>erat</span> <span class='ocrx_word' id='word_1_451' title='bbox 260 2933 365 2969; x_wconf 88' lang='lat' dir='ltr'>utilitatis</span> <span class='ocrx_word' id='word_1_452' title='bbox 382 2934 416 2978; x_wconf 84' lang='lat' dir='ltr'>(ct.</span> <span class='ocrx_word' id='word_1_453' title='bbox 434 2944 455 2972; x_wconf 91' lang='grc'>6.</span> <span class='ocrx_word' id='word_1_454' title='bbox 473 2935 524 2982; x_wconf 86' lang='grc'><strong>331).</strong></span> 
     </span>
    </p>
   </div>
   <div class='ocr_carea' id='block_1_7' title="bbox 0 0 1112 3350">
    <p class='ocr_par' dir='ltr' id='par_1_7' title="bbox 0 0 1112 3350">
     <span class='ocr_line' id='line_1_54' title="bbox 0 0 1112 3350; baseline 0 6"><span class='ocrx_word' id='word_1_455' title='bbox 0 0 1112 3350; x_wconf 95' lang='lat' dir='ltr'> </span> 
     </span>
    </p>
   </div>
  </div>
 </body>
</html>
