2214 3350
128 158 164 194 406
318 159 388 195 sectio
405 160 439 195 IV.
458 161 489 194 De
505 159 587 195 natura
603 157 689 203 gratiae
706 157 800 193 actualis

127 266 178 306 solo
185 267 284 315 obiecto,
297 268 339 307 sed
348 267 480 317 requiritur
489 269 596 308 internus
608 267 707 318 quiriani
716 266 825 316 inflatius
836 271 976 316 supernatu-

127 330 192 377 ralis,
206 330 222 369 1,
230 341 250 370 0.
264 329 343 380 gratia
352 331 452 371 actualis
464 331 569 371 excitans
583 332 610 382 (Ρ
623 342 646 370 n.
657 332 709 378 ‘1123
722 329 775 369 Ber.
784 340 808 368 n.
816 332 857 371 223
868 340 930 380 resp.
938 328 973 379 b).
1003 340 1005 344 ’

127 393 228 433 —Ata
242 393 318 442 priori
335 405 383 433 non
398 393 492 435 videtur
513 394 582 434 nobis
603 391 717 440 constare,
735 402 858 443 quousque
879 392 975 433 infusus

127 456 224 497 habitus
235 457 375 507 operativus
388 469 416 497 ep
429 468 478 496 rese
491 457 521 502 sit
533 459 642 495 actuosus
656 467 686 495 an
700 455 780 506 potius
790 457 862 496 iners.
878 457 904 497 Si
916 455 974 496 diffi-

127 518 203 559 culter
214 519 366 568 0101111100οὺ,
381 521 462 569 utique
474 517 611 569 requiescet,
626 518 700 559 donee
712 531 727 558 a
739 518 857 569 principio
870 520 974 569 quodam

127 582 231 630 externo,
250 583 374 623 entitativa
388 581 530 632 perfectione
547 582 592 622 sibi
609 582 674 621 haud
692 581 786 634 impari,
806 582 836 622 ad
853 582 974 632 agendum

127 644 249 685 excitetur.
263 646 311 686 Sed
323 657 366 686 cur
377 645 398 685 01
411 645 555 695 denegemus
566 656 619 685 eam
631 643 802 693 aetuositatem,
817 656 889 695 quam
903 644 974 685 Scho-

126 707 204 749 lastici
218 708 349 749 intellectui
363 707 442 758 agenti
456 707 580 747 tribuunt?
594 707 647 756 Qui,
662 706 718 748 licet
732 708 782 757 ipse
797 708 828 748 sit
843 707 975 758 spiritualis

126 771 239 820 potentia,
257 771 337 811 tamen
352 781 400 810 non
415 770 539 820 permanet
554 771 580 809 in
596 769 659 810 statu
674 770 768 820 quietis,
785 771 859 811 donec
876 770 973 811 tandem

127 846 141 873 a
159 833 277 884 principio
297 833 386 884 pariter
404 833 523 883 spirituali
542 834 573 874 ad
591 833 711 884 agendum
730 832 851 881 excitetur,
872 834 913 875 sed
931 832 973 873 ubi

72 918 74 920 >
126 897 233 947 primum
248 897 392 947 phantasma
404 896 513 943 occurrit,
529 907 597 936 suam
612 896 697 945 incipit
710 895 879 947 operationem.
895 897 973 945 Quare

126 959 225 999 minime
244 970 378 1010 repugnare
396 959 491 999 videtur
508 959 608 1004 habitus,
624 971 717 1009 quoque
736 959 836 1000 infusos
847 959 972 1009 procedere
1013 999 1015 1002 .

125 1022 156 1062 ad
169 1022 299 1062 eliciendas
313 1021 482 1062 indeliberatas
495 1020 648 1072 cogitationes
662 1023 685 1063 et
698 1021 837 1062 affectiones
850 1021 972 1062 eutitative

126 1084 327 1135 supernaturales,
352 1085 397 1124 ubi
419 1085 527 1135 primurn
550 1086 670 1125 obiectant
686 1091 776 1136 aptum,
795 1085 850 1125 licet
867 1084 973 1126 entitatis

125 1148 250 1195 naturalis,
267 1147 380 1198 potentiis
394 1148 488 1188 animae
504 1149 627 1199 offeratur.
645 1147 774 1189 Accedeute
789 1161 812 1189 v.
829 1160 851 1199 g.
867 1159 972 1199 paupere

125 1210 149 1251 et
165 1222 209 1262 per
227 1222 335 1251 amorem
351 1212 404 1251 lesu
424 1211 511 1252 Christi
529 1210 692 1261 eleemosynas
709 1210 802 1261 petente
822 1213 847 1251 in
866 1211 973 1262 quolibet

125 1274 193 1314 fideli
207 1274 315 1324 exsurgit
328 1273 437 1324 cogitatio
451 1273 609 1316 indeliberata
622 1275 651 1315 de
663 1285 734 1324 opere
748 1274 889 1315 christianae
903 1275 972 1314 mise-

125 1337 242 1388 ricordiae
257 1336 296 1376 hio
311 1336 335 1377 et
348 1348 412 1377 nunc
426 1335 534 1387 possibili
546 1337 569 1377 et
583 1337 608 1376 in
623 1338 688 1377 omni
703 1338 800 1378 homine
814 1348 862 1381 non
876 1337 984 1387 peni-tus.

125 1411 235 1449 perverso
262 1399 335 1439 etiam
361 1399 438 1439 oritur
462 1398 635 1456 indeliberatus
660 1399 834 1441 misericordiae
861 1400 969 1441 affectus.

87 1459 88 1462 ’
124 1462 249 1503 Eiusmodi
276 1461 344 1503 actus
371 1461 521 1503 indeliberati
543 1462 568 1502 10
589 1463 686 1503 bomine
712 1463 842 1503 habitualis
866 1463 972 1503 caritatis

123 1525 220 1575 experte
235 1536 282 1564 non
299 1524 370 1564 erunt
384 1524 583 1579 supernaturales,
601 1525 648 1565 nisi
663 1526 727 1565 Deus
742 1527 840 1575 speciali
855 1519 971 1566 concursu

123 1587 303 1637 supernaturali
325 1599 365 1628 eos
387 1587 462 1628 eleuet
485 1587 559 1638 atque
577 1587 622 1628 hoo
646 1588 716 1628 modo
740 1588 847 1642 conferat
869 1589 971 1640 pratiaru

123 1643 248 1699 actualem,
262 1662 324 1701 quae
337 1651 426 1701 absque
440 1651 515 1691 dubio·
526 1651 643 1692 rationem
655 1651 728 1692 habet
740 1653 797 1693 doni
809 1652 914 1707 gratuitu
929 1653 971 1693 sed

123 1714 149 1753 in
161 1715 258 1754 homine
270 1714 333 1754 iusto
344 1714 444 1764 sortasse
456 1725 557 1764 seraper,
572 1709 644 1763 idque
658 1715 842 1755 connaturaliter
855 1716 886 1755 ad
899 1727 972 1755 suuni

122 1782 212 1816 statari
224 1777 350 1825 elevatum,
364 1788 407 1827 per
419 1777 562 1827 respecturos
572 1777 670 1818 habitus
682 1778 774 1818 infusos
789 1777 916 1830 (simulque
927 1789 971 1829 per

123 1850 266 1880 concursum
283 1839 507 1889 correspondentem
525 1840 591 1881 iuxta
610 1851 634 1880 0,
653 1841 702 1891 529)
724 1841 841 1881 eiusmodi
859 1841 926 1882 actus
944 1842 970 1880 in

123 1914 167 1943 sua
183 1902 279 1944 entitate
297 1902 427 1943 elevantur.
447 1903 509 1943 Sane
525 1903 570 1943 hoo
588 1904 738 1953 suppositum
756 1915 811 1943 eum
829 1904 969 1944 certitudine

122 1965 217 2006 excludi
233 1976 281 2006 non
298 1964 380 2015 potest.

123 2103 178 2145 535.
208 2107 235 2156 ,6.
255 2103 280 2143 si
295 2114 346 2143 rem
370 2103 403 2143 ita
426 2113 475 2143 esse
498 2112 669 2153 supponamus,
685 2103 738 2143 tere
755 2103 816 2142 nihil
833 2102 905 2149 restat
922 2102 969 2143 nisi

122 2166 229 2217 quaestio
245 2166 273 2205 de
288 2165 393 2212 nornine,
409 2176 494 2215 nempe
509 2165 592 2218 utrum
606 2165 632 2204 in
646 2165 707 2205 iusto
722 2164 794 2205 talem
809 2166 888 2205 actum
904 2166 968 2206 inde-

121 2228 259 2276 liberatum,
280 2219 465 2267 connaturaliter
484 2228 514 2267 ad
533 2227 609 2268 totum
628 2227 766 2268 elevationis
782 2227 872 2268 statum
889 2239 968 2280 super-

121 2291 264 2333 naturaliter
288 2290 415 2338 elevatum,
431 2290 561 2340 possimus
578 2290 616 2331 vel
635 2289 708 2331 etiam
733 2292 862 2331 debeamus
884 2303 968 2332 vocare

121 2367 212 2396 nouum
232 2355 353 2395 auriliana
370 2355 460 2405 pratiae
480 2355 586 2403 actualia,
609 2355 638 2394 ab
659 2354 779 2395 habitibus
801 2356 890 2396 ratione
911 2356 968 2396 doni

121 2420 170 2460 siue
190 2421 279 2471 favoris
303 2420 450 2459 distinctum.
474 2418 562 2469 Aliqua
584 2419 661 2469 gratia
682 2418 800 2460 externa
821 2419 871 2461 sine
894 2421 967 2461 dubio

121 2483 233 2524 habetur
254 2483 375 2534 Benignae
391 2482 455 2523 enim
472 2482 519 2531 Dei
532 2482 699 2532 providentiae·
718 2483 902 2524 adscribendum
924 2484 966 2534 est,

121 2549 186 2599 quod
208 2557 302 2598 pauper
315 2546 474 2587 'iste‘obviam
497 2546 565 2587 venit
579 2545 780 2598 eteleemosynas
803 2548 901 2598 rogavit.
929 2549 967 2588 Sic

121 2622 202 2651 ornnes
220 2611 354 2651 occasiones
371 2612 488 2651 uirtuturn
506 2603 692 2652 exercendarum
710 2612 735 2651 in
753 2611 796 2651 hoc
814 2612 897 2653 ordine
914 2625 967 2664 pro-

121 2675 226 2715 uidentia
241 2676 286 2715 Dei
302 2675 480 2725 supernaturali
496 2673 671 2731 dispensantur.
693 2701 725 2705 -
746 2675 851 2716 Beraza
876 2676 908 2726 (n.
926 2679 967 2717 223

121 2750 182 2790 resp.
200 2739 221 2789 a)
237 2738 358 2779 existimat
371 2738 396 2778 id
411 2738 523 2789 sulficere
540 2739 569 2778 ad
585 2732 702 2779 rationem
716 2749 786 2778 verae
801 2733 891 2788 gratiae
907 2741 967 2780 exci-

121 2803 200 2843 tantis.
220 2798 311 2843 Billot
328 2813 340 2842 0
358 2802 439 2842 contra
460 2802 510 2853 (qui
529 2801 611 2852 utique
629 2793 783 2843 conformiter
801 2804 832 2844 ad
850 2815 919 2844 suam
937 2804 966 2843 de

120 2867 222 2908 essentia
240 2867 329 2916 gratiae
347 2866 447 2915 actualis
465 2866 606 2907 sententiam
625 2867 704 2917 potius
721 2868 751 2907 ad
769 2865 899 2910 motionem
918 2867 966 2908 sive

120 2932 305 2982 applicationem
324 2928 431 2971 divinam
450 2938 524 2981 quam
544 2932 574 2990 ad
594 2921 886 2989 0011100110100011001111)
910 2931 967 2973 dicit
