<?xml version="1.0" encoding="UTF-8"?>
<!DOCTYPE html PUBLIC "-//W3C//DTD XHTML 1.0 Transitional//EN"
    "http://www.w3.org/TR/xhtml1/DTD/xhtml1-transitional.dtd">
<html xmlns="http://www.w3.org/1999/xhtml" xml:lang="en" lang="en">
 <head>
  <title>
</title>
<meta http-equiv="Content-Type" content="text/html;charset=utf-8" />
  <meta name='ocr-system' content='tesseract 3.04.00' />
  <meta name='ocr-capabilities' content='ocr_page ocr_carea ocr_par ocr_line ocrx_word'/>
</head>
<body>
  <div class='ocr_page' id='page_1' title='image "./MN41637ucmf_2_0134.png"; bbox 0 0 2214 3350; ppageno 0'>
   <div class='ocr_carea' id='block_1_1' title="bbox 154 156 881 223">
    <p class='ocr_par' dir='ltr' id='par_1_1' title="bbox 154 156 881 223">
     <span class='ocr_line' id='line_1_1' title="bbox 154 156 881 223; baseline -0.003 -17"><span class='ocrx_word' id='word_1_1' title='bbox 154 168 191 206; x_wconf 65' lang='lat'>,100</span> <span class='ocrx_word' id='word_1_2' title='bbox 263 169 348 223; x_wconf 55' lang='lat' dir='ltr'>SectrI.</span> <span class='ocrx_word' id='word_1_3' title='bbox 361 170 406 205; x_wconf 86' lang='lat' dir='ltr'>Art.</span> <span class='ocrx_word' id='word_1_4' title='bbox 421 171 449 206; x_wconf 87' lang='lat' dir='ltr'>II.</span> <span class='ocrx_word' id='word_1_5' title='bbox 463 170 500 215; x_wconf 70' lang='lat'>§2</span> <span class='ocrx_word' id='word_1_6' title='bbox 515 170 573 214; x_wconf 83' lang='lat' dir='ltr'>Quid</span> <span class='ocrx_word' id='word_1_7' title='bbox 584 170 666 205; x_wconf 84' lang='lat' dir='ltr'>natura</span> <span class='ocrx_word' id='word_1_8' title='bbox 678 156 744 214; x_wconf 83' lang='lat' dir='ltr'>lapsa</span> <span class='ocrx_word' id='word_1_9' title='bbox 754 179 800 205; x_wconf 89' lang='lat' dir='ltr'>non</span> <span class='ocrx_word' id='word_1_10' title='bbox 812 170 881 216; x_wconf 80' lang='lat' dir='ltr'>possit</span> 
     </span>
    </p>
   </div>
   <div class='ocr_carea' id='block_1_2' title="bbox 152 277 1001 761">
    <p class='ocr_par' dir='ltr' id='par_1_2' title="bbox 152 277 1001 761">
     <span class='ocr_line' id='line_1_2' title="bbox 152 277 1001 329; baseline 0 -11"><span class='ocrx_word' id='word_1_11' title='bbox 152 278 223 319; x_wconf 80' lang='lat' dir='ltr'>docet</span> <span class='ocrx_word' id='word_1_12' title='bbox 237 278 319 319; x_wconf 86' lang='lat' dir='ltr'>deberi</span> <span class='ocrx_word' id='word_1_13' title='bbox 335 279 427 320; x_wconf 87' lang='lat' dir='ltr'>homini</span> <span class='ocrx_word' id='word_1_14' title='bbox 444 290 493 319; x_wconf 89' lang='lat' dir='ltr'>non</span> <span class='ocrx_word' id='word_1_15' title='bbox 508 277 616 319; x_wconf 83' lang='lat' dir='ltr'>obstante</span> <span class='ocrx_word' id='word_1_16' title='bbox 631 278 726 329; x_wconf 88' lang='lat' dir='ltr'>peccato</span> <span class='ocrx_word' id='word_1_17' title='bbox 742 278 854 329; x_wconf 77' lang='lat' dir='ltr'>originali</span> <span class='ocrx_word' id='word_1_18' title='bbox 870 277 1001 329; x_wconf 80' lang='lat' dir='ltr'>potentiam</span> 
     </span>
     <span class='ocr_line' id='line_1_3' title="bbox 152 339 1001 393; baseline 0 -11"><span class='ocrx_word' id='word_1_19' title='bbox 152 341 270 382; x_wconf 85' lang='lat' dir='ltr'>moralem</span> <span class='ocrx_word' id='word_1_20' title='bbox 282 340 394 383; x_wconf 88' lang='lat' dir='ltr'>servandi</span> <span class='ocrx_word' id='word_1_21' title='bbox 407 342 484 393; x_wconf 81' lang='lat' dir='ltr'>legem</span> <span class='ocrx_word' id='word_1_22' title='bbox 497 340 603 382; x_wconf 87' lang='lat' dir='ltr'>naturae.</span> <span class='ocrx_word' id='word_1_23' title='bbox 619 342 647 382; x_wconf 93' lang='lat' dir='ltr'>In</span> <span class='ocrx_word' id='word_1_24' title='bbox 659 341 777 392; x_wconf 87' lang='lat' dir='ltr'>praesenti</span> <span class='ocrx_word' id='word_1_25' title='bbox 791 339 929 390; x_wconf 83' lang='lat' dir='ltr'>oeconomia</span> <span class='ocrx_word' id='word_1_26' title='bbox 943 342 1001 383; x_wconf 86' lang='lat' dir='ltr'>haec</span> 
     </span>
     <span class='ocr_line' id='line_1_4' title="bbox 154 401 999 456; baseline -0.002 -10"><span class='ocrx_word' id='word_1_27' title='bbox 154 404 261 455; x_wconf 82' lang='lat' dir='ltr'>potentia</span> <span class='ocrx_word' id='word_1_28' title='bbox 271 405 394 446; x_wconf 72' lang='lat' dir='ltr'>confertur</span> <span class='ocrx_word' id='word_1_29' title='bbox 403 416 447 456; x_wconf 88' lang='lat' dir='ltr'>per</span> <span class='ocrx_word' id='word_1_30' title='bbox 456 404 548 446; x_wconf 80' lang='lat' dir='ltr'>auxilia</span> <span class='ocrx_word' id='word_1_31' title='bbox 557 404 654 456; x_wconf 74' lang='lat' dir='ltr'>proiice,</span> <span class='ocrx_word' id='word_1_32' title='bbox 667 416 729 456; x_wconf 84' lang='lat' dir='ltr'>quae</span> <span class='ocrx_word' id='word_1_33' title='bbox 741 401 832 445; x_wconf 85' lang='lat' dir='ltr'>nemini</span> <span class='ocrx_word' id='word_1_34' title='bbox 844 404 999 455; x_wconf 76' lang='lat' dir='ltr'>denegantur.</span> 
     </span>
     <span class='ocr_line' id='line_1_5' title="bbox 154 466 1000 517; baseline -0.001 -9"><span class='ocrx_word' id='word_1_35' title='bbox 154 468 180 508; x_wconf 83' lang='lat' dir='ltr'>Si</span> <span class='ocrx_word' id='word_1_36' title='bbox 196 468 260 509; x_wconf 87' lang='lat' dir='ltr'>Dens</span> <span class='ocrx_word' id='word_1_37' title='bbox 281 468 391 509; x_wconf 78' lang='lat' dir='ltr'>ordinem</span> <span class='ocrx_word' id='word_1_38' title='bbox 413 466 619 517; x_wconf 72' lang='lat' dir='ltr'>supernaturalem</span> <span class='ocrx_word' id='word_1_39' title='bbox 641 477 751 517; x_wconf 87' lang='lat' dir='ltr'>reparare</span> <span class='ocrx_word' id='word_1_40' title='bbox 774 466 896 515; x_wconf 83' lang='lat' dir='ltr'>noluisset,</span> <span class='ocrx_word' id='word_1_41' title='bbox 920 467 1000 508; x_wconf 84' lang='lat' dir='ltr'>tamen</span> 
     </span>
     <span class='ocr_line' id='line_1_6' title="bbox 154 530 1000 587; baseline 0 -15"><span class='ocrx_word' id='word_1_42' title='bbox 154 531 227 572; x_wconf 87' lang='lat' dir='ltr'>talem</span> <span class='ocrx_word' id='word_1_43' title='bbox 244 531 367 587; x_wconf 83' lang='lat' dir='ltr'>habuisset</span> <span class='ocrx_word' id='word_1_44' title='bbox 381 530 564 581; x_wconf 78' lang='lat' dir='ltr'>providentiam,</span> <span class='ocrx_word' id='word_1_45' title='bbox 581 530 609 571; x_wconf 87' lang='lat' dir='ltr'>ut</span> <span class='ocrx_word' id='word_1_46' title='bbox 622 530 716 581; x_wconf 86' lang='lat' dir='ltr'>praesto</span> <span class='ocrx_word' id='word_1_47' title='bbox 733 530 811 571; x_wconf 81' lang='lat' dir='ltr'>essent</span> <span class='ocrx_word' id='word_1_48' title='bbox 827 530 907 571; x_wconf 89' lang='lat' dir='ltr'>media</span> <span class='ocrx_word' id='word_1_49' title='bbox 923 541 1000 572; x_wconf 77' lang='lat' dir='ltr'>neces</span> 
     </span>
     <span class='ocr_line' id='line_1_7' title="bbox 155 592 1001 647; baseline -0.001 -13"><span class='ocrx_word' id='word_1_50' title='bbox 155 593 218 635; x_wconf 87' lang='lat' dir='ltr'>saria</span> <span class='ocrx_word' id='word_1_51' title='bbox 236 595 267 635; x_wconf 88' lang='lat' dir='ltr'>ad</span> <span class='ocrx_word' id='word_1_52' title='bbox 285 594 411 640; x_wconf 85' lang='lat' dir='ltr'>vitandum</span> <span class='ocrx_word' id='word_1_53' title='bbox 430 592 554 643; x_wconf 87' lang='lat' dir='ltr'>peccatum</span> <span class='ocrx_word' id='word_1_54' title='bbox 572 592 680 641; x_wconf 84' lang='lat' dir='ltr'>mortale;</span> <span class='ocrx_word' id='word_1_55' title='bbox 700 604 756 634; x_wconf 87' lang='lat' dir='ltr'>narn</span> <span class='ocrx_word' id='word_1_56' title='bbox 774 593 799 634; x_wconf 80' lang='lat' dir='ltr'>vi</span> <span class='ocrx_word' id='word_1_57' title='bbox 818 593 892 634; x_wconf 88' lang='lat' dir='ltr'>solius</span> <span class='ocrx_word' id='word_1_58' title='bbox 910 594 1001 647; x_wconf 86' lang='lat' dir='ltr'>peccati</span> 
     </span>
     <span class='ocr_line' id='line_1_8' title="bbox 154 656 1001 709; baseline -0.001 -12"><span class='ocrx_word' id='word_1_59' title='bbox 154 656 279 709; x_wconf 80' lang='lat' dir='ltr'>originalis</span> <span class='ocrx_word' id='word_1_60' title='bbox 294 657 379 697; x_wconf 85' lang='lat' dir='ltr'>natura</span> <span class='ocrx_word' id='word_1_61' title='bbox 393 656 490 697; x_wconf 86' lang='lat' dir='ltr'>nonest</span> <span class='ocrx_word' id='word_1_62' title='bbox 505 656 690 706; x_wconf 70' lang='lat' dir='ltr'>insanabilior,</span> <span class='ocrx_word' id='word_1_63' title='bbox 706 668 778 708; x_wconf 84' lang='lat' dir='ltr'>quam</span> <span class='ocrx_word' id='word_1_64' title='bbox 795 656 880 698; x_wconf 82' lang='lat' dir='ltr'>fuisset·</span> <span class='ocrx_word' id='word_1_65' title='bbox 893 657 918 697; x_wconf 89' lang='lat' dir='ltr'>in</span> <span class='ocrx_word' id='word_1_66' title='bbox 933 657 1001 709; x_wconf 88' lang='lat' dir='ltr'>puris</span> 
     </span>
     <span class='ocr_line' id='line_1_9' title="bbox 154 720 313 761; baseline 0.006 -2"><span class='ocrx_word' id='word_1_67' title='bbox 154 720 313 761; x_wconf 82' lang='lat' dir='ltr'>naturalibus.</span> 
     </span>
    </p>
   </div>
   <div class='ocr_carea' id='block_1_3' title="bbox 150 841 1002 1785">
    <p class='ocr_par' dir='ltr' id='par_1_3' title="bbox 150 841 1002 1785">
     <span class='ocr_line' id='line_1_10' title="bbox 156 841 1001 902; baseline -0.001 -15"><span class='ocrx_word' id='word_1_68' title='bbox 156 848 208 902; x_wconf 76' lang='lat' dir='ltr'>ltil.</span> <span class='ocrx_word' id='word_1_69' title='bbox 245 848 308 899; x_wconf 82' lang='lat' dir='ltr'>Ergo</span> <span class='ocrx_word' id='word_1_70' title='bbox 318 841 381 889; x_wconf 83' lang='lat' dir='ltr'>tuto</span> <span class='ocrx_word' id='word_1_71' title='bbox 392 847 439 888; x_wconf 87' lang='lat' dir='ltr'>dici</span> <span class='ocrx_word' id='word_1_72' title='bbox 452 846 529 898; x_wconf 82' lang='lat' dir='ltr'>potest</span> <span class='ocrx_word' id='word_1_73' title='bbox 540 846 564 889; x_wconf 87' lang='lat' dir='ltr'>et</span> <span class='ocrx_word' id='word_1_74' title='bbox 575 846 745 898; x_wconf 81' lang='lat' dir='ltr'>consequenter</span> <span class='ocrx_word' id='word_1_75' title='bbox 757 848 788 887; x_wconf 89' lang='lat' dir='ltr'>ad</span> <span class='ocrx_word' id='word_1_76' title='bbox 800 858 853 887; x_wconf 89' lang='lat' dir='ltr'>eam</span> <span class='ocrx_word' id='word_1_77' title='bbox 862 846 1001 901; x_wconf 51' lang='lat' dir='ltr'>¹doctrinam</span> 
     </span>
     <span class='ocr_line' id='line_1_11' title="bbox 151 909 1002 961; baseline 0 -10"><span class='ocrx_word' id='word_1_78' title='bbox 151 912 183 951; x_wconf 83' lang='lat' dir='ltr'>de</span> <span class='ocrx_word' id='word_1_79' title='bbox 194 910 271 951; x_wconf 85' lang='lat' dir='ltr'>limbo</span> <span class='ocrx_word' id='word_1_80' title='bbox 280 911 444 961; x_wconf 86' lang='lat' dir='ltr'>parvulorum,</span> <span class='ocrx_word' id='word_1_81' title='bbox 452 920 530 961; x_wconf 16' lang='lat' dir='ltr'>*quam</span> <span class='ocrx_word' id='word_1_82' title='bbox 541 910 646 951; x_wconf 81' lang='lat' dir='ltr'>Ecclesia</span> <span class='ocrx_word' id='word_1_83' title='bbox 657 911 771 951; x_wconf 82' lang='lat' dir='ltr'>adversus</span> <span class='ocrx_word' id='word_1_84' title='bbox 781 909 915 951; x_wconf 88' lang='lat' dir='ltr'>calumnias</span> <span class='ocrx_word' id='word_1_85' title='bbox 926 909 1002 951; x_wconf 75' lang='lat' dir='ltr'>Pisto</span> 
     </span>
     <span class='ocr_line' id='line_1_12' title="bbox 151 965 999 1025; baseline 0 -12"><span class='ocrx_word' id='word_1_86' title='bbox 151 972 270 1014; x_wconf 64' lang='lat' dir='ltr'>‘riensium</span> <span class='ocrx_word' id='word_1_87' title='bbox 287 972 395 1015; x_wconf 78' lang='lat' dir='ltr'>defendit</span> <span class='ocrx_word' id='word_1_88' title='bbox 412 974 454 1025; x_wconf 86' lang='lat' dir='ltr'>(Dz</span> <span class='ocrx_word' id='word_1_89' title='bbox 472 974 544 1025; x_wconf 83' lang='grc'>1526),</span> <span class='ocrx_word' id='word_1_90' title='bbox 557 972 609 1015; x_wconf 75' lang='lat' dir='ltr'>dici</span> <span class='ocrx_word' id='word_1_91' title='bbox 625 972 706 1014; x_wconf 87' lang='lat' dir='ltr'>debet:</span> <span class='ocrx_word' id='word_1_92' title='bbox 733 972 857 1014; x_wconf 75' lang='lat' dir='ltr'>Auxilium</span> <span class='ocrx_word' id='word_1_93' title='bbox 881 965 999 1021; x_wconf 82' lang='lat' dir='ltr'>divinum,</span> 
     </span>
     <span class='ocr_line' id='line_1_13' title="bbox 150 1034 1000 1087; baseline -0.001 -10"><span class='ocrx_word' id='word_1_94' title='bbox 150 1036 273 1087; x_wconf 68' lang='lat' dir='ltr'>quatmus</span> <span class='ocrx_word' id='word_1_95' title='bbox 290 1036 364 1077; x_wconf 86' lang='lat' dir='ltr'>alicui</span> <span class='ocrx_word' id='word_1_96' title='bbox 382 1037 500 1086; x_wconf 79' lang='lat' dir='ltr'>peccatori</span> <span class='ocrx_word' id='word_1_97' title='bbox 518 1046 583 1076; x_wconf 82' lang='lat' dir='ltr'>more</span> <span class='ocrx_word' id='word_1_98' title='bbox 603 1035 715 1087; x_wconf 73' lang='lat' dir='ltr'>ociyinali</span> <span class='ocrx_word' id='word_1_99' title='bbox 734 1034 864 1087; x_wconf 86' lang='lat' dir='ltr'>potentiam</span> <span class='ocrx_word' id='word_1_100' title='bbox 884 1036 1000 1077; x_wconf 86' lang='lat' dir='ltr'>moralem</span> 
     </span>
     <span class='ocr_line' id='line_1_14' title="bbox 150 1098 1002 1150; baseline -0.001 -11"><span class='ocrx_word' id='word_1_101' title='bbox 150 1099 247 1139; x_wconf 76' lang='lat' dir='ltr'>uitandi</span> <span class='ocrx_word' id='word_1_102' title='bbox 262 1099 386 1150; x_wconf 85' lang='lat' dir='ltr'>peccatum</span> <span class='ocrx_word' id='word_1_103' title='bbox 400 1098 501 1140; x_wconf 83' lang='lat' dir='ltr'>mortale</span> <span class='ocrx_word' id='word_1_104' title='bbox 516 1098 626 1150; x_wconf 82' lang='lat' dir='ltr'>praestat,</span> <span class='ocrx_word' id='word_1_105' title='bbox 644 1100 688 1139; x_wconf 78' lang='lat' dir='ltr'>sub</span> <span class='ocrx_word' id='word_1_106' title='bbox 705 1099 748 1139; x_wconf 79' lang='lat' dir='ltr'>hoc</span> <span class='ocrx_word' id='word_1_107' title='bbox 764 1104 873 1149; x_wconf 78' lang='lat' dir='ltr'>respectu</span> <span class='ocrx_word' id='word_1_108' title='bbox 889 1098 1002 1140; x_wconf 86' lang='lat' dir='ltr'>nonest</span> 
     </span>
     <span class='ocr_line' id='line_1_15' title="bbox 154 1154 1001 1215; baseline 0 -14"><span class='ocrx_word' id='word_1_109' title='bbox 154 1161 328 1203; x_wconf 85' lang='lat' dir='ltr'>indebitum.</span> <span class='ocrx_word' id='word_1_110' title='bbox 342 1162 384 1203; x_wconf 82' lang='lat' dir='ltr'>Est</span> <span class='ocrx_word' id='word_1_111' title='bbox 395 1161 568 1211; x_wconf 87' lang='lat' dir='ltr'>indebitum,</span> <span class='ocrx_word' id='word_1_112' title='bbox 581 1162 700 1213; x_wconf 87' lang='lat' dir='ltr'>quatenus</span> <span class='ocrx_word' id='word_1_113' title='bbox 712 1173 776 1203; x_wconf 87' lang='lat' dir='ltr'>nunc</span> <span class='ocrx_word' id='word_1_114' title='bbox 789 1164 820 1203; x_wconf 84' lang='lat' dir='ltr'>od</span> <span class='ocrx_word' id='word_1_115' title='bbox 831 1162 908 1213; x_wconf 73' lang='lat' dir='ltr'>finem</span> <span class='ocrx_word' id='word_1_116' title='bbox 920 1154 1001 1215; x_wconf 73' lang='lat' dir='ltr'>supcr-</span> 
     </span>
     <span class='ocr_line' id='line_1_16' title="bbox 151 1224 999 1276; baseline 0.002 -12"><span class='ocrx_word' id='word_1_117' title='bbox 151 1225 291 1265; x_wconf 78' lang='lat' dir='ltr'>naturotcm</span> <span class='ocrx_word' id='word_1_118' title='bbox 306 1225 384 1274; x_wconf 83' lang='lat' dir='ltr'>datur,</span> <span class='ocrx_word' id='word_1_119' title='bbox 401 1225 520 1276; x_wconf 67' lang='lat' dir='ltr'>quamnus</span> <span class='ocrx_word' id='word_1_120' title='bbox 541 1226 571 1267; x_wconf 91' lang='lat' dir='ltr'>ob</span> <span class='ocrx_word' id='word_1_121' title='bbox 594 1225 680 1266; x_wconf 82' lang='lat' dir='ltr'>merita</span> <span class='ocrx_word' id='word_1_122' title='bbox 702 1225 790 1267; x_wconf 80' lang='lat' dir='ltr'>Christi</span> <span class='ocrx_word' id='word_1_123' title='bbox 806 1225 903 1266; x_wconf 66' lang='lat' dir='ltr'>abemus</span> <span class='ocrx_word' id='word_1_124' title='bbox 921 1224 999 1272; x_wconf 82' lang='lat' dir='ltr'>datur,</span> 
     </span>
     <span class='ocr_line' id='line_1_17' title="bbox 153 1287 1000 1340; baseline 0 -12"><span class='ocrx_word' id='word_1_125' title='bbox 153 1288 273 1339; x_wconf 82' lang='lat' dir='ltr'>quatenus</span> <span class='ocrx_word' id='word_1_126' title='bbox 290 1287 403 1329; x_wconf 88' lang='lat' dir='ltr'>fidelibus</span> <span class='ocrx_word' id='word_1_127' title='bbox 420 1294 545 1340; x_wconf 62' lang='lat' dir='ltr'>[comeam</span> <span class='ocrx_word' id='word_1_128' title='bbox 560 1289 640 1339; x_wconf 77' lang='lat' dir='ltr'>aliquo</span> <span class='ocrx_word' id='word_1_129' title='bbox 655 1289 734 1339; x_wconf 77' lang='lat' dir='ltr'>pratia</span> <span class='ocrx_word' id='word_1_130' title='bbox 750 1289 871 1329; x_wconf 71' lang='lat' dir='ltr'>caritative</span> <span class='ocrx_word' id='word_1_131' title='bbox 888 1298 1000 1339; x_wconf 79' lang='lat' dir='ltr'>superun-</span> 
     </span>
     <span class='ocr_line' id='line_1_18' title="bbox 155 1351 1001 1403; baseline 0.001 -12"><span class='ocrx_word' id='word_1_132' title='bbox 155 1351 240 1391; x_wconf 73' lang='lat' dir='ltr'>luralis</span> <span class='ocrx_word' id='word_1_133' title='bbox 255 1352 332 1399; x_wconf 84' lang='lat' dir='ltr'>datur,</span> <span class='ocrx_word' id='word_1_134' title='bbox 349 1351 468 1402; x_wconf 81' lang='lat' dir='ltr'>quatenus</span> <span class='ocrx_word' id='word_1_135' title='bbox 481 1362 559 1402; x_wconf 82' lang='lat' dir='ltr'>neque</span> <span class='ocrx_word' id='word_1_136' title='bbox 572 1352 737 1402; x_wconf 80' lang='lat' dir='ltr'>personalibus</span> <span class='ocrx_word' id='word_1_137' title='bbox 752 1351 916 1401; x_wconf 77' lang='lat' dir='ltr'>peccatoribus</span> <span class='ocrx_word' id='word_1_138' title='bbox 931 1362 1001 1403; x_wconf 78' lang='lat' dir='ltr'>nega-</span> 
     </span>
     <span class='ocr_line' id='line_1_19' title="bbox 155 1413 1002 1471; baseline -0.001 -16"><span class='ocrx_word' id='word_1_139' title='bbox 155 1415 201 1455; x_wconf 84' lang='lat' dir='ltr'>tur.</span> <span class='ocrx_word' id='word_1_140' title='bbox 222 1414 292 1455; x_wconf 88' lang='lat' dir='ltr'>Ratio</span> <span class='ocrx_word' id='word_1_141' title='bbox 309 1414 390 1462; x_wconf 79' lang='lat' dir='ltr'>debiti,</span> <span class='ocrx_word' id='word_1_142' title='bbox 410 1426 483 1464; x_wconf 83' lang='lat' dir='ltr'>quarn</span> <span class='ocrx_word' id='word_1_143' title='bbox 501 1414 656 1462; x_wconf 81' lang='lat' dir='ltr'>ostendimus,</span> <span class='ocrx_word' id='word_1_144' title='bbox 677 1426 725 1455; x_wconf 90' lang='lat' dir='ltr'>non</span> <span class='ocrx_word' id='word_1_145' title='bbox 743 1413 850 1466; x_wconf 84' lang='lat' dir='ltr'>impedit,</span> <span class='ocrx_word' id='word_1_146' title='bbox 871 1413 1002 1471; x_wconf 80' lang='lat' dir='ltr'>quominus</span> 
     </span>
     <span class='ocr_line' id='line_1_20' title="bbox 155 1475 1000 1533; baseline 0 -16"><span class='ocrx_word' id='word_1_147' title='bbox 155 1477 263 1527; x_wconf 85' lang='lat' dir='ltr'>peccator</span> <span class='ocrx_word' id='word_1_148' title='bbox 276 1476 350 1533; x_wconf 79' lang='lat' dir='ltr'>&#39;etiarn</span> <span class='ocrx_word' id='word_1_149' title='bbox 367 1476 491 1528; x_wconf 83' lang='lat' dir='ltr'>originalis</span> <span class='ocrx_word' id='word_1_150' title='bbox 506 1476 600 1518; x_wconf 81' lang='lat' dir='ltr'>tantuin</span> <span class='ocrx_word' id='word_1_151' title='bbox 616 1476 731 1525; x_wconf 85' lang='lat' dir='ltr'>teneatur,</span> <span class='ocrx_word' id='word_1_152' title='bbox 748 1478 775 1519; x_wconf 85' lang='lat' dir='ltr'>ut</span> <span class='ocrx_word' id='word_1_153' title='bbox 791 1477 835 1518; x_wconf 91' lang='lat' dir='ltr'>hoc</span> <span class='ocrx_word' id='word_1_154' title='bbox 851 1475 969 1532; x_wconf 66' lang='lat' dir='ltr'>auxilium</span> <span class='ocrx_word' id='word_1_155' title='bbox 987 1489 1000 1533; x_wconf 86' lang='lat' dir='ltr'>a</span> 
     </span>
     <span class='ocr_line' id='line_1_21' title="bbox 154 1540 1000 1591; baseline -0.001 -10"><span class='ocrx_word' id='word_1_156' title='bbox 154 1541 205 1581; x_wconf 83' lang='lat' dir='ltr'>Deo</span> <span class='ocrx_word' id='word_1_157' title='bbox 215 1540 355 1591; x_wconf 77' lang='lat' dir='ltr'>suppliciter</span> <span class='ocrx_word' id='word_1_158' title='bbox 366 1540 483 1590; x_wconf 80' lang='lat' dir='ltr'>impetret.</span> <span class='ocrx_word' id='word_1_159' title='bbox 497 1541 634 1588; x_wconf 86' lang='lat' dir='ltr'>Dummodo</span> <span class='ocrx_word' id='word_1_160' title='bbox 645 1542 718 1581; x_wconf 86' lang='lat' dir='ltr'>homo</span> <span class='ocrx_word' id='word_1_161' title='bbox 730 1540 790 1581; x_wconf 87' lang='lat' dir='ltr'>illud</span> <span class='ocrx_word' id='word_1_162' title='bbox 804 1540 849 1581; x_wconf 87' lang='lat' dir='ltr'>sibi</span> <span class='ocrx_word' id='word_1_163' title='bbox 862 1550 1000 1591; x_wconf 87' lang='lat' dir='ltr'>comparare</span> 
     </span>
     <span class='ocr_line' id='line_1_22' title="bbox 155 1602 999 1654; baseline 0 -11"><span class='ocrx_word' id='word_1_164' title='bbox 155 1602 236 1654; x_wconf 78' lang='lat' dir='ltr'>possit,</span> <span class='ocrx_word' id='word_1_165' title='bbox 252 1602 355 1643; x_wconf 86' lang='lat' dir='ltr'>liberum</span> <span class='ocrx_word' id='word_1_166' title='bbox 371 1602 405 1643; x_wconf 90' lang='lat' dir='ltr'>est</span> <span class='ocrx_word' id='word_1_167' title='bbox 420 1603 476 1650; x_wconf 83' lang='lat' dir='ltr'>Deo,</span> <span class='ocrx_word' id='word_1_168' title='bbox 493 1602 520 1643; x_wconf 87' lang='lat' dir='ltr'>ut</span> <span class='ocrx_word' id='word_1_169' title='bbox 534 1602 598 1643; x_wconf 86' lang='lat' dir='ltr'>viam</span> <span class='ocrx_word' id='word_1_170' title='bbox 614 1602 708 1651; x_wconf 81' lang='lat' dir='ltr'>statuat,</span> <span class='ocrx_word' id='word_1_171' title='bbox 726 1615 773 1654; x_wconf 82' lang='lat' dir='ltr'>qua</span> <span class='ocrx_word' id='word_1_172' title='bbox 788 1602 946 1643; x_wconf 84' lang='lat' dir='ltr'>obtinendum</span> <span class='ocrx_word' id='word_1_173' title='bbox 960 1603 999 1643; x_wconf 89' lang='lat' dir='ltr'>sit.</span> 
     </span>
     <span class='ocr_line' id='line_1_23' title="bbox 155 1664 1000 1719; baseline 0 -13"><span class='ocrx_word' id='word_1_174' title='bbox 155 1666 233 1719; x_wconf 84' lang='lat' dir='ltr'>Etiam</span> <span class='ocrx_word' id='word_1_175' title='bbox 248 1671 359 1716; x_wconf 81' lang='lat' dir='ltr'>parentes</span> <span class='ocrx_word' id='word_1_176' title='bbox 376 1665 452 1706; x_wconf 89' lang='lat' dir='ltr'>solent</span> <span class='ocrx_word' id='word_1_177' title='bbox 467 1665 567 1717; x_wconf 77' lang='lat' dir='ltr'>exigere,</span> <span class='ocrx_word' id='word_1_178' title='bbox 585 1665 613 1705; x_wconf 86' lang='lat' dir='ltr'>nt</span> <span class='ocrx_word' id='word_1_179' title='bbox 628 1665 675 1706; x_wconf 89' lang='lat' dir='ltr'>filii</span> <span class='ocrx_word' id='word_1_180' title='bbox 693 1666 723 1707; x_wconf 83' lang='lat' dir='ltr'>ab</span> <span class='ocrx_word' id='word_1_181' title='bbox 739 1664 800 1717; x_wconf 88' lang='lat' dir='ltr'>ipsis</span> <span class='ocrx_word' id='word_1_182' title='bbox 815 1665 893 1707; x_wconf 89' lang='lat' dir='ltr'>multa</span> <span class='ocrx_word' id='word_1_183' title='bbox 909 1665 1000 1707; x_wconf 87' lang='lat' dir='ltr'>urbane</span> 
     </span>
     <span class='ocr_line' id='line_1_24' title="bbox 153 1724 998 1785; baseline 0.002 -18"><span class='ocrx_word' id='word_1_184' title='bbox 153 1733 242 1778; x_wconf 75' lang='lat' dir='ltr'>petant,</span> <span class='ocrx_word' id='word_1_185' title='bbox 259 1729 291 1769; x_wconf 91' lang='lat' dir='ltr'>ad</span> <span class='ocrx_word' id='word_1_186' title='bbox 307 1740 367 1779; x_wconf 79' lang='lat' dir='ltr'>quae</span> <span class='ocrx_word' id='word_1_187' title='bbox 383 1739 396 1768; x_wconf 89' lang='lat' dir='ltr'>a</span> <span class='ocrx_word' id='word_1_188' title='bbox 414 1728 553 1778; x_wconf 85' lang='lat' dir='ltr'>parentibus</span> <span class='ocrx_word' id='word_1_189' title='bbox 568 1729 707 1785; x_wconf 73' lang='lat' dir='ltr'>accipienda</span> <span class='ocrx_word' id='word_1_190' title='bbox 723 1729 761 1769; x_wconf 88' lang='lat' dir='ltr'>ius</span> <span class='ocrx_word' id='word_1_191' title='bbox 777 1724 998 1769; x_wconf 73' lang='lat' dir='ltr'>natunie&#39;haaent.</span> 
     </span>
    </p>
   </div>
   <div class='ocr_carea' id='block_1_4' title="bbox 145 1854 1003 3002">
    <p class='ocr_par' dir='ltr' id='par_1_4' title="bbox 145 1854 1003 3002">
     <span class='ocr_line' id='line_1_25' title="bbox 156 1854 1002 1909; baseline -0.001 -13"><span class='ocrx_word' id='word_1_192' title='bbox 156 1856 208 1909; x_wconf 73' lang='lat'>162.</span> <span class='ocrx_word' id='word_1_193' title='bbox 239 1855 281 1897; x_wconf 89' lang='lat'>111.</span> <span class='ocrx_word' id='word_1_194' title='bbox 301 1855 390 1897; x_wconf 84' lang='lat' dir='ltr'>Salutio</span> <span class='ocrx_word' id='word_1_195' title='bbox 401 1854 500 1897; x_wconf 84' lang='lat' dir='ltr'>alicuius</span> <span class='ocrx_word' id='word_1_196' title='bbox 512 1854 672 1896; x_wconf 74' lang='lat' dir='ltr'>difficultatis.</span> <span class='ocrx_word' id='word_1_197' title='bbox 687 1854 769 1904; x_wconf 69' lang='lat' dir='ltr'>liniis,</span> <span class='ocrx_word' id='word_1_198' title='bbox 784 1866 843 1906; x_wconf 83' lang='lat' dir='ltr'>quae</span> <span class='ocrx_word' id='word_1_199' title='bbox 856 1856 885 1895; x_wconf 90' lang='lat' dir='ltr'>de</span> <span class='ocrx_word' id='word_1_200' title='bbox 897 1855 1002 1896; x_wconf 89' lang='lat' dir='ltr'>natura</span> 
     </span>
     <span class='ocr_line' id='line_1_26' title="bbox 145 1913 1000 1977; baseline 0.001 -21"><span class='ocrx_word' id='word_1_201' title='bbox 145 1930 226 1970; x_wconf 17' lang='lat' dir='ltr'>*pura</span> <span class='ocrx_word' id='word_1_202' title='bbox 249 1913 311 1959; x_wconf 87' lang='lat' dir='ltr'>dicta</span> <span class='ocrx_word' id='word_1_203' title='bbox 334 1919 390 1960; x_wconf 85' lang='lat' dir='ltr'>sunt</span> <span class='ocrx_word' id='word_1_204' title='bbox 415 1918 455 1970; x_wconf 79' lang='lat' dir='ltr'>(cf.</span> <span class='ocrx_word' id='word_1_205' title='bbox 472 1918 545 1959; x_wconf 88' lang='lat' dir='ltr'>etiam</span> <span class='ocrx_word' id='word_1_206' title='bbox 562 1918 615 1958; x_wconf 82' lang='lat' dir='ltr'>Boii</span> <span class='ocrx_word' id='word_1_207' title='bbox 632 1929 700 1969; x_wconf 88' lang='lat' dir='ltr'>prop.</span> <span class='ocrx_word' id='word_1_208' title='bbox 719 1921 745 1959; x_wconf 83' lang='lat'>55</span> <span class='ocrx_word' id='word_1_209' title='bbox 763 1918 807 1976; x_wconf 69' lang='lat' dir='ltr'>[Da</span> <span class='ocrx_word' id='word_1_210' title='bbox 826 1918 1000 1977; x_wconf 53' lang='lat' dir='ltr'>irremissam</span> 
     </span>
     <span class='ocr_line' id='line_1_27' title="bbox 153 1980 1002 2032; baseline 0.001 -11"><span class='ocrx_word' id='word_1_211' title='bbox 153 1981 260 2022; x_wconf 84' lang='lat' dir='ltr'>videtur:</span> <span class='ocrx_word' id='word_1_212' title='bbox 287 1982 350 2022; x_wconf 89' lang='lat' dir='ltr'>Deus</span> <span class='ocrx_word' id='word_1_213' title='bbox 373 1981 488 2032; x_wconf 87' lang='lat' dir='ltr'>potuisset</span> <span class='ocrx_word' id='word_1_214' title='bbox 510 1981 621 2022; x_wconf 90' lang='lat' dir='ltr'>naturam</span> <span class='ocrx_word' id='word_1_215' title='bbox 645 1981 779 2023; x_wconf 85' lang='lat' dir='ltr'>humanam</span> <span class='ocrx_word' id='word_1_216' title='bbox 796 1980 829 2022; x_wconf 86' lang='lat' dir='ltr'>ita</span> <span class='ocrx_word' id='word_1_217' title='bbox 846 1982 954 2030; x_wconf 76' lang='lat' dir='ltr'>condere,</span> <span class='ocrx_word' id='word_1_218' title='bbox 973 1982 1002 2022; x_wconf 88' lang='lat' dir='ltr'>ut</span> 
     </span>
     <span class='ocr_line' id='line_1_28' title="bbox 155 2034 999 2095; baseline 0.002 -11"><span class='ocrx_word' id='word_1_219' title='bbox 155 2045 196 2084; x_wconf 69' lang='lat' dir='ltr'>iiic</span> <span class='ocrx_word' id='word_1_220' title='bbox 212 2045 305 2085; x_wconf 82' lang='lat' dir='ltr'>condito</span> <span class='ocrx_word' id='word_1_221' title='bbox 322 2046 403 2085; x_wconf 79' lang='lat' dir='ltr'>statim</span> <span class='ocrx_word' id='word_1_222' title='bbox 418 2044 561 2095; x_wconf 67' lang='lat' dir='ltr'>arripuisset</span> <span class='ocrx_word' id='word_1_223' title='bbox 578 2044 667 2085; x_wconf 73' lang='lat' dir='ltr'>cnsilio</span> <span class='ocrx_word' id='word_1_224' title='bbox 685 2045 844 2085; x_wconf 79' lang='lat' dir='ltr'>ernendotorc&#39;o</span> <span class='ocrx_word' id='word_1_225' title='bbox 862 2034 999 2092; x_wconf 81' lang='lat' dir='ltr'>conditoris,</span> 
     </span>
     <span class='ocr_line' id='line_1_29' title="bbox 154 2107 1003 2161; baseline 0 -12"><span class='ocrx_word' id='word_1_226' title='bbox 154 2120 184 2149; x_wconf 89' lang='lat' dir='ltr'>ne</span> <span class='ocrx_word' id='word_1_227' title='bbox 196 2108 222 2149; x_wconf 89' lang='lat' dir='ltr'>in</span> <span class='ocrx_word' id='word_1_228' title='bbox 233 2119 353 2150; x_wconf 88' lang='lat' dir='ltr'>summam</span> <span class='ocrx_word' id='word_1_229' title='bbox 364 2108 560 2160; x_wconf 79' lang='lat' dir='ltr'>praecipitaretur</span> <span class='ocrx_word' id='word_1_230' title='bbox 572 2108 701 2150; x_wconf 85' lang='lat' dir='ltr'>miseriam.</span> <span class='ocrx_word' id='word_1_231' title='bbox 715 2110 799 2150; x_wconf 87' lang='lat' dir='ltr'>Nonne</span> <span class='ocrx_word' id='word_1_232' title='bbox 810 2107 928 2150; x_wconf 88' lang='lat' dir='ltr'>eiusmodi</span> <span class='ocrx_word' id='word_1_233' title='bbox 939 2107 1003 2161; x_wconf 41' lang='lat' dir='ltr'>opus,</span> 
     </span>
     <span class='ocr_line' id='line_1_30' title="bbox 154 2172 998 2228; baseline 0 -13"><span class='ocrx_word' id='word_1_234' title='bbox 154 2174 216 2215; x_wconf 84' lang='lat' dir='ltr'>esset</span> <span class='ocrx_word' id='word_1_235' title='bbox 234 2174 307 2215; x_wconf 89' lang='lat' dir='ltr'>male</span> <span class='ocrx_word' id='word_1_236' title='bbox 325 2174 433 2215; x_wconf 86' lang='lat' dir='ltr'>factum</span> <span class='ocrx_word' id='word_1_237' title='bbox 451 2174 474 2215; x_wconf 89' lang='lat' dir='ltr'>et</span> <span class='ocrx_word' id='word_1_238' title='bbox 493 2172 632 2225; x_wconf 87' lang='lat' dir='ltr'>imperitum</span> <span class='ocrx_word' id='word_1_239' title='bbox 652 2174 763 2225; x_wconf 89' lang='lat' dir='ltr'>proderet</span> <span class='ocrx_word' id='word_1_240' title='bbox 781 2173 906 2215; x_wconf 76' lang='lat' dir='ltr'>factorem?</span> <span class='ocrx_word' id='word_1_241' title='bbox 925 2174 998 2228; x_wconf 84' lang='lat' dir='ltr'>Resp.</span> 
     </span>
     <span class='ocr_line' id='line_1_31' title="bbox 155 2238 1001 2290; baseline 0.001 -11"><span class='ocrx_word' id='word_1_242' title='bbox 155 2242 175 2279; x_wconf 83' lang='lat' dir='ltr'>i.</span> <span class='ocrx_word' id='word_1_243' title='bbox 189 2238 279 2279; x_wconf 80' lang='lat' dir='ltr'>Natura</span> <span class='ocrx_word' id='word_1_244' title='bbox 292 2238 404 2287; x_wconf 67' lang='lat' dir='ltr'>fiuntccc,</span> <span class='ocrx_word' id='word_1_245' title='bbox 419 2238 445 2279; x_wconf 91' lang='lat' dir='ltr'>in</span> <span class='ocrx_word' id='word_1_246' title='bbox 458 2251 505 2290; x_wconf 85' lang='lat' dir='ltr'>qua</span> <span class='ocrx_word' id='word_1_247' title='bbox 519 2238 617 2290; x_wconf 87' lang='lat' dir='ltr'>spiritus</span> <span class='ocrx_word' id='word_1_248' title='bbox 629 2239 652 2280; x_wconf 89' lang='lat' dir='ltr'>et</span> <span class='ocrx_word' id='word_1_249' title='bbox 664 2238 764 2280; x_wconf 87' lang='lat' dir='ltr'>materia</span> <span class='ocrx_word' id='word_1_250' title='bbox 778 2239 803 2280; x_wconf 90' lang='lat' dir='ltr'>in</span> <span class='ocrx_word' id='word_1_251' title='bbox 816 2238 933 2280; x_wconf 87' lang='lat' dir='ltr'>unitatem</span> <span class='ocrx_word' id='word_1_252' title='bbox 946 2239 1001 2280; x_wconf 84' lang='lat' dir='ltr'>sub-</span> 
     </span>
     <span class='ocr_line' id='line_1_32' title="bbox 155 2302 1000 2357; baseline 0.002 -14"><span class='ocrx_word' id='word_1_253' title='bbox 155 2303 290 2354; x_wconf 85' lang='lat' dir='ltr'>stantialem</span> <span class='ocrx_word' id='word_1_254' title='bbox 308 2304 451 2352; x_wconf 78' lang='lat' dir='ltr'>conflantur,</span> <span class='ocrx_word' id='word_1_255' title='bbox 471 2304 507 2344; x_wconf 85' lang='lat' dir='ltr'>est</span> <span class='ocrx_word' id='word_1_256' title='bbox 524 2315 573 2344; x_wconf 90' lang='lat' dir='ltr'>ens</span> <span class='ocrx_word' id='word_1_257' title='bbox 589 2302 660 2344; x_wconf 85' lang='lat' dir='ltr'>satis</span> <span class='ocrx_word' id='word_1_258' title='bbox 676 2303 792 2351; x_wconf 88' lang='lat' dir='ltr'>mirum,</span> <span class='ocrx_word' id='word_1_259' title='bbox 811 2305 875 2354; x_wconf 82' lang='lat' dir='ltr'>quod</span> <span class='ocrx_word' id='word_1_260' title='bbox 893 2315 908 2344; x_wconf 88' lang='lat' dir='ltr'>a</span> <span class='ocrx_word' id='word_1_261' title='bbox 926 2302 1000 2357; x_wconf 71' lang='lat' dir='ltr'>priori</span> 
     </span>
     <span class='ocr_line' id='line_1_33' title="bbox 154 2367 1001 2419; baseline 0.002 -12"><span class='ocrx_word' id='word_1_262' title='bbox 154 2367 253 2408; x_wconf 86' lang='lat' dir='ltr'>fortasse</span> <span class='ocrx_word' id='word_1_263' title='bbox 271 2369 404 2409; x_wconf 87' lang='lat' dir='ltr'>diceremus</span> <span class='ocrx_word' id='word_1_264' title='bbox 422 2379 562 2419; x_wconf 80' lang='lat' dir='ltr'>repugnare.</span> <span class='ocrx_word' id='word_1_265' title='bbox 588 2368 670 2409; x_wconf 78' lang='lat' dir='ltr'>&#39;Falern</span> <span class='ocrx_word' id='word_1_266' title='bbox 694 2368 769 2419; x_wconf 80' lang='lat' dir='ltr'>igitur</span> <span class='ocrx_word' id='word_1_267' title='bbox 792 2367 903 2409; x_wconf 86' lang='lat' dir='ltr'>naturam</span> <span class='ocrx_word' id='word_1_268' title='bbox 928 2369 1001 2409; x_wconf 89' lang='lat' dir='ltr'>mira</span> 
     </span>
     <span class='ocr_line' id='line_1_34' title="bbox 154 2432 1001 2484; baseline 0.002 -12"><span class='ocrx_word' id='word_1_269' title='bbox 154 2443 266 2483; x_wconf 84' lang='lat' dir='ltr'>quoque</span> <span class='ocrx_word' id='word_1_270' title='bbox 292 2432 458 2483; x_wconf 62' lang='lat' dir='ltr'>sequentum</span> <span class='ocrx_word' id='word_1_271' title='bbox 484 2444 563 2484; x_wconf 86' lang='lat' dir='ltr'>neque</span> <span class='ocrx_word' id='word_1_272' title='bbox 587 2433 682 2475; x_wconf 80' lang='lat' dir='ltr'>videtur</span> <span class='ocrx_word' id='word_1_273' title='bbox 707 2433 756 2475; x_wconf 86' lang='lat' dir='ltr'>tarn</span> <span class='ocrx_word' id='word_1_274' title='bbox 783 2433 908 2482; x_wconf 78' lang='lat' dir='ltr'>absonum,</span> <span class='ocrx_word' id='word_1_275' title='bbox 935 2434 1001 2484; x_wconf 80' lang='lat' dir='ltr'>quod</span> 
     </span>
     <span class='ocr_line' id='line_1_35' title="bbox 154 2491 1001 2549; baseline 0.004 -11"><span class='ocrx_word' id='word_1_276' title='bbox 154 2497 236 2538; x_wconf 79' lang='lat' dir='ltr'>anima</span> <span class='ocrx_word' id='word_1_277' title='bbox 248 2497 371 2538; x_wconf 87' lang='lat' dir='ltr'>rationalis</span> <span class='ocrx_word' id='word_1_278' title='bbox 382 2499 408 2537; x_wconf 80' lang='lat' dir='ltr'>in</span> <span class='ocrx_word' id='word_1_279' title='bbox 421 2491 547 2539; x_wconf 70' lang='lat' dir='ltr'>occatoriam</span> <span class='ocrx_word' id='word_1_280' title='bbox 559 2498 627 2549; x_wconf 77' lang='lat' dir='ltr'>quasi</span> <span class='ocrx_word' id='word_1_281' title='bbox 640 2498 747 2538; x_wconf 78' lang='lat' dir='ltr'>doorcrso</span> <span class='ocrx_word' id='word_1_282' title='bbox 761 2497 811 2538; x_wconf 87' lang='lat' dir='ltr'>sine</span> <span class='ocrx_word' id='word_1_283' title='bbox 825 2497 921 2548; x_wconf 85' lang='lat' dir='ltr'>speciali</span> <span class='ocrx_word' id='word_1_284' title='bbox 934 2494 1001 2542; x_wconf 64' lang='lat' dir='ltr'>auxi</span> 
     </span>
     <span class='ocr_line' id='line_1_36' title="bbox 154 2561 1000 2614; baseline 0.002 -13"><span class='ocrx_word' id='word_1_285' title='bbox 154 2561 189 2614; x_wconf 85' lang='lat' dir='ltr'>lio</span> <span class='ocrx_word' id='word_1_286' title='bbox 203 2573 250 2609; x_wconf 88' lang='lat' dir='ltr'>non</span> <span class='ocrx_word' id='word_1_287' title='bbox 267 2562 341 2612; x_wconf 85' lang='lat' dir='ltr'>possit</span> <span class='ocrx_word' id='word_1_288' title='bbox 356 2562 489 2604; x_wconf 84' lang='lat' dir='ltr'>constanter</span> <span class='ocrx_word' id='word_1_289' title='bbox 504 2562 530 2603; x_wconf 90' lang='lat' dir='ltr'>in</span> <span class='ocrx_word' id='word_1_290' title='bbox 545 2563 659 2603; x_wconf 85' lang='lat' dir='ltr'>omnihus</span> <span class='ocrx_word' id='word_1_291' title='bbox 674 2574 702 2604; x_wconf 87' lang='lat' dir='ltr'>ea</span> <span class='ocrx_word' id='word_1_292' title='bbox 718 2574 794 2614; x_wconf 83' lang='lat' dir='ltr'>agere,</span> <span class='ocrx_word' id='word_1_293' title='bbox 813 2573 873 2612; x_wconf 81' lang='lat' dir='ltr'>quae</span> <span class='ocrx_word' id='word_1_294' title='bbox 890 2563 936 2614; x_wconf 88' lang='lat' dir='ltr'>ipsi</span> <span class='ocrx_word' id='word_1_295' title='bbox 952 2575 1000 2614; x_wconf 76' lang='lat' dir='ltr'>quo</span> 
     </span>
     <span class='ocr_line' id='line_1_37' title="bbox 154 2622 1000 2678; baseline 0.002 -12"><span class='ocrx_word' id='word_1_296' title='bbox 154 2622 265 2666; x_wconf 70' lang='lat' dir='ltr'>rationali</span> <span class='ocrx_word' id='word_1_297' title='bbox 279 2627 469 2678; x_wconf 84' lang='lat' dir='ltr'>correspondent.</span> <span class='ocrx_word' id='word_1_298' title='bbox 483 2653 515 2659; x_wconf 68' lang='grc'><strong>-</strong></span> <span class='ocrx_word' id='word_1_299' title='bbox 526 2631 547 2668; x_wconf 82' lang='lat'>2.</span> <span class='ocrx_word' id='word_1_300' title='bbox 562 2628 614 2669; x_wconf 91' lang='lat' dir='ltr'>Non</span> <span class='ocrx_word' id='word_1_301' title='bbox 628 2638 743 2678; x_wconf 79' lang='lat' dir='ltr'>negamus</span> <span class='ocrx_word' id='word_1_302' title='bbox 757 2628 834 2668; x_wconf 89' lang='lat' dir='ltr'>Deum</span> <span class='ocrx_word' id='word_1_303' title='bbox 849 2639 918 2678; x_wconf 87' lang='lat' dir='ltr'>posse</span> <span class='ocrx_word' id='word_1_304' title='bbox 931 2628 1000 2668; x_wconf 81' lang='lat' dir='ltr'>ratio-</span> 
     </span>
     <span class='ocr_line' id='line_1_38' title="bbox 153 2691 1002 2743; baseline 0.004 -12"><span class='ocrx_word' id='word_1_305' title='bbox 153 2692 221 2731; x_wconf 77' lang='lat' dir='ltr'>noles</span> <span class='ocrx_word' id='word_1_306' title='bbox 238 2691 307 2730; x_wconf 82' lang='lat' dir='ltr'>-circs</span> <span class='ocrx_word' id='word_1_307' title='bbox 331 2692 404 2733; x_wconf 88' lang='lat' dir='ltr'>huius</span> <span class='ocrx_word' id='word_1_308' title='bbox 426 2692 527 2733; x_wconf 87' lang='lat' dir='ltr'>naturae</span> <span class='ocrx_word' id='word_1_309' title='bbox 549 2692 805 2743; x_wconf 76' lang='lat' dir='ltr'>secundumqrodum</span> <span class='ocrx_word' id='word_1_310' title='bbox 822 2692 854 2732; x_wconf 82' lang='lat' dir='ltr'>ito</span> <span class='ocrx_word' id='word_1_311' title='bbox 873 2703 964 2743; x_wconf 66' lang='lat' dir='ltr'>arripere⁴</span> <span class='ocrx_word' id='word_1_312' title='bbox 977 2693 1002 2734; x_wconf 84' lang='lat' dir='ltr'>et</span> 
     </span>
     <span class='ocr_line' id='line_1_39' title="bbox 153 2755 999 2807; baseline -0.002 -9"><span class='ocrx_word' id='word_1_313' title='bbox 153 2755 276 2798; x_wconf 76' lang='lat' dir='ltr'>sensuales</span> <span class='ocrx_word' id='word_1_314' title='bbox 292 2755 325 2796; x_wconf 88' lang='lat' dir='ltr'>ita</span> <span class='ocrx_word' id='word_1_315' title='bbox 342 2756 457 2802; x_wconf 65' lang='lat' dir='ltr'>annuere,</span> <span class='ocrx_word' id='word_1_316' title='bbox 475 2757 502 2798; x_wconf 90' lang='lat' dir='ltr'>ut</span> <span class='ocrx_word' id='word_1_317' title='bbox 520 2757 568 2798; x_wconf 89' lang='lat' dir='ltr'>iarn</span> <span class='ocrx_word' id='word_1_318' title='bbox 592 2756 709 2798; x_wconf 86' lang='lat' dir='ltr'>habeatur</span> <span class='ocrx_word' id='word_1_319' title='bbox 732 2756 830 2797; x_wconf 81' lang='lat' dir='ltr'>moralis</span> <span class='ocrx_word' id='word_1_320' title='bbox 853 2755 999 2807; x_wconf 78' lang='lat' dir='ltr'>possibilitas</span> 
     </span>
     <span class='ocr_line' id='line_1_40' title="bbox 154 2812 1001 2873; baseline 0 -11"><span class='ocrx_word' id='word_1_321' title='bbox 154 2821 266 2863; x_wconf 84' lang='lat' dir='ltr'>servandi</span> <span class='ocrx_word' id='word_1_322' title='bbox 282 2821 359 2871; x_wconf 82' lang='lat' dir='ltr'>legem</span> <span class='ocrx_word' id='word_1_323' title='bbox 374 2821 515 2871; x_wconf 83' lang='lat' dir='ltr'>naturalem,</span> <span class='ocrx_word' id='word_1_324' title='bbox 533 2821 592 2873; x_wconf 86' lang='lat' dir='ltr'>quin</span> <span class='ocrx_word' id='word_1_325' title='bbox 608 2821 696 2863; x_wconf 88' lang='lat' dir='ltr'>natura</span> <span class='ocrx_word' id='word_1_326' title='bbox 712 2823 774 2862; x_wconf 90' lang='lat' dir='ltr'>dono</span> <span class='ocrx_word' id='word_1_327' title='bbox 790 2820 870 2872; x_wconf 83' lang='lat' dir='ltr'>aliquo</span> <span class='ocrx_word' id='word_1_328' title='bbox 888 2812 1001 2873; x_wconf 84' lang='lat' dir='ltr'>superna-</span> 
     </span>
     <span class='ocr_line' id='line_1_41' title="bbox 153 2878 1001 2937; baseline 0 -10"><span class='ocrx_word' id='word_1_329' title='bbox 153 2885 234 2934; x_wconf 84' lang='lat' dir='ltr'>turali,</span> <span class='ocrx_word' id='word_1_330' title='bbox 250 2885 321 2936; x_wconf 83' lang='lat' dir='ltr'>quale</span> <span class='ocrx_word' id='word_1_331' title='bbox 337 2885 652 2937; x_wconf 81' lang='lat' dir='ltr'>fuitdonum-integritatis,</span> <span class='ocrx_word' id='word_1_332' title='bbox 670 2897 698 2927; x_wconf 83' lang='lat' dir='ltr'>ex</span> <span class='ocrx_word' id='word_1_333' title='bbox 712 2884 796 2927; x_wconf 84' lang='lat' dir='ltr'>ordine</span> <span class='ocrx_word' id='word_1_334' title='bbox 812 2885 910 2927; x_wconf 84' lang='lat' dir='ltr'>naturae</span> <span class='ocrx_word' id='word_1_335' title='bbox 926 2878 1001 2937; x_wconf 80' lang='lat' dir='ltr'>purae</span> 
     </span>
     <span class='ocr_line' id='line_1_42' title="bbox 153 2948 1003 3002; baseline 0.001 -11"><span class='ocrx_word' id='word_1_336' title='bbox 153 2950 240 2991; x_wconf 87' lang='lat' dir='ltr'>educta</span> <span class='ocrx_word' id='word_1_337' title='bbox 262 2950 300 2991; x_wconf 87' lang='lat' dir='ltr'>sit.</span> <span class='ocrx_word' id='word_1_338' title='bbox 324 2949 433 2990; x_wconf 81' lang='lat' dir='ltr'>Fortasse</span> <span class='ocrx_word' id='word_1_339' title='bbox 457 2951 500 2991; x_wconf 76' lang='lat' dir='ltr'>laoc</span> <span class='ocrx_word' id='word_1_340' title='bbox 524 2951 623 3001; x_wconf 69' lang='lat' dir='ltr'>fecisset,</span> <span class='ocrx_word' id='word_1_341' title='bbox 643 2948 791 2992; x_wconf 45' lang='lat' dir='ltr'>si‘ordinem</span> <span class='ocrx_word' id='word_1_342' title='bbox 809 2950 911 3002; x_wconf 31' lang='lat' dir='ltr'>naturae·</span> <span class='ocrx_word' id='word_1_343' title='bbox 926 2961 1003 3001; x_wconf 82' lang='lat' dir='ltr'>purae</span> 
     </span>
    </p>
   </div>
   <div class='ocr_carea' id='block_1_5' title="bbox 0 0 1114 3350">
    <p class='ocr_par' dir='ltr' id='par_1_5' title="bbox 0 0 1114 3350">
     <span class='ocr_line' id='line_1_43' title="bbox 0 0 1114 3350; baseline 0 0"><span class='ocrx_word' id='word_1_344' title='bbox 0 0 1114 3350; x_wconf 95' lang='lat' dir='ltr'> </span> 
     </span>
    </p>
   </div>
  </div>
 </body>
</html>
