2214 3350
335 190 412 233 Thesis
425 195 454 232 23.
471 195 522 230 Alia
536 194 658 239 systemata
695 211 716 248 ἢ·
885 192 921 229 491’

144 306 165 355 3.
179 304 287 345 'landem
298 304 404 353 falsum
417 303 452 343 est
464 301 587 343 hominem
600 301 695 352 lapsum
707 312 801 351 semper
814 302 838 342 et'
850 300 920 341 infal-

73 366 174 408 libiliter
192 368 273 418 sequi
291 367 427 406 maiorem
445 364 665 406 delectationem
684 363 918 404 indeliberatam.

74 430 101 471 Si
114 430 147 471 ita
159 431 226 477 esset,
240 430 288 470 iam
301 429 368 478 nulla
379 433 512 479 remaneret
524 428 630 468 libertas.
644 426 789 477 Quamdium
802 427 919 467 iudicium

74 492 220 534 indifferens
241 492 364 539 habemus
389 491 463 532 libere
485 489 571 539 eligere
595 499 722 539 possumus
745 487 812 529 inter
829 490 919 530 bonum

73 555 154 596 rnatu-e
165 554 189 595 et
204 554 292 603 minae,
301 553 400 594 ‘honum
416 554 499 593 verunt
513 553 537 593 et
552 564 677 604 apparens.
695 552 762 592 Teste
779 552 920 592 conscientia

74 629 145 668 saepe
161 617 274 668 eligimus
290 616 322 664 id,
340 616 404 667 quod
421 615 502 657 minus
519 615 600 664 allicit,
619 616 643 656 et
659 613 793 656 resistimus
809 613 838 662 ei,
857 615 920 665 quod

75 680 240 722 vehementius
254 679 284 720 ad
296 690 440 720 consensum
456 677 573 720 sollicitat.
588 677 687 729 -Ipse
703 677 727 717 S.
742 676 921 728 Augustinus

74 746 119 784 boc
143 743 254 794 expertus
275 743 298 784 et
319 743 441 783 confessus
463 742 498 783 est
522 742 637 794 [Contere.
656 744 676 790 8,
694 744 715 790 8,
734 744 761 781 20
785 741 815 800 [R
829 739 916 798 1594]):

74 807 148 847 «No-n
165 806 290 854 faciebam,
310 805 373 856 qiiod
391 806 415 846 et
430 805 612 856 incomparabili
630 804 719 845 affectu
738 802 843 855 amplius
860 803 920 842 mihi
954 836 955 839 ,

72 869 210 920 placebat.»

136 944 219 991 Notum
235 942 381 987 Augustini
398 942 535 986 adagium,
554 943 613 987 quod
628 941 691 976 nobis
710 941 804 976 obicitur
823 942 843 977 et
862 941 920 986 quod

74 995 203 1031 iansenio
227 995 299 1030 iudice
323 995 417 1030 «aureis
434 994 532 1030 meretur
550 994 617 1029 scribi
634 993 827 1037 characteribus»,
848 992 920 1028 solum

71 1046 139 1089 valet,
154 1047 264 1091 quatenus
278 1045 394 1082 delectatio
408 1045 544 1090 intellegitur
559 1044 721 1087 deliberata,
734 1045 748 1080 i.
765 1055 782 1081 a
798 1054 842 1089 qua
857 1044 916 1080 effec-

75 1099 111 1133 tus
122 1097 205 1133 liberae
217 1098 340 1134 electionis:
356 1097 438 1140 «Quod
448 1097 545 1142 amplius
556 1106 597 1132 nos
609 1096 720 1133 delectat»
734 1097 860 1139 deliberate,
874 1095 919 1131 sive

73 1150 134 1194 quod
148 1149 212 1184 nobis
225 1149 292 1185 libere
308 1149 441 1193 eligentibus
455 1148 589 1194 praeplacet,
608 1149 749 1184 «secundum
763 1149 787 1184 id
803 1156 919 1193 operemur

32 1217 33 1224 κ
73 1204 162 1236 necesse
175 1201 207 1236 est
215 1214 233 1236 n.
247 1201 277 1236 De
290 1200 398 1235 eiusmodi
411 1199 555 1235 delectatione
566 1200 637 1236 libera
648 1201 670 1236 S.
685 1200 823 1244 Augustinus
836 1199 919 1243 aliquo-

74 1253 116 1288 ties
131 1252 250 1287 maniiesto
264 1251 370 1296 loquitur;
385 1260 404 1287 v.
421 1261 440 1296 g.
458 1253 526 1288 Serra.
545 1250 586 1294 159,
602 1253 615 1288 2
631 1252 679 1297 (ML
693 1251 724 1295 38,
741 1251 815 1297 868sl:
830 1252 920 1287 Primus

72 1303 158 1348 gradus
179 1303 279 1339 iustitiae
301 1304 340 1345 est,
366 1315 376 1335 a
384 1304 409 1338 ut
425 1303 483 1338 inter
498 1303 580 1347 omnia,
598 1312 654 1348 quae
671 1302 788 1347 delectant,
812 1302 874 1348 plus
895 1302 919 1337 te

74 1355 192 1391 delectet
209 1355 259 1400 ipsa
279 1354 406 1390 iustitia...
429 1354 519 1390 Iustitia
540 1355 571 1390 sic
592 1354 689 1397 delectet,
712 1355 737 1390 ut
757 1355 833 1390 vincat
854 1354 920 1389 etiam

73 1407 148 1443 licitas
162 1406 326 1449 delectationes
342 1407 397 1450 etei
411 1406 557 1450 delectationi,
574 1416 619 1452 qua
632 1406 691 1442 licite
707 1406 830 1450 delectaris,
845 1415 920 1452 prae·

73 1467 141 1504 pone
154 1459 318 1493 iustitiam.»

73 1572 128 1613 617.
166 1572 191 1613 G.
210 1571 321 1624 systema
340 1571 596 1622 condeterminaiionis.

144 1652 266 1700 Quatenus
290 1652 384 1701 patroni
410 1650 483 1692 huius
508 1651 642 1701 systematis
668 1651 850 1701 explicationem
878 1663 920 1702 per

73 1714 199 1754 scientiam
222 1714 328 1754 nrediarn
352 1715 460 1762 reiciunt,
485 1714 580 1756 easdem
605 1715 695 1755 habent
719 1713 869 1755 difficultates
892 1726 919 1755 ac

73 1776 212 1817 defensores
231 1776 513 1827 praedeterminationis.
537 1778 562 1818 Si
584 1776 705 1818 decretum
725 1776 789 1818 istud
808 1776 919 1817 divinum

73 1839 173 1890 physica
198 1839 327 1890 efficientia
351 1850 492 1891 quocunque
517 1839 614 1880 demum
640 1840 710 1882 modo
734 1840 920 1881 determinatum

73 1913 217 1942 consensum
239 1909 325 1949 canant,
349 1903 369 1943 is
389 1913 444 1943 sane
465 1902 716 1953 praedeterminatur,
739 1902 796 1954 quia
818 1902 920 1943 habetur

74 1963 186 2013 prioritas
202 1976 285 2005 causae
303 1965 437 2016 efficientis.
461 1990 492 1997 -
515 1965 547 2007 Ut
569 1966 613 2006 hoc
638 1966 817 2006 incommodum
835 1966 917 2014 vitent,

75 2027 188 2068 Scotistae
199 2028 278 2079 potius
288 2027 419 2077 loquuntur
429 2028 458 2069 de
467 2027 563 2068 influxu
574 2029 660 2069 morali
671 2035 694 2069 et
704 2029 823 2080 affective.
837 2030 920 2070 Creata

74 2090 185 2131 voluntas
195 2091 225 2131 oh
237 2090 405 2141 sympathiam,
418 2101 491 2142 qiiam
502 2091 533 2131 ad
545 2089 692 2132 voluntatem
705 2091 812 2132 divinam
824 2092 918 2141 habeat,

74 2151 108 2191 sic
124 2163 147 2193 se
163 2152 320 2194 determinare
336 2152 430 2203 dicitur,
446 2154 482 2194 uti
496 2143 568 2195 Deusx
575 2152 699 2196 efficaciter
713 2154 772 2196 vult.
795 2155 838 2196 Est
852 2157 921 2207 qnasi

75 2213 201 2256 harmonia
209 2215 372 2268 praestabilita
385 2216 446 2257 inter
457 2216 605 2259 voluntatem
618 2218 661 2259 Dei
674 2217 790 2259 efficacem
803 2219 827 2259 et
838 2220 920 2259 volun-

75 2275 147 2318 tatem
159 2278 287 2326 creaturae,
302 2278 389 2332 sivein
401 2279 508 2320 creatura
522 2280 667 2331 estquidam
682 2283 801 2332 appetitus
815 2282 918 2330 innatus,

75 2349 122 2389 quo
134 2340 234 2389 vallea,
248 2353 308 2391 quae
322 2341 387 2382 Deus
399 2353 452 2382 eam
465 2342 527 2383 velle
540 2342 646 2384 absolute
661 2343 774 2384 decernit.
788 2366 819 2373 -
834 2344 921 2385 Contra

73 2400 118 2442 boc
137 2404 297 2454 arguimus:
317 2404 343 2445 Si
362 2404 481 2455 appetitus
500 2405 543 2446 iste
562 2407 598 2447 est
615 2405 745 2447 absolute
764 2407 920 2447 frustrabi-

73 2462 122 2511 lis,
137 2466 224 2517 triplex
236 2467 396 2518 r‘nsallr'br'tr'tas
411 2467 519 2508 absoluta
532 2480 582 2509 non
596 2469 734 2519 replicatur.
751 2469 777 2509 Si
791 2470 827 2510 est
840 2470 920 2522 abso-

74 2524 133 2568 lute
146 2528 374 2578 infrustrabilis,
390 2530 416 2570 ut
427 2530 536 2571 auctores
548 2531 584 2571 illi
598 2542 680 2572 revera
692 2530 805 2580 sentiunt,
821 2533 920 2572 destrui-

75 2593 114 2628 tnr
129 2589 235 2640 titanae
251 2603 308 2632 nam
324 2593 357 2633 sic
372 2603 501 2634 consensus
516 2593 637 2634 creaturae
653 2594 701 2634 iam
718 2593 921 2635 antecedenter

72 2651 110 2691 est
124 2655 305 2695 necessarius
321 2665 411 2705 neque
426 2656 533 2705 amplius
549 2657 584 2697 est
599 2655 777 2698 indifferens
793 2659 825 2699 ad
842 2657 919 2708 plura.

73 2713 152 2762 Quare
172 2717 191 2757 si
210 2718 276 2758 actus
292 2717 395 2758 duorum
413 2718 546 2760 volentium
565 2730 608 2770 per
627 2720 741 2761 secretam
759 2721 920 2772 sympathiam

75 2776 112 2816 vel
129 2779 247 2829 quidlibet
263 2780 330 2821 aliud
347 2780 409 2822 inter
424 2791 448 2822 se
463 2781 542 2822 essent
557 2782 590 2822 ita
607 2782 714 2831 connexi,
733 2784 760 2825 ut
776 2786 841 2835 quod
858 2795 921 2825 unus

74 2838 139 2888 velit,
154 2853 182 2882 eo
197 2843 248 2893 ipso
263 2844 322 2884 velit
335 2844 359 2884 et
373 2843 439 2888 alter,
457 2846 499 2885 aut
514 2844 627 2885 alteruter
639 2846 682 2887 aut
696 2846 796 2897 uterque
812 2846 920 2888 libertate

73 2903 172 2951 careret
191 2915 247 2945 nam
263 2906 361 2947 libertas
378 2906 457 2956 exigit,
476 2907 503 2948 ut
519 2917 592 2958 agens
608 2919 651 2958 pro
668 2909 729 2950 nutu
746 2921 788 2950 sno
806 2921 830 2951 se
847 2909 920 2950 deter-

74 2963 157 3014 minet,
170 2977 217 3007 non
229 2979 272 3018 pro
282 2969 342 3009 nutu
354 2969 458 3010 alterius.
469 2995 502 3001 -
513 2969 575 3011 Alio
587 2971 680 3012 modo:
696 2972 744 3013 Ant
754 2972 819 3014 Deus
829 2972 921 3014 decreto
