2214 3350
295 220 408 256 Scholium
421 220 438 256 2.
453 220 483 254 De
498 219 665 254 condicionibus
678 220 756 256 meriti.
924 216 959 254 589

107 327 168 379 ipsis
177 328 281 369 citantur
292 328 457 373 Caietanus,
470 326 676 374 Fe1²rariensiS‚
690 328 755 367 Soto
767 327 842 368 etalii
856 324 956 379 (n.‘118).

109 390 248 432 Secundum
261 391 322 431 hauc
338 388 412 440 igitur
425 388 563 438 opinionem
577 387 645 428 nulle
657 390 755 429 omnino
770 390 795 429 in
811 389 880 429 iustis
894 389 958 428 inve-

107 454 219 494 Jnireniur
233 464 305 504 opera
322 452 452 492 «steriliter
469 452 548 491 bonu»
568 450 608 503 (ci.
626 462 699 501 supro
714 463 738 491 u.
756 455 803 500 108,
820 453 841 503 7)
852 454 867 492 ².

108 579 164 620 ¹727.
201 579 287 619 Variae
302 578 347 617 hae
360 576 535 617 controversiae
548 575 671 617 ostendere
686 575 810 616 ridentur:
830 578 852 627 a)
870 577 958 617 Theo-

107 641 198 682 ·retice
222 640 351 681 sententiae
375 639 539 690 theologorum
563 638 640 689 magis
657 639 781 689 magisque
799 639 825 678 in
843 639 886 679 hoc
904 650 957 680 con-

107 703 218 753 vergunt,
238 703 270 743 ut
282 702 433 743 condiciones
457 702 487 743 ad
510 703 652 742 merendum
676 701 804 751 requisitae
829 708 864 742 sut
888 702 957 752 facite

107 767 264 818 verificetur
278 768 302 806 ‘m
316 766 414 807 homine
426 764 487 806 iusto
499 765 596 806 honeste
609 765 730 815 operante.
745 791 776 795 -
789 765 813 816 b)
829 763 959 804 Practice

107 830 189 870 tamen
206 829 275 869 ualde
291 829 510 869 commendandum
524 829 561 869 est
576 828 697 877 fidelibus,
716 828 743 868 ut
761 845 770 864 «
780 829 868 867 bonum
882 828 958 867 inten-

108 893 216 937 tionem»
236 892 372 943 frequenter
389 892 510 939 renovent,
528 892 543 931 i.
564 903 583 932 e.
602 892 630 932 ut
646 891 765 931 motivum
783 889 889 930 caritatis
907 900 959 941 per-

109 956 183 996 iectae
196 955 245 996 fide
257 956 326 996 nixae
340 965 431 995 necnon
444 956 548 995 aliarum
559 954 684 1001 virtutum,
693 954 720 994 ut
726 953 898 1000 oboedientiae,
907 963 959 1004 gra-
996 985 998 987 .

109 1019 226 1065 titudinis,
252 1018 418 1069 poenitentiae,
443 1017 553 1068 explicite
579 1017 624 1057 sihi
649 1017 791 1067 proponant.
818 1016 867 1057 Huc
893 1016 958 1056 enim

108 1081 185 1132 praxi,
201 1082 257 1123 iicet
268 1082 298 1121 ad
312 1081 451 1122 habendum
465 1081 564 1130 aliquod
579 1080 691 1120 meritum
706 1091 754 1120 non
771 1079 801 1120 sit
816 1079 956 1127 necessaria,

109 1144 193 1185 saltem
209 1145 271 1184 certo
288 1143 374 1183 certius
391 1144 504 1183 meritam
521 1143 590 1183 valde
604 1149 711 1192 cupetur.

169 1229 220 1264 Alia
238 1228 338 1272 quaestio
355 1238 369 1263 a
385 1228 493 1272 theologis
511 1228 613 1263 discussa
630 1229 663 1262 est
679 1228 745 1264 haec:
766 1228 866 1264 Habetne
883 1228 958 1263 iustus

109 1289 148 1325 per
162 1280 225 1315 actus
239 1279 354 1315 antitatire
368 1279 490 1320 naturales,
505 1289 524 1314 v.
539 1288 558 1323 g.
574 1288 613 1324 per
627 1288 695 1326 opera
709 1279 831 1323 externa,
847 1279 958 1324 quatenus

109 1332 249 1377 imperantur
271 1330 324 1366 actu
344 1330 466 1366 voluntatis
488 1331 655 1376 supernaturali
679 1332 699 1366 et
722 1330 842 1374 meritorio,
867 1331 958 1376 aliquod

110 1382 235 1418 meritum
258 1382 429 1428 supernaturale
451 1382 592 1427 proprium
614 1384 636 1418 ei
658 1382 820 1418 distinctum
844 1393 857 1419 a
879 1382 958 1418 merito

108 1435 298 1530 {ctus9i3ptpffiina
312 1435 426 1470 voluntate
439 1434 518 1470 eliciti?
533 1435 636 1479 Plerique
651 1434 748 1479 theologi
764 1435 805 1471 hoc
821 1437 904 1480 negant
921 1434 956 1479 (ci.

129 1496 156 1522 er.
285 1514 288 1521 ,
646 1492 647 1495 ’

109 1600 164 1641 728.
202 1591 357 1641 Condiciones
375 1600 404 1641 ad
420 1599 530 1642 meritum
547 1599 576 1641 de
593 1602 697 1651 congruo
714 1600 763 1641 iere
779 1602 836 1642 suni
851 1601 956 1654 eaedem.

109 1665 144 1704 Ex
156 1664 246 1704 scholio
258 1666 269 1703 1
284 1665 316 1715 (n.
330 1664 450 1713 rra-718)
465 1664 583 1714 apparent
594 1663 639 1704 hae
652 1663 852 1704 differentiae:
867 1665 890 1715 a)
905 1664 958 1704 Non

108 1726 212 1776 eripitur
230 1731 303 1766 status
322 1726 411 1776 prauae
430 1726 462 1777 (et
479 1726 650 1777 cousequenter
665 1726 775 1767 influxus
793 1726 906 1778 caritatis]
926 1728 958 1767 ed

108 1788 252 1839 sibimetipsi
267 1788 359 1839 aliquid
374 1789 403 1829 de
418 1800 523 1839 congruo
537 1789 687 1829 merendum.
700 1815 732 1820 -
745 1790 769 1841 b)
788 1789 867 1830 Iustus
881 1788 959 1840 potest

110 1851 182 1891 etiam
197 1851 251 1891 aliis
266 1851 343 1891 muita
359 1852 388 1892 de
404 1863 507 1901 congruo
524 1852 618 1892 mereri.
636 1876 668 1881 -
682 1853 702 1900 c)
722 1851 850 1893 Promissto
866 1854 910 1892 Dei
926 1853 958 1893 ad

108 1913 187 1954 solum
198 1914 311 1954 meritum
325 1914 354 1954 de
366 1925 470 1969 congruo
482 1914 611 1965 triscilihile
621 1915 752 1966 requiritur
766 1917 805 1967 (ct.
819 1917 837 1956 P
850 1919 891 1957 428
903 1915 957 1963 iin.;

109 1976 161 2015 Ber.
179 1978 240 2023 10143
255 1976 312 2016 Lat.
329 1976 363 2016 th.
380 1977 424 2027 53).

170 2119 177 2139 1
190 2119 217 2152 In
227 2118 313 2153 decreto
325 2119 445 2154 tridentino
456 2120 520 2164 prius
532 2128 603 2155 sermo
615 2120 663 2155 erat
675 2120 701 2156 de
714 2132 725 2151 «
734 2120 834 2155 caritatis
846 2119 930 2164 affectu
938 2132 957 2163 n,

38 2173 40 2175 ·
109 2163 147 2208 qui
161 2164 191 2198 ad
204 2172 272 2209 opera
285 2164 401 2200 meritoria
413 2165 572 2210 requireretur3
587 2167 626 2201 sed
641 2167 660 2202 d.
676 2167 688 2203 2
702 2168 749 2202 Ian.
767 2166 875 2203 15471000
890 2165 958 2200 huius

109 2210 332 2300 ἷῗῖἓξιὶἰρέεξῦϋὲεῐέωῒε
345 2211 377 2246 esi
389 2211 489 2256 phrasis:
507 2224 517 2244 (t
526 2212 636 2256 operibus,
651 2221 707 2256 quae
720 2212 744 2246 in
756 2213 800 2247 Deo
814 2213 865 2247 sunt
877 2211 938 2247 lacta
947 2225 957 2242 »

171 2266 194 2290 er
263 2265 288 2291 s.
