2214 3350
168 146 171 181 ἶ
209 142 286 178 Thesis
302 142 331 178 21.
349 142 427 178 Gratia
443 141 519 178 efficax
535 143 556 176 et
572 141 655 176 donum
670 118 848 186 perseuerantiae
915 138 956 176 aar

105 249 163 286 h‘anc
181 250 277 285 salutem
295 251 456 287 recusaverint:
478 249 494 286 1.
514 249 569 285 Illae
587 250 746 295 promissiones
763 258 809 284 uon
827 248 956 293 dllipaatur

106 303 192 338 carnali
210 313 236 339 ea
251 304 341 339 Abraha
357 303 514 349 propapatiooi
531 312 601 348 neque
617 302 772 347 plenissimam
788 303 827 338 Dei
843 303 869 337 in
885 302 955 337 donis-

105 356 152 391 suis
162 356 327 392 >distribuendis
340 357 464 392 libertatem
478 355 592 391 coarctare
606 354 709 401 possunt3=
722 354 814 401 insuper
829 355 955 400 prophetae

104 409 283 454 reprobationem
304 410 458 446 israelitarum
480 410 501 445 et
522 408 651 444 electionem
672 409 772 452 gentium
793 408 955 453 praedixerant

107 461 133 507 (9,
149 462 221 507 1-29).
237 463 254 499 2.
270 463 385 499 Israelitae
399 462 490 508 propria
503 462 569 506 calpa
582 470 628 496 non
641 461 789 506 pervenerunt
803 462 832 496 ad
847 461 948 503 salutem,
1000 494 1007 510 ι

105 515 158 560 quia
170 515 290 550 noluerunt
302 525 328 552 ex
340 516 382 552 fide
394 515 512 551 iustificari
527 515 552 560 (9,
566 513 642 557 :eo-10,
656 514 695 560 21).
711 514 728 550 3.
743 514 866 559 infidelitas
879 515 955 550 israe·-

61 576 62 579 ’
105 566 203 610 literam,
223 576 291 611 quam
307 568 366 604 Deus
385 577 410 603 ex
427 566 565 613 sapientibus
584 566 709 602 rationibus
725 566 833 611 permisit,
853 575 899 601 non
918 566 950 602 esi

104 620 149 654 nisi
164 620 266 664 partiatis
284 623 304 656 et
321 620 455 665 temporaria
473 618 519 665 (11).
543 639 566 645 -
588 620 615 655 In
631 618 727 655 sectione
742 619 752 655 1
769 619 790 665 a)
807 628 858 654 cum
875 618 954 654 dolore

105 673 206 717 agnoscit
223 673 340 718 Apostolus
358 673 497 719 praesentem
521 674 558 708 sui
579 672 656 718 populi
680 672 821 708 reiectionem
841 670 866 717 (9,
887 671 954 717 1-5);;

104 725 125 770 b)
145 735 171 761 ex
188 725 282 761 historia
305 726 489 762 Patriareharum
512 726 609 761 ostendit
633 735 683 761 earn
704 734 750 760 non
773 733 874 771 pugnare
899 734 950 761 cum

104 779 186 814 divinis
200 779 385 825 promissionibus
400 777 486 827 (o-tap
498 780 517 825 c)
534 780 578 814 Deo
593 779 683 823 pteaam
698 778 823 814 libertatem
836 779 862 814 in
877 777 955 814 distri--

103 832 198 867 buendis
212 832 298 876 gratiae
314 833 378 867 donis
392 832 491 867 vindicat
509 831 603 877 (tt—up
621 832 642 877 d)
659 831 799 866 vocationem
812 831 913 875 gentium
929 831 955 867 et.

103 884 281 929 reprobationem
292 884 440 930 plurimorum
453 884 608 921 israelitarum
620 884 759 929 praedictam
772 883 910 920 demonstrat
924 894 952 920 es

103 935 217 981 prophetis
236 936 328 983 (eo—29).
474 945 475 948 ’

103 1065 156 1108 561.
190 1065 246 1105 Rom
260 1066 377 1110 9‚o-9=
404 1068 554 1103 Nonomnes
578 1066 660 1113 posteri
685 1067 787 1103 carnales
811 1066 902 1103 Israelis
928 1067 954 1102 et:

103 1120 206 1156 Abrahae
221 1120 272 1156 sunt
287 1120 328 1166 filii
342 1120 502 1165 promissionis.
520 1120 682 1155 Pronnssiones
698 1120 799 1155 Abrahae
814 1120 887 1156 iactae
903 1129 952 1155 non

85 1183 87 1190 l
102 1173 229 1216 miseriaci,
247 1173 285 1208 sed
299 1174 324 1208 in
338 1172 385 1208 soio
399 1173 464 1208 isaac
479 1172 532 1208 sunt
547 1172 656 1218 impietae.
675 1172 809 1208 Electionem
825 1172 889 1208 Isaac
906 1174 954 1208 ior·

102 1227 162 1262 tasse
186 1226 297 1262 adscribet
318 1226 400 1271 aliquis
425 1226 555 1272 differentiis
579 1227 675 1261 uaturae
693 1228 714 1261 et
732 1226 868 1270 meritorum,
895 1226 954 1270 quia.

103 1279 185 1323 ismael
209 1279 256 1315 erat
279 1279 338 1314 filius
355 1278 449 1315 ancillae
467 1279 488 1314 et
506 1287 559 1323 erga
576 1280 640 1314 Isaac
658 1279 717 1314 male
734 1288 757 1314 se
775 1279 879 1323 gesserat.
906 1279 949 1316 Sed

103 1341 198 1377 sequens
214 1332 338 1378 exemplum
352 1341 372 1367 v.
391 1330 460 1368 le-la
476 1331 535 1367 clare
552 1332 682 1367 manifestat
697 1332 792 1367 liberam
806 1332 847 1368 Dei
864 1332 949 1368 electio-

103 1394 154 1421 nem
171 1386 192 1421 et
205 1385 405 1431 praedilectionem.
424 1385 485 1421 Esau
503 1386 524 1420 et
539 1385 612 1427 Iacob,
630 1384 672 1420 filii
689 1385 788 1421 eiusdem
804 1384 875 1430 patris
892 1385 950 1421 eius-

103 1439 196 1482 demque
211 1438 296 1480 matris,
314 1437 396 1482 gemini
414 1447 439 1473 ex
455 1447 500 1473 uno
517 1437 635 1473 concubitu
651 1437 756 1483 concepti,
776 1438 875 1473 nondum
891 1438 953 1479 nati.

102 1500 154 1535 ergo
166 1491 258 1535 uterque
270 1491 318 1526 sine
330 1491 390 1525 omni
401 1489 515 1536 personali
527 1491 605 1526 merito
618 1491 664 1526 sive
677 1492 734 1527 bono
746 1492 792 1527 sive
803 1491 870 1535 malo,
884 1493 954 1527 erant

102 1552 194 1589 prorsas
209 1544 312 1589 aequales
324 1544 372 1579 tam
385 1544 468 1579 natura
482 1552 550 1588 quam
563 1544 655 1579 meritis.
672 1545 757 1580 Tamen
770 1546 829 1580 Deus
844 1544 949 1586 alterum.

101 1606 196 1641 eumque
213 1596 323 1642 posterius
339 1596 484 1641 nasciturum,
503 1596 624 1641 praeetepit
642 1596 787 1641 alterumque,
806 1597 862 1633 natu
879 1598 952 1632 maio-

101 1659 148 1685 rem
163 1650 271 1690 futurum,
288 1659 301 1685 a
315 1649 379 1685 bonis
393 1649 496 1685 Abrahae
511 1650 627 1694 promissis
642 1649 740 1685 exclusit.
757 1652 805 1686 Duo
819 1650 865 1686 ista
878 1650 949 1685 vati-

103 1703 177 1738 cinia
193 1703 248 1748 (Gen
260 1702 290 1746 25,
305 1702 339 1738 23:
355 1702 446 1737 «maior
459 1702 540 1738 serviet
552 1703 661 1745 minori»,
676 1703 697 1738 et
711 1703 757 1738 Mal
772 1702 788 1744 1,
803 1703 844 1740 ds:
862 1703 951 1738 «Iacob

101 1756 175 1799 dilexi,
186 1756 248 1791 Esau
258 1756 333 1791 autem
344 1756 393 1791 odio
404 1756 474 1791 habui
482 1756 501 1802 o)
514 1756 612 1801 proxime
624 1755 650 1790 de
662 1756 750 1801 populis
761 1756 832 1792 lsrael
844 1758 865 1792 et
876 1757 947 1792 Edam

101 1809 161 1845 dieta
173 1809 243 1853 erant,
257 1809 295 1844 sed
306 1809 423 1854 Apostolus
437 1808 462 1843 de
472 1809 527 1853 ipsis
540 1810 640 1853 personis
652 1809 756 1853 loquitur.
772 1809 866 1845 Odium
878 1819 947 1845 sensu

102 1862 218 1898 attenuato
233 1862 322 1907 saepius
337 1860 447 1906 significat
463 1860 583 1906 quamlibet
596 1862 780 1906 postpositioaem
795 1864 816 1897 et
830 1863 952 1907 implectis--
972 1860 975 1863 ⁴

102 1923 159 1958 aem,
178 1915 226 1949 non'
241 1915 367 1950 necessario
383 1914 502 1960 positivam
519 1915 664 1957 aversionem
683 1916 709 1950 ci.
731 1916 759 1951 Lc
778 1915 806 1959 18,
826 1915 861 1952 26:
884 1916 947 1958 «Qui

101 1975 147 2001 non
160 1966 206 2001 odit
221 1966 307 2011 patrem
321 1975 405 2000 suum»
424 1967 462 2001 etc.
479 1967 538 2010 Ergo
553 1967 612 2002 Deus
628 1975 699 2002 unum
714 1975 768 2011 prae
784 1966 854 2003 altero
871 1967 944 2012 elegit.

100 2020 160 2055 Haec
174 2019 305 2064 praeelectio
319 2019 441 2054 seeundum
451 2028 470 2055 ν.
487 2018 511 2055 12
523 2019 583 2055 iacta
597 2020 629 2055 est
642 2027 688 2054 aaa
701 2021 801 2065 respectu
815 2021 952 2057 meritorum

102 2072 122 2117 (α
131 2082 157 2108 ex
170 2072 309 2118 operibuss),
324 2073 363 2107 sed
376 2081 414 2117 pro
430 2072 565 2117 beneplacito
579 2073 619 2109 Dei
632 2073 733 2109 vocantis
748 2073 768 2119 (a
777 2083 802 2109 ex
815 2074 944 2120 vocantes),

101 2126 122 2161 et
136 2126 259 2161 secundum
272 2134 291 2161 v,
307 2124 329 2161 11
344 2126 390 2161 iam
404 2126 456 2161 ante
470 2125 611 2162 nativitatem
625 2127 766 2170 geminorum
779 2128 886 2163 vaticinio
901 2137 952 2163 ma·

100 2179 208 2214 nitestata
225 2179 257 2214 est
274 2188 300 2214 ea
316 2179 358 2214 hae
374 2179 473 2224 praecise
495 2179 625 2222 interitione,
650 2181 675 2215 ut
699 2181 808 2225 proluitas
833 2182 951 2216 electionis·

99 2231 194 2266 indubia
206 2230 286 2267 staret:
299 2228 334 2266 ἵνα
348 2227 359 2276 ᾗ
371 2227 411 2267 κατ’
425 2229 509 2278 ἐκλογὴν
519 2229 615 2276 πρόθεσις
623 2233 658 2268 τοῦ
667 2234 717 2269 θεοῦ
726 2233 780 2278 μένῃ.
793 2233 839 2268 Vox
852 2232 953 2278 πρόθεσις·

100 2283 253 2329 inscriptura
267 2283 322 2319 solet
334 2282 461 2328 significare
473 2284 601 2320 absolutum
614 2286 635 2320 et
649 2285 744 2321 liberum
754 2287 794 2321 Dei
807 2288 952 2332 propositam,

100 2337 146 2372 sive
161 2336 280 2372 consilium
295 2336 422 2372 conterendi
438 2337 529 2382 aliquod
545 2337 676 2382 beneficium
692 2338 726 2383 [ci.
743 2339 799 2375 Rom
814 2339 832 2383 8,
848 2338 888 2385 28).
906 2339 950 2374 Ex·

100 2398 176 2434 presse
194 2389 283 2429 additur
299 2390 438 2435 propositum
456 2390 556 2425 divinum
574 2400 621 2426 esse
641 2388 681 2427 κατ’
702 2390 791 2438 ἐκλογὴν,
812 2402 859 2428 esse
877 2395 949 2428 consi-

100 2442 156 2477 lium
169 2442 290 2485 electivum,
304 2442 349 2477 scil.
364 2442 460 2486 eligendi
472 2451 529 2487 eum,
543 2452 608 2489 quem
619 2445 678 2480 Deus
690 2446 737 2491 ipse
750 2444 850 2482 voluerit.
865 2447 893 2482 In
905 2447 952 2482 hoe
968 2463 969 2466 =

100 2495 204 2530 contextu
219 2495 266 2530 «ut
280 2495 419 2530 maneret»
435 2496 468 2531 est
481 2496 542 2532 idem
557 2506 593 2534 ae:
611 2498 655 2533 «ut
670 2498 839 2534 immutabiliter
854 2508 950 2534 manere

101 2549 295 2591 capnoseereturst
311 2566 335 2573 -
350 2548 372 2584 V.
391 2547 425 2584 14:
444 2549 567 2585 Obicitur
582 2552 627 2586 Deo
644 2551 757 2595 iniquitas.
775 2551 836 2593 Quae
853 2553 952 2588 obiectio-
1008 2553 1010 2555 ’

101 2601 153 2637 dein
167 2603 192 2636 es
205 2601 321 2646 Scriptura
335 2600 433 2643 solvitur,
449 2610 506 2645 quae
519 2603 614 2638 testatur
627 2604 718 2649 plenam
730 2605 771 2639 Dei
785 2604 911 2641 libertatem
922 2606 950 2640 in

98 2652 211 2688 beneficiis
228 2652 367 2688 conterendis
391 2652 450 2698 (158)
475 2654 496 2689 et
520 2655 657 2700 denegandis
683 2655 747 2701 (lis).
767 2655 790 2692 V.
812 2656 846 2694 15:
885 2657 951 2695 tireio

99 2706 120 2741 et
136 2706 239 2751 οἰκτείρειν
255 2707 306 2742 sunt
318 2715 450 2751 synonyma
462 2707 557 2744 fortasse
570 2709 669 2745 secunda
678 2719 719 2745 vox
730 2709 838 2746 maiorem
851 2711 951 2754 gradum·

99 2759 265 2795 misericordiae
281 2759 387 2804 exprimit.
404 2760 433 2794 In
446 2760 508 2795 textu
522 2770 600 2805 graeco
616 2772 635 2797 v¹
653 2762 676 2799 16
690 2762 814 2799 subiectum
830 2765 850 2799 et
865 2765 947 2810 copula

99 2812 224 2858 supplenda
245 2813 308 2849 sunt:
327 2810 349 2849 τὸ
366 2810 472 2858 §teutpert
487 2812 545 2850 ἐστιν.
560 2815 641 2851 Utrum
663 2815 745 2860 aliquis
765 2817 805 2853 Dei
824 2818 952 2854 misericor--

100 2864 161 2900 diam
175 2865 276 2901 inveniat
289 2875 364 2908 necne,
379 2865 420 2900 hoc
435 2874 480 2900 dou
496 2866 604 2911 dependet
618 2869 646 2905 ab
662 2869 732 2913 ipsius
749 2870 828 2906 studiis
846 2870 910 2916 (velle
925 2872 947 2907 et

100 2918 206 2964 currere),
221 2918 259 2954 sed
273 2928 287 2954 a
299 2920 343 2955 Deo
356 2918 424 2955 libere
435 2918 559 2956 miserente.
574 2940 598 2947 —-
611 2922 635 2957 V.
652 2922 703 2959 lis:
720 2922 794 2959 Etiam
808 2925 951 2960 contrarium-2
