2214 3350
194 174 219 211 35
257 175 312 211 Sect.
328 176 344 210 Ι.
361 175 406 210 Art,
422 176 439 211 Ι.
455 176 486 211 De
501 176 632 223 necessitate
645 176 733 220 gratiae
747 176 776 211 ad
791 175 854 210 actus
869 172 979 210 salutares

193 283 323 334 perueniat,
346 282 485 326 est'e'orum
506 286 659 326 incredulitas
681 298 694 325 a
715 284 773 324 Deo
784 284 901 334 praevisa.
925 282 1041 323 Similiter

192 348 289 399 paruuli
306 348 349 389 aut
365 346 486 399 baptismo
509 348 632 390 salvantur
654 348 696 388 aut
719 346 771 387 sine
793 345 915 397 baptismo
931 345 1039 397 pereunt,

192 410 264 461 prout
277 411 341 452 Deus
355 423 445 460 eorum,
461 412 481 452 si
494 410 585 452 diutius
598 409 712 458 viverent
727 410 815 450 bonam
830 409 872 450 aut
885 410 975 450 malam
990 409 1041 449 fore

192 473 340 515 voluntatem
362 474 491 526 praevidet.
513 499 544 505 „-
564 472 625 521 Quia
646 473 779 514 secundum
801 471 942 513 catholicam
964 471 1039 512 iidem

193 542 270 577 totam
284 549 344 588 opas
357 537 441 578 salutis
454 537 544 587 qtatlac
557 536 602 575 Dei
615 534 801 575 adscribendum
814 535 865 584 est,v
874 535 983 576 diseretio
998 546 1042 585 per

192 599 315 640 diversum
326 611 396 641 usum
407 598 524 640 libertatis
535 598 645 639 iacienda
656 597 704 638 non
715 597 791 648 potest
801 599 881 639 locum
894 598 981 648 habere
993 596 1039 638 nisi

192 664 219 702 in
237 663 382 713 quibusdam
399 661 499 709 actibus,
519 661 560 711 qui
578 660 800 711 praemunirentur,
820 661 848 702 ut
864 660 965 702 salvatio
982 660 1038 701 inci-

194 737 250 774 pere
266 724 347 776 possit,
365 725 405 764 sed
423 724 550 774 adipsum
567 735 628 774 opus
645 723 783 765 salvationis
800 724 914 765 nondum
927 723 1040 764 videntur

193 787 317 838 pertinere.
336 788 459 838 aequatas,
478 787 507 827 de
524 785 631 837 periculo
647 798 691 827 suo
707 786 794 828 timens
810 787 834 828 et
845 787 940 835 dolens,
960 786 1038 828 fidens

192 862 217 890 se
234 861 301 901 posse
318 862 333 890 a
349 848 442 890 medico
457 848 544 897 sanari,
563 861 632 900 opem
649 849 757 891 ciusdem
775 849 908 900 implorans
924 850 948 891 et
964 849 1039 889 medi-

192 914 271 953 cinam
285 911 420 960 admittens,
436 912 512 963 potest
525 912 613 960 sanaim
628 912 709 953 tamen
723 911 772 953 tota
785 912 877 953 sanatio
891 913 921 953 tit
934 924 978 962 per
992 923 1038 952 me

192 976 272 1015 dicum
285 975 372 1016 virtrite
384 974 518 1016 medicinae
532 975 615 1026 (Epist.
628 978 677 1023 226,
691 976 722 1025 2).
737 975 853 1016 Similiter
866 975 975 1016 Christus
989 975 1038 1015 Sal-

192 1038 258 1078 vator
276 1038 356 1078 noster
374 1038 517 1089 plerumque
540 1038 661 1095 exspectat
685 1038 782 1088 aliquod
807 1036 904 1079 initium
923 1050 952 1078 ex
971 1037 1037 1089 parte

191 1101 296 1141 hominis
308 1100 357 1142 sive
370 1101 475 1151 aliquem
489 1101 600 1142 collatum
612 1101 688 1142 bonae
700 1100 837 1142 voluntatis.
852 1102 877 1143 Si
891 1101 962 1142 homo
975 1101 1051 1157 bono

150 1187 151 1190 =
190 1163 296 1212 naturae,
311 1164 326 1203 i.
340 1175 362 1204 e.
378 1181 387 1199 ιι
395 1163 484 1204 initiali
496 1164 572 1214 qratia
580 1181 599 1212 »,
614 1164 675 1205 bene
688 1163 771 1213 utitur,
786 1164 873 1215 accipit
888 1164 1038 1204 «salvantem

190 1227 310 1276 aratiam»
325 1227 408 1277 (Epist.
420 1229 469 1275 225,
480 1227 511 1277 t).
524 1227 597 1267 Secus
607 1239 649 1268 sua
661 1227 731 1277 culpa
742 1238 789 1267 non
801 1228 914 1275 salvatur,
926 1228 1038 1278 quamvis

191 1289 254 1330 Deus
269 1289 320 1330 eius
336 1289 437 1330 salutem
452 1290 513 1334 serio
527 1289 593 1330 velit.
608 1316 639 1321 —-
653 1289 754 1330 Initium
769 1290 828 1340 fidei
843 1290 892 1330 sive
907 1289 992 1331 salutis
1006 1290 1037 1329 ab

113 1360 114 1363 ’
190 1352 287 1393 homine
304 1352 412 1403 primum
431 1352 482 1393 suis
498 1346 590 1393 viribus
609 1353 786 1403 praestandum
797 1353 844 1393 hoc
861 1353 933 1393 modo
951 1353 1037 1393 descii-

189 1415 262 1455 hunt:
281 1415 362 1455 dolere
377 1414 406 1454 de
422 1414 519 1455 miseria
534 1423 589 1463 sua
602 1415 698 1456 horrere
714 1415 848 1465 periculum
864 1415 948 1456 mortis
963 1415 1036 1456 aeter-

113 1495 115 1498 *
189 1489 241 1525 nae,
258 1471 319 1518 relle
337 1477 442 1528 purgari,
461 1476 595 1518 desiderare
612 1478 721 1525 salutem,
740 1478 780 1529 pio
795 1477 885 1519 affectu
901 1478 998 1519 credere
1013 1479 1037 1519 et

189 1540 310 1594 confidere
324 1539 417 1581 Christo
431 1531 556 1588 salvatori,
571 1551 645 1588 orare,
661 1535 797 1589 implorare,
812 1540 898 1591 petere,
913 1551 1034 1591 quaerere,

190 1603 292 1653 pulsare,
309 1602 449 1650 consentire,
465 1603 603 1644 eonari‘etc.
622 1603 662 1654 (el.
679 1603 763 1643 Araus.
779 1615 832 1644 can.
848 1603 880 1654 6).
894 1627 925 1632 -
939 1603 1037 1644 Brevi-

188 1666 249 1713 ter:
266 1666 302 1706 Ex
316 1666 382 1716 parte
398 1657 504 1706 hominis
518 1664 626 1706 salvandi
640 1667 774 1716 accuratim
787 1667 976 1717 praerequlritar
991 1666 1035 1707 ini.

188 1730 249 1770 tium
272 1730 339 1778 fidei,
359 1730 374 1769 i.
393 1741 414 1770 e.
440 1729 462 1780 a)
483 1729 629 1770 desiderium
646 1729 742 1777 calatia
765 1730 788 1781 b)
807 1730 863 1780 pius
889 1729 1035 1770 credulitatis

189 1792 297 1843 assuetus,
313 1793 336 1843 c)
355 1791 491 1843 imploratio
509 1792 586 1832 divini
601 1792 693 1832 auatlit.
718 1793 778 1833 Dein
801 1792 879 1843 gratia
901 1791 1037 1834 iustificeris

189 1855 298 1906 perducit
308 1854 431 1896 hominem
443 1855 474 1895 ad
484 1855 615 1906 perfectam
626 1854 709 1902 iidem,
723 1866 783 1905 quae
794 1866 838 1905 per
848 1854 970 1895 caritatem
982 1866 1035 1905 ope-

189 1918 263 1966 ratur,
281 1918 312 1959 ad
330 1923 486 1968 atramenta-m
502 1917 562 1967 fidei
578 1928 621 1968 per
637 1917 701 1957 bona
718 1928 797 1967 opera,
815 1916 846 1966 et,
866 1917 885 1957 si
902 1917 974 1957 homo
992 1928 1035 1957 suo

188 1981 263 2021 libero
285 1980 384 2021 arbitrio
407 1973 549 2030 perseuerat,
573 1980 604 2020 ad
628 1980 859 2020 consummationem
881 1980 947 2030 fidei,
973 1981 988 2021 i.
1012 1992 1032 2021 e.

188 2044 219 2083 ad
237 2043 331 2083 felicem
349 2043 424 2083 linem
445 2043 484 2094 (ci.
504 2041 576 2084 etiam
599 2044 633 2082 De
651 2043 768 2092 praedest.
795 2042 875 2083 Sanct.
900 2045 921 2092 4,
941 2047 953 2084 8
980 2043 1036 2102 [Mu

188 2109 222 2153 44,
241 2105 328 2164 9655)).
350 2118 353 2127 ·

257 2182 277 2219 4.
293 2178 453 2228 Qualilicatio.
469 2180 503 2218 Dc
518 2180 567 2229 lide
583 2179 690 2229 delinita.

186 2305 224 2345 60,
265 2304 353 2349 Proh.
373 2304 392 2345 1.
410 2303 525 2347 Ecclesia.
544 2304 724 2345 Caelestinus
741 2306 750 2345 I
769 2307 798 2357 [a¹
816 2307 865 2357 431)
883 2307 1035 2347 commendat

188 2368 348 2419 augustinum
376 2379 479 2417 eumque
506 2379 519 2407 a
548 2367 757 2408 detrectationibus
785 2367 1032 2420 semipelagianorum

186 2431 294 2471 defendit
311 2431 353 2481 (Dr
369 2430 427 2481 128).

255 2503 373 2545 Indiculus
392 2504 523 2545 secundum
544 2516 599 2555 *can
618 2508 631 2544 3
651 2505 693 2555 (Dr
712 2506 760 2557 129)
780 2506 895 2547 adversus
917 2517 965 2554 eos,
990 2505 1032 2556 qui

189 2577 261 2607 «curn
280 2567 405 2617 Pelagium
423 2567 494 2618 atque
514 2567 657 2608 caelestium
675 2568 876 2610 anathematizare
896 2579 944 2609 non
965 2569 1032 2610 dubi-

188 2629 244 2677 tent,
263 2629 382 2680 magistris
400 2630 480 2671 tamen
497 2630 591 2678 nostiis,
612 2631 735 2681 tamquam
754 2630 914 2672 necessarium
932 2632 1032 2678 modum

185 2692 334 2740 excesserint,
355 2692 546 2743 obloquuntur»,
574 2692 671 2744 colligit,
698 2692 756 2744 quid
784 2695 885 2735 rectores
910 2695 1031 2735 Romanae

186 2756 303 2796 Ecclesiae
318 2757 347 2797 de
362 2756 438 2808 gratia
452 2757 496 2798 Dei
509 2756 661 2797 sentiendum
676 2768 725 2797 esse
741 2758 882 2797 censuerint.
898 2783 930 2788 —-
946 2758 1002 2808 Cep.
1018 2761 1034 2797 7

188 2819 231 2869 (Dr
248 2820 295 2869 133)
315 2819 457 2870 generaliter
473 2820 572 2861 dicitur:
596 2837 605 2855 r<
614 2820 682 2869 Quod
699 2831 770 2861 nemo
785 2819 833 2860 nisi
850 2832 893 2871 per
910 2819 1031 2861 Christum

186 2881 261 2921 libero
277 2878 336 2921 hene
350 2882 432 2922 utatur
446 2882 545 2922 arbitrio
554 2896 573 2930 »ς
589 2894 640 2933 cap.
658 2886 670 2924 8
689 2884 730 2934 (Dr
746 2883 809 2933 134)
831 2893 918 2923 «nemo
934 2882 1032 2924 aliunde

187 2945 209 2984 ei
226 2944 309 2995 placet,
328 2945 374 2984 nisi
391 2956 419 2985 ex
435 2957 470 2992 eo,
488 2946 551 2996 qnod
568 2945 618 2996 ipse
634 2946 785 2994 donaveritis
804 2957 855 2996 cap.
872 2949 886 2986 9
904 2946 948 2996 (Da
965 2947 1027 2996 135):
