2214 3350
243 224 319 259 Thesis
334 223 362 260 la
381 223 544 259 illustrationes
560 223 581 257 et
597 222 755 267 inspirationes
887 218 924 257 373

6 369 7 373 ,
78 342 134 382 496.
163 341 251 386 Prob.
283 344 310 382 A.
328 343 453 385 Exsistunt
470 341 575 382 actualia
591 339 678 381 auxilia
695 340 787 390 gratiae
804 340 937 386 internae,=

5 436 6 439 ,
80 404 152 445 etiam
166 404 348 457 independeutia
365 407 395 447 ali
410 404 530 446 habitibus
547 403 641 444 infusis.

147 523 166 564 l.
187 523 294 566 Ecclesia
313 536 381 574 saepe
401 500 523 575 tamquam
542 522 632 573 gratias
649 522 754 562 internus
775 528 796 562 et
816 522 922 562 absolute

78 587 222 627 necessarius
237 588 332 629 exhibet
345 588 461 629 eiusmodi
477 587 568 628 auxilia
582 585 737 633 transeuntia,
754 584 885 625 intellectui
900 584 923 624 et

78 650 195 690 iroluntati
209 650 271 699 data,
284 663 357 702 eaque
371 651 404 691 iia
417 649 536 698 describit,
551 650 578 691 ut
591 660 640 689 non
653 648 745 699 possint
758 648 850 697 concipi
864 648 922 688 tam-

78 724 151 764 quam
166 713 226 754 meri
241 714 341 754 effectus
356 714 473 754 donorum
489 712 657 753 habitantium.
675 713 724 752 Hoc
740 711 844 752 maxime
860 709 923 751 valet

79 776 107 816 de
122 776 208 826 prinus
224 777 327 817 motibus
342 777 485 817 salutaribus
502 776 597 816 infideli
613 774 712 823 collatis,
730 774 771 819 ubi
787 773 849 814 nihil
866 774 922 813 insi-

78 839 137 879 nuat
150 840 198 879 iam
213 839 377 880 antecedenter
391 840 421 880 ad
434 851 473 880 eos
487 839 585 879 infundi
601 838 706 889 aliquem
722 837 840 885 habitum3
856 848 922 887 prae-

79 902 160 942 sertim
177 902 267 943 infusio
289 902 385 942 habitus
406 902 502 942 exclusa
519 913 569 942 esse
586 901 687 950 uidetur,
713 902 808 951 quando
835 899 923 940 dicitur

79 965 202 1015 inspiratio
217 965 307 1016 gratiae
320 965 343 1005 et
356 964 428 1015 recipi
444 965 466 1005 et
480 965 543 1004 obici
555 976 632 1014 posse.

147 1056 297 1096 Indioulus
310 1068 361 1106 cap.
376 1060 388 1096 8
404 1057 446 1107 (uz
460 1057 522 1107 134);
543 1055 721 1105 «Praeparetur
733 1054 844 1095 voluntas
858 1055 883 1113 [i.
900 1066 919 1094 e.

0 1122 9 1147 t
77 1119 168 1177 volitio]
182 1131 196 1159 a
207 1118 316 1167 Domino,
329 1119 352 1159 et
363 1119 390 1159 ut
401 1118 458 1158 boni
471 1119 563 1169 aliquid
577 1118 654 1168 agant,
669 1118 774 1168 paternis
787 1117 921 1168 inspiratio-

60 1222 61 1228 ,
78 1181 150 1222 nibus
160 1192 258 1222 suorum
270 1181 320 1232 ipse
332 1181 408 1232 tangit
419 1182 489 1221 corda
501 1180 609 1221 tiliorum
618 1193 637 1229 ”3
650 1182 680 1221 oi.
695 1192 745 1231 cap.
758 1183 778 1220 9.
791 1206 823 1211 -
834 1181 921 1220 Arau-

0 1247 9 1283 i
78 1245 206 1284 sicanum
220 1255 270 1284 can.
286 1247 343 1284 3-1
359 1244 400 1295 (Du
415 1245 454 1284 176
462 1244 492 1294 55)
509 1244 601 1294 primos
614 1243 693 1284 motus
705 1245 780 1284 bonae
792 1242 922 1283 voluntatis

0 1317 9 1335 a
78 1308 132 1347 fieri
144 1307 215 1358 negat
226 1307 272 1346 nisi
286 1325 296 1343 <c
303 1318 346 1357 per
359 1306 462 1357 Spiritus
474 1307 554 1347 Sacrati
568 1307 713 1347 infusionem
727 1306 749 1346 et
761 1305 922 1357 operationem

0 1371 9 1416 Ξ
77 1371 103 1409 111
117 1381 177 1410 nos»
195 1371 255 1422 (can.
271 1370 302 1421 4),
320 1387 329 1405 1
337 1381 381 1420 per
394 1368 575 1419 inspirationem
591 1368 695 1420 Spiritus
709 1368 789 1410 Sancti
805 1368 922 1419 corrigen-

0 1445 9 1463 a
77 1434 125 1473 tem
144 1432 290 1473 uoluntatem
312 1432 336 1491 [i.
359 1444 377 1472 e.
397 1431 544 1490 vetitionem]
563 1432 687 1472 nostram»
712 1432 771 1483 (can.
793 1433 825 1483 5),
847 1432 921 1472 Nemo

77 1493 198 1546 potestati
213 1496 314 1545 gratiam
329 1495 442 1545 baptismi
457 1495 546 1543 venire,
564 1495 611 1535 nisi
627 1506 698 1546 quem
714 1495 784 1536 Pater
799 1494 923 1535 attraxerit

80 1559 139 1609 (can.
154 1559 185 1610 8).

2 1686 10 1705 <÷
146 1649 342 1691 Τ11115111111111115.
360 1649 374 1689 6
388 1659 438 1701 cap.
455 1649 469 1690 5
488 1651 529 1701 (Du
544 1650 594 1701 797)
612 1623 725 1689 describit
738 1648 840 1699 gratiam
854 1659 921 1699 prae-

0 1721 11 1759 1
77 1713 212 1754 remantem
226 1712 363 1753 adultorum
377 1712 499 1762 tamquam
515 1712 621 1761 aliquam
635 1710 789 1759 vocationem,
807 1722 921 1762 111151155-

0 1771 11 1831 t
78 1775 303 1823 55151551555111111,
321 1776 349 1815 ut
364 1774 501 1815 convertant
516 1786 540 1815 se
555 1775 586 1815 ad
602 1786 670 1815 suam
687 1774 881 1815 iustificationem
899 1774 921 1814 et

78 1839 241 1889 disponantur,
256 1838 289 1879 ita
300 1839 326 1878 ut
337 1837 418 1888 tangat
426 1838 490 1878 Deus
501 1849 541 1878 cor
552 1837 658 1878 hominis
669 1849 712 1888 per
724 1838 828 1888 Spiritus
840 1837 918 1879 Sanct'

77 1901 285 1941 illuminationem.
298 1901 364 1941 Hanc
376 1911 430 1940 vero
443 1900 624 1950 inspirationem
637 1902 707 1940 homo
720 1900 838 1950 recipiens
849 1900 922 1941 etiarn

78 1965 168 2005 abicere
183 1964 266 2015 potest.
282 1989 313 1995 —
330 1973 381 2015 cap.
399 1964 412 2004 6
432 1964 473 2014 (Dr
489 1964 538 2014 798)
557 1962 623 2003 actus
640 1963 814 2012 describuntur,
833 1964 921 2015 quibus

77 2027 193 2075 homines,
213 2027 307 2067 excitati
322 2026 404 2066 divina
421 2025 498 2076 gratia
515 2026 539 2066 et
556 2026 640 2075 adiuti,
659 2027 691 2067 ad
708 2026 785 2077 ipsam
805 2025 921 2066 iusi-itiam

78 2090 244 2141 disponuntur.
264 2089 356 2129 lniusio
372 2088 488 2129 virtutum
506 2088 668 2129 habitantium
686 2100 736 2138 cap.
756 2092 770 2130 7
790 2089 833 2141 (Du
851 2090 892 2129 799
899 2089 918 2139 s)

78 2153 138 2193 clare
151 2153 180 2193 ab
194 2153 287 2193 actibus
298 2150 481 2202 praeparatoriis
493 2151 656 2202 praecedentis
668 2152 753 2203 capitis
766 2151 922 2203 distinguitur

89 2216 119 2255 ci.
135 2227 159 2255 n.
175 2216 233 2266 376).
251 2216 312 2265 Ergo
328 2213 410 2265 gratia,
427 2209 554 2265 qua‘iuxtu
570 2226 621 2266 cap.
637 2215 691 2256 6111
707 2214 773 2255 actus
788 2215 922 2256 excitentur

77 2278 100 2318 et
116 2277 267 2326 adiuvantur,
283 2277 319 2317 est
334 2276 456 2316 actualis1.
471 2303 503 2308 -—
519 2289 538 2318 5.
557 2281 583 2318 14
600 2289 650 2328 cap.
668 2281 682 2319 4
700 2279 742 2330 (Dc
756 2279 805 2330 898)
825 2278 921 2319 docetur

138 2417 145 2437 1
161 2415 239 2451 Posset
255 2415 343 2459 quidem
358 2413 456 2449 absolute
473 2414 555 2459 aliqiris
571 2415 695 2451 doctrinam
711 2415 736 2451 de
752 2415 845 2451 mutua
861 2426 921 2451 cau-

78 2460 189 2496 salitate
202 2461 261 2496 inter
274 2460 348 2496 actum
361 2460 516 2505 dispositivum
529 2461 550 2496 et
563 2461 671 2502 habiturn,
686 2462 712 2496 de
726 2470 770 2505 qua
783 2462 857 2505 quoad
870 2461 921 2496 ulti-

77 2513 137 2541 mam
149 2506 316 2552 dispositionem
328 2506 349 2541 et
359 2505 456 2549 gratiam
467 2506 644 2542 sanctificantem
656 2506 741 2551 egimus
755 2507 784 2552 (n.
799 2506 834 2542 343
842 2509 880 2553 55),
893 2509 922 2543 ad

78 2560 164 2587 omnem
187 2552 354 2597 dispositionem
370 2552 390 2587 et
404 2551 506 2587 habitum
521 2553 622 2588 intusum
638 2553 758 2587 transferre
783 2552 817 2597 (oi.
835 2555 921 2589 Huorte

78 2598 103 2632 de
117 2598 208 2635 Stutier:
225 2598 385 2642 Grcqoriunum
398 2597 410 2633 6
423 2596 490 2643 [1925]
506 2597 548 2639 1973
561 2598 626 2633 Scor.
640 2598 654 2633 l.
669 2598 680 2634 8
693 2607 738 2643 cap.
754 2598 810 2634 1111.
827 2599 844 2645 1)
849 2611 854 2642 ;
867 2607 921 2633 nam

77 2644 198 2687 probabilis
213 2644 245 2680 est
259 2642 375 2685 sententia,
389 2651 446 2687 quae
460 2644 523 2680 docet
536 2643 627 2680 habitus
640 2644 692 2679 fidei
704 2644 725 2679 et
739 2645 786 2689 spei
800 2644 847 2680 iam
861 2654 922 2680 occa-

77 2689 138 2725 sione
150 2690 218 2735 primi
230 2690 293 2725 actus
304 2689 385 2724 harum
397 2689 506 2725 virtutum
517 2690 609 2725 infundi
624 2690 650 2735 (v.
665 2699 686 2725 n.
701 2688 781 2734 40055).
798 2691 841 2726 Sed
853 2691 921 2726 istam

78 2735 204 2779 opinionem
219 2736 245 2771 de
260 2735 339 2770 mutua
354 2733 485 2770 causalitate
501 2735 617 2780 tamquam
633 2735 783 2781 philosophice
797 2737 921 2781 impossibi-

78 2779 120 2815 lem
133 2782 257 2823 reiecimus,
274 2782 294 2816 et
309 2781 352 2826 ipsi
366 2780 400 2815 illi
416 2781 523 2825 auctores,
541 2782 579 2827 qui
595 2781 697 2816 ultimam
714 2781 881 2828 dispositionem
896 2793 921 2819 ex

78 2825 124 2861 sola
139 2828 214 2871 gratia
228 2827 339 2863 habituali
354 2826 471 2871 procedere
487 2827 630 2870 contendunt,
648 2827 779 2863 divisionem
795 2828 881 2872 gratiae
897 2828 922 2863 in

78 2869 215 2908 habitualem
231 2873 251 2908 et
267 2872 376 2908 actualem
391 2880 442 2906 cum
457 2872 550 2918 reliquis
566 2872 674 2917 theologis
690 2872 807 2917 tamquam
822 2883 922 2910 necessa-

79 2917 136 2952 riam
151 2919 273 2954 admittunt
290 2919 315 2963 (V.
332 2927 353 2953 11.
371 2918 406 2955 345
422 2919 443 2953 51
458 2918 509 2964 500).
526 2938 550 2944 -
565 2919 658 2963 Quando
674 2918 764 2956 interna
779 2919 860 2964 gratia,
878 2929 921 2964 qua

78 2961 135 2998 Deus
146 2973 183 2999 551
193 2965 289 3000 hominis
299 2964 378 3009 tangit,
390 2963 485 2999 abicitur
495 2966 541 3000 sive
552 2966 641 3010 quando
652 2965 747 3000 liberum
756 2966 854 3002 hominis
865 2966 922 3001 arbi-

78 3007 145 3044 trium
156 3019 170 3045 a
179 3012 223 3045 Deo
235 3011 343 3045 excitante
354 3011 419 3054 atque
429 3011 521 3047 vocante
532 3011 635 3046 dissentit
648 3011 682 3055 (ci.
695 3012 753 3048 Trid,
766 3021 782 3048 s.
796 3011 866 3057 ecap.
878 3010 922 3049 5et
