2214 3350
177 173 204 209 m
315 172 370 209 Sect.
386 147 405 208 1ss
417 171 463 207 Art.
479 172 507 208 II.
522 172 532 217 ξ
545 170 561 206 1.
578 171 635 215 Quid
648 170 731 206 natura
742 169 808 215 lapsa
821 168 890 215 possit

177 282 215 317 tae
227 290 241 317 a
251 280 315 316 X.-M.
328 281 357 316 Le
368 281 474 317 Buchetet
485 281 505 317 S.
514 281 532 316 1.
545 279 580 317 in:
594 278 725 315 Auctarium
735 277 937 313 Bellurmtntaaum
950 276 1026 323 [Paris

181 327 238 373 1913]
251 336 272 373 p.
284 325 390 369 314-3383
402 327 470 363 etiam
480 328 505 362 in
518 324 676 363 controversus
689 323 819 359 Bellarmini
831 322 964 359 omniafere
976 331 1026 358 con-

178 378 296 424 tinentur).
319 398 345 409 α
366 378 474 414 Martiam
497 377 523 413 de
545 375 648 421 Ripolda,
665 375 777 411 Adversus
793 374 875 419 Baium
890 375 912 411 et
927 374 1026 412 Baianos

182 430 306 476 (Appendix
317 431 390 476 operis
400 431 431 466 De
443 431 491 465 ente
503 427 677 473 supernaturali,
689 428 714 462 in
725 426 776 462 edit.
790 426 857 471 paris.
872 425 919 462 1870
931 427 982 462 tom.
996 425 1023 473 3).

178 501 205 509 -·
220 483 310 526 Sucrez,
327 483 359 518 De
375 482 449 527 gratia
464 480 510 523 Dei,
528 479 713 524 Prolegomenum
728 479 765 514 VI.
783 487 830 524 cap.
848 478 861 514 2
878 477 937 523 (edit.
956 478 1023 526 paris.

177 534 232 570 tom.
247 533 265 577 l,
280 544 301 580 p.
316 532 428 578 283-293).
443 548 469 560 -a
481 532 547 566 Mart.
562 531 671 575 steyaert,
687 531 714 566 In
727 530 890 576 propositiones
905 530 1024 565 damnatas

177 586 338 622 ⁴annotationes
355 585 423 630 (apud
437 583 550 626 zaccaria,
567 582 695 618 Thesaurus
710 581 847 626 theologicus
862 582 914 617 torn.
932 582 967 618 IV.
984 582 1026 617 Ad-

177 638 255 673 <denda
273 636 380 683 [venetiis
398 635 454 681 1762]
473 644 493 680 p.
514 633 638 671 tim—1192.
655 654 680 659 —
694 633 718 670 F.
737 634 762 669 X.
781 633 939 677 Linscamanrt,
959 633 1024 668 Mich.

176 688 250 724 'Baius
265 689 311 723 und
326 688 362 723 die
378 686 538 731 Grundlegnng
554 686 591 722 des
607 685 762 721 Jansenismus
780 685 904 731 (tuningen
921 684 983 731 1867).
999 706 1025 713 -

180 740 204 776 F.
219 740 243 777 X.
257 740 339 775 laurea
353 740 373 775 S.
388 740 414 781 J.‚
428 739 498 774 Baius
512 738 533 773 et
545 738 566 774 le
578 738 714 774 Baianisrne.
728 737 794 773 Essai
807 737 947 782 theologique
963 737 1026 784 (Lou-

180 792 234 827 vain
244 790 305 836 1927).
315 790 413 826 alh-m
425 791 454 826 Le
463 790 568 825 Baebelet
579 790 598 826 S.
610 790 637 834 J.‚
649 790 689 827 art.
702 789 771 825 Baius
781 790 806 825 in
814 790 882 826 DdTh
893 790 922 832 ΙΙ,
933 788 1023 826 38-111.

158 869 159 873 1
176 843 222 878 Hic
235 842 353 887 diligenter
366 850 442 877 omnes
454 850 542 887 propos.
558 841 678 878 damnatas
692 841 786 887 explicat
800 841 821 877 et
835 841 874 878 col.
890 840 963 877 41-147
976 850 1026 876 eon·

176 894 279 940 spectum
290 894 358 930 totius
370 893 497 939 systematis
508 893 585 929 baiani
597 894 622 929 in
633 894 693 935 bunc
704 894 750 929 tere
762 894 853 929 modum
865 893 962 929 exhibet:

176 1008 218 1049 ¹72.
249 1008 452 1049 Baiushominem
463 1006 1022 1067 seeundumtriplicemstntumconsiderat:
1090 1034 1091 1042 1

249 1096 269 1134 1.
300 1092 384 1135 Status
410 1093 516 1135 institiae
543 1092 664 1145 originalis
692 1093 741 1134 sive
756 1094 868 1135 ‘naturae
880 1116 882 1119 <
892 1092 1026 1137 innocentis

179 1156 278 1209 (Opusc.
292 1158 326 1197 De
338 1157 419 1208 prima
432 1157 537 1197 hominis
550 1157 650 1205 tristitiem
664 1168 732 1208 prop.
747 1157 828 1197 damn.
843 1158 937 1205 21—243
952 1156 1025 1197 ct.·55

175 1220 243 1270 '78s).
262 1219 325 1260 Deus
342 1219 465 1260 hominem
484 1219 539 1260 iecit
557 1226 655 1269 rectum,
675 1219 777 1270 perfecte
795 1219 893 1267 iustum,
912 1219 1025 1260 omnibus

179 1281 309 1324 virtutibus
320 1282 440 1323 ornatum.
453 1282 540 1323 Anima
552 1282 625 1333 primi
637 1283 749 1332 hominia,
764 1283 855 1334 Spiritu
869 1282 956 1324 Sancto
966 1282 1025 1323 vivi-

179 1344 260 1393 ticete,
277 1346 325 1385 Deo
340 1345 424 1386 intime
440 1345 567 1386 coniuncta
580 1346 605 1387 et
619 1345 689 1396 plene
706 1343 812 1386 subiecta
822 1345 884 1393 =erat3
901 1344 1026 1386 interiores

176 1407 260 1448 autem
270 1407 332 1448 vires
342 1407 438 1448 animae
448 1409 471 1449 et
482 1408 589 1458 eorporis.
597 1401 685 1449 rationi
695 1408 718 1449 et
728 1407 845 1448 voluntati
857 1408 959 1459 perfecte
971 1408 1025 1448 snb·

179 1470 343 1512 mittebantur.
365 1470 411 1512 Sed
430 1471 506 1512 status
523 1468 662 1521 primitivus
680 1469 755 1510 nihil
774 1469 910 1512 continebat
928 1479 1025 1521 super·

179 1533 311 1574 naturale
326 1533 375 1574 sive
389 1533 487 1574 naturae
502 1533 622 1574 innocenti
636 1532 798 1573 indebitum
812 1534 834 1574 et
848 1532 959 1574 creatoris
973 1544 1025 1573 mu-

180 1595 303 1637 nificentia
321 1595 453 1636 liberaliter
470 1595 597 1635 adiectum.
618 1595 681 1636 Deus
700 1596 765 1636 enim
783 1607 831 1636 non
850 1596 927 1646 potuit
946 1607 1024 1637 creare

176 1658 290 1699 naturam
300 1658 406 1699 nostram
416 1657 534 1709 privatam
543 1658 600 1699 ullis
609 1658 686 1706 bonis,
699 1675 709 1695 α
718 1658 769 1699 sine
778 1658 866 1709 quibus
876 1659 918 1700 aut
928 1658 1025 1699 omnino

176 1732 235 1763 esse
244 1732 292 1761 non
306 1732 434 1772 passumus
447 1722 489 1762 aut
502 1720 566 1762 malo
580 1732 628 1762 non
643 1732 779 1762 caremus».
795 1722 858 1772 Ergo
871 1721 955 1764 debuit
968 1722 1025 1763 dare

180 1785 204 1825 S.
225 1784 350 1841 Spiritum,
369 1784 410 1835 qui
429 1784 464 1825 est
481 1795 537 1825 vera
554 1784 603 1825 rita
622 1783 724 1832 animae,
744 1784 768 1825 et
784 1784 865 1825 omnia
883 1784 954 1834 dona,
974 1784 1025 1825 sine

179 1847 269 1898 quibus
286 1841 373 1888 natura
390 1848 498 1887 humana
515 1858 563 1887 non
581 1847 659 1897 potest
676 1858 756 1888 carere
774 1844 871 1888 miserie
889 1858 932 1888 nec
950 1847 1026 1898 potest

176 1909 303 1960 pervenire
315 1910 348 1950 ad
360 1910 436 1950 finem
449 1920 527 1958 suurn,
541 1909 582 1959 qui
596 1910 622 1949 in
635 1920 730 1950 summa
742 1909 890 1950 beatitudine
903 1910 927 1950 et
940 1909 1025 1951 intima

179 1974 267 2014 unione
279 1985 334 2014 eum
346 1975 393 2014 Deo
405 1973 519 2015 consistit.
533 1973 671 2014 Secundum
682 1974 706 2014 S.
719 1972 870 2024 scripturam
880 1974 904 2015 et
914 1973 1025 2025 antiquos

179 2039 269 2086 Patres,
289 2037 351 2079 inter
370 2049 429 2088 qnos
447 2038 536 2078 eminet
553 2037 577 2077 S.
598 2037 753 2088 Aupustiaaa
773 2038 854 2079 omnia
874 2038 943 2087 dona,
964 2050 1024 2090 quae

179 2104 258 2143 Adam
273 2102 401 2153 acceperat,
419 2103 487 2143 erant
502 2102 622 2143 naturalia
638 2102 686 2143 sive
702 2103 733 2143 ad
750 2102 909 2154 integritatem
925 2103 1025 2144 naturae

180 2166 318 2218 spectantia.
338 2166 467 2208 Reicienda
483 2167 520 2208 est
536 2177 598 2208 vane
622 2166 647 2208 et
670 2166 744 2208 otiosa
769 2167 1023 2209 distinetiouonomm

180 2231 327 2273 naturalium
344 2230 368 2272 et
383 2230 602 2283 supernaturalium
620 2243 635 2272 a
650 2231 819 2282 posterioribus
837 2233 963 2284 'theologis
980 2232 1024 2273 sta-

177 2296 238 2344 tute,
251 2306 310 2346 quae
322 2295 446 2337 simillima
457 2296 492 2337 est
501 2295 640 2347 pelagianae
652 2295 798 2337 distinctioni
809 2296 871 2338 vitae
882 2297 991 2338 aeternae
1002 2297 1025 2338 et

179 2360 248 2411 regni
266 2360 392 2401 caelorum.
411 2360 459 2402 Iste
475 2362 538 2401 dona
554 2360 638 2412 ntique
655 2372 702 2401 non
720 2360 837 2412 resultent
853 2373 882 2402 ex
899 2360 1025 2412 principiis

109 2463 111 2465 .
179 2424 279 2466 naturate
301 2425 400 2476 eiusque
421 2425 485 2466 vires
507 2424 686 2473 transcendunt
703 2437 777 2476 quare
793 2438 806 2467 a
822 2426 875 2467 Deo
887 2425 1025 2467 immediate

176 2488 280 2540 :produci
296 2489 437 2530 debuerunt.
453 2515 485 2521 *—
499 2489 582 2530 Postea
593 2489 660 2530 dixit
675 2489 747 2530 Baius
763 2502 786 2531 se
803 2490 907 2531 noluisse
923 2490 1024 2531 statuere

177 2553 314 2601 ¹absolutum
329 2544 545 2604 impossibilitatem
559 2554 657 2595 creandi
671 2550 793 2595 hominem
808 2549 846 2596 his
861 2554 931 2596 donis
945 2566 1024 2596 ceren-

181 2618 237 2666 tem,
267 2618 308 2658 sed
337 2617 414 2658 solum
443 2630 562 2659 summam
591 2618 807 2660 inconvenientiam
835 2619 859 2660 et
886 2618 1030 2661 violentiam·

178 2680 234 2722 talis
249 2680 331 2721 status.

177 2811 219 2852 73.
247 2797 340 2861 'Logiee
358 2820 387 2849 ex
404 2809 442 2850 his
459 2807 554 2850 assertis
571 2807 679 2858 sequitur
697 2807 804 2848 doctrina
821 2808 908 2848 heiana
927 2807 956 2848 de
973 2812 1025 2848 me-

179 2875 246 2916 ritis
258 2875 334 2916 status
345 2872 460 2925 primitivi
474 2873 568 2926 (Opusc.
582 2874 617 2912 De
629 2873 720 2913 meritis
732 2876 846 2923 operum:
852 2883 920 2923 prop.
935 2873 1023 2924 1-20).

157 2945 159 2949 ⁴
176 2941 243 2980 {Deus
256 2940 281 2980 in
294 2938 412 2980 creatione
425 2937 508 2979 statuit
520 2939 581 2978 hano
595 2939 672 2987 legem
685 2936 832 2978 naturalem:
850 2937 934 2984 Homo,
949 2937 968 2976 si
983 2947 1026 2987 per
