2214 3350
420 589 593 633 PRAEFATIO

5 801 7 803 >
151 775 214 809 Anno
229 751 324 807 scholari
341 770 419 806 rore-rc
434 771 540 804 tractatus
557 768 582 803 dc
598 767 675 803 Gratia
688 766 713 800 in
728 764 823 809 callepio
837 763 935 799 Martmo

3 846 35 855 2
84 830 111 867 .S.
130 825 214 872 Ipnatii
231 823 422 867 Valherrbnrpensi
440 820 578 858 auditoribus
597 819 735 856 scholasticis
754 818 851 863 primurn
869 827 883 853 a
899 826 934 852 me

46 905 48 907 ·
90 879 251 927 praelcpendus
273 879 327 921 erat,
352 876 527 920 adhibebampue
552 874 635 910 libram
659 875 730 909 tercius
747 871 935 913 ,Praelectionum

93 932 268 977 dalmaticarum
282 932 305 966 P.
324 929 445 966 Christiani
460 929 530 964 Pesch
546 930 566 965 S.
584 928 601 963 J.
620 928 703 962 tomum
719 926 742 969 V,
760 926 796 961 cui
810 925 897 960 auctori
911 924 936 958 in

9 1015 22 1033 ,Ἴ
40 1006 42 1009 .
91 985 219 1022 cathedram
234 983 383 1028 dopmaticam
397 989 552 1018 successeram.
572 981 627 1017 Cum
642 981 719 1025 postea
734 978 823 1023 saepius
841 976 936 1012 eundem

2 1078 20 1082 ,‚
92 1039 211 1074 tractatum
225 1044 376 1081 proponerem,
394 1035 473 1071 divisio
486 1035 554 1082 totius
569 1033 675 1069 materiae
692 1034 758 1077 atque
773 1031 851 1067 modus
870 1030 936 1075 eupli-

3 1090 4 1093 ’
91 1092 156 1127 candi
173 1093 193 1125 et
209 1089 318 1135 probandi
336 1090 407 1124 theses
423 1088 496 1132 mapis
513 1087 628 1131 marisque
644 1086 779 1121 mutabatur.
799 1085 871 1127 Quare
889 1084 936 1118 iam

28 1153 34 1171 ³
92 1152 150 1180 anno
170 1143 265 1179 scholari
286 1142 363 1177 tito-tt
384 1141 507 1186 proprium
519 1141 640 1176 tractatum
659 1138 771 1174 elaboravi
793 1141 813 1173 et
832 1138 936 1181 autopra-

22 1193 23 1197 ’
59 1198 61 1200 ’
90 1199 153 1245 phtce
171 1197 305 1242 descriptum
321 1196 346 1230 in
360 1204 440 1230 marius
460 1194 588 1230 auditorum
607 1192 662 1229 dedi.
682 1193 710 1227 In
728 1192 770 1226 isto
788 1200 852 1236 opere
871 1190 936 1235 confi-

91 1251 167 1287 ciendo
184 1252 272 1295 praeter
290 1249 372 1284 librum
384 1249 412 1291 B.
427 1247 503 1290 =Pesch
520 1247 576 1282 alios
595 1246 678 1281 similes
698 1246 805 1281 tractatus
825 1243 934 1285 consulut,

5 1305 6 1309 ’
28 1337 32 1339 ,
91 1312 144 1349 quos
165 1304 232 1348 etiam
251 1303 275 1337 in
295 1302 335 1337 hac
356 1292 451 1336 editione
468 1300 532 1335 initio
553 1299 695 1343 stapularum
716 1299 812 1334 thesium
831 1297 935 1332 laudatos

27 1375 28 1378 =
91 1357 196 1399 inuenies,
213 1356 272 1392 inter
291 1363 344 1400 quos
364 1355 390 1389 ob
409 1354 522 1397 maiorem,
543 1362 611 1398 quam
630 1352 705 1388 attulit
724 1351 850 1393 utilitatem,
872 1352 937 1386 eutal-

17 1413 20 1417 '
46 1423 48 1425 ¹
92 1408 181 1445 lendum
193 1410 225 1444 est
236 1408 324 1451 insipne
337 1408 440 1443 uolumen
452 1408 476 1443 P.
491 1406 561 1442 Blasii
574 1406 659 1442 Besara
671 1405 691 1442 S.
706 1407 724 1441 J.
739 1404 821 1440 Deinde
833 1405 936 1439 currente

90 1465 150 1497 anno
166 1462 262 1497 scholari
279 1461 357 1497 loir-25
372 1460 528 1505 mensibusque
546 1458 688 1503 sequentibus
705 1459 800 1494 alteram
816 1457 936 1493 editionem

90 1514 159 1550 multo
175 1516 264 1549 auctam
280 1516 300 1548 et
314 1512 455 1548 emendatam
472 1512 600 1557 conscripsi,
618 1521 685 1557 quam
700 1511 726 1546 in
741 1511 854 1555 priuatum
869 1519 936 1545 usum

91 1567 203 1602 adinstar
216 1566 363 1610 manuscripti
376 1567 434 1610 typis
447 1565 621 1610 imprimendam
635 1565 716 1601 curaui.
731 1565 809 1609 Itaque
823 1564 858 1599 hic
868 1563 934 1605 liber,

92 1619 129 1664 qui
147 1627 205 1654 nunc
226 1618 314 1653 tandem
333 1619 417 1663 publici
435 1618 491 1654 iuris
508 1618 539 1662 fit,
560 1626 638 1653 reuera
656 1619 703 1653 iam
723 1619 756 1653 est
776 1618 842 1653 tertia
859 1617 936 1661 aliqua

92 1672 164 1714 editio,
180 1679 218 1716 ope
234 1671 352 1706 diuturnae
369 1671 516 1716 ecperteutiae
531 1671 613 1706 iterum
628 1671 716 1715 penitus
732 1671 853 1706 retractata
869 1671 935 1713 atrae

92 1725 213 1761 emendata.
228 1725 340 1769 Imprimis
356 1725 431 1760 autem
444 1732 503 1759 nunc
516 1731 607 1767 operam
621 1723 677 1766 dedi,
693 1726 718 1759 ut
733 1722 842 1768 plurimae
858 1723 934 1758 doctae

91 1777 293 1823 peruestipationes‚
308 1786 364 1821 quae
379 1777 463 1811 ultimis
479 1776 614 1820 temporibus
628 1776 652 1811 in
667 1777 739 1811 lucem
753 1775 889 1821 prodierunt,
907 1776 936 1811 ad

92 1829 233 1866 ercolendum
250 1831 307 1865 hunc
325 1831 445 1879 tractatum
461 1829 625 1865 adhiberentur,

83 1920 84 1923 ¹
151 1907 242 1941 Praeter
258 1906 381 1942 doctrinam
394 1907 419 1942 de
435 1906 512 1942 Gratia
526 1906 626 1951 pressius
641 1908 754 1951 sumptam
770 1906 836 1942 etiam
851 1906 937 1950 alicua-

93 1961 155 1994 tenus
174 1959 267 1994 tractari
284 1959 327 1994 duo
346 1959 425 2004 capita,
446 1968 502 2005 auae
519 1968 532 1994 a
550 1959 660 2004 plerisque
675 1958 807 1995 'auctoribus
826 1959 870 1995 alio
889 1959 935 1994 loco

91 2011 241 2047 absolvuntur.
261 2013 289 2047 Et
306 2012 378 2057 primo
396 2012 485 2058 quidem
503 2022 553 2048 crim
572 2013 670 2056 thesibus
689 2012 715 2048 de
734 2013 807 2057 pratia
825 2012 936 2048 habituali

20 2090 23 2111 7
92 2064 195 2099 contundi
220 2064 344 2101 doctrinam
360 2066 386 2101 de
404 2066 524 2102 virtutihus
547 2066 791 2110 infusum-genera
810 2075 859 2102 meo
877 2066 937 2101 euim

17 2118 18 2121 ’
40 2165 41 2168 ¹
91 2118 172 2153 iudicio
183 2127 274 2164 prorsus
287 2119 326 2155 hoo
339 2119 385 2154 loco
398 2118 515 2154 tractanda
523 2121 568 2162 ‘est;
579 2128 633 2167 nam
646 2119 782 2167 licctpratia
794 2119 936 2165 sanctificans

91 2180 131 2216 per
144 2172 295 2207 excellentiam
307 2173 396 2207 uocetur
410 2169 689 2220 pratiahabitualisista
697 2173 756 2218 dona
769 2173 845 2217 intusa
859 2182 936 2208 reuera

8 2211 21 2223 ⁹
92 2224 226 2267 ctiamsunt
244 2226 328 2270 pratiae
347 2225 478 2273 habituales.
499 2218 767 2271 Porro-auandoquid'em
787 2227 811 2262 de
832 2226 936 2262 distribu-

93 2277 150 2312 tione
165 2278 250 2321 cratiae
265 2280 285 2313 et
299 2279 324 2313 de
340 2278 484 2323 applicatione
499 2279 584 2323 pratiac
600 2279 694 2324 efficacis
710 2280 822 2323 apeudum
835 2282 875 2323 est,
890 2289 936 2315 non

91 2330 168 2374 putaui
182 2331 269 2374 penitus
285 2331 442 2367 abstinendum
456 2338 530 2374 esseja
541 2324 712 2378 ,quaestionibus
727 2334 753 2368 de
768 2332 882 2370 voluntate
896 2334 936 2369 Dei

92 2382 191 2419 salvifica
207 2384 228 2419 et
243 2385 268 2420 de
282 2385 491 2430 praedestinatione,
510 2384 651 2431 cumulique
660 2385 749 2422 'harum
765 2396 840 2422 rerum
855 2387 936 2422 notitia

92 2436 121 2471 ad
137 2437 188 2472 bene
204 2437 353 2482 intellependa
368 2437 427 2474 dicta
442 2438 516 2483 capita
531 2438 645 2474 doctrinae
661 2439 686 2474 de
703 2440 777 2484 qratia
792 2440 848 2475 mihi
863 2449 936 2475 neces·

92 2489 152 2525 saria
164 2490 271 2527 uideatur.
288 2491 389 2527 Ceterum
402 2490 448 2527 uidi
460 2500 530 2527 unum
543 2492 664 2527 alterumue
678 2492 810 2528 modernum
823 2487 937 2529 auctorem

93 2542 181 2577 easdem
197 2544 337 2588 quaestiones
356 2545 415 2580 hisce
434 2544 486 2579 locis
506 2546 607 2588 tractare,
629 2555 645 2580 e.
666 2554 684 2590 p.
706 2546 729 2582 G.
749 2554 794 2581 van
809 2546 885 2591 Nonii,
905 2547 937 2581 De

39 2602 41 2604 ’
92 2594 169 2630 Gratia
185 2596 266 2632 Christi
283 2596 449 2641 (Amstelodami
467 2597 544 2644 tour).

152 2671 257 2714 Quamvis
275 2673 458 2709 scholasticorum
475 2674 501 2709 cle
520 2674 598 2710 Gratia
616 2676 752 2710 tractatuum
771 2685 823 2711 sane
842 2685 888 2712 non
907 2677 936 2711 sit

90 2724 191 2767 penuria,
208 2726 282 2760 tamen
296 2735 310 2761 a
323 2727 399 2762 uiuitis
412 2727 468 2763 mihi
482 2736 615 2772 persuasum
631 2731 663 2763 est
676 2728 789 2773 publicam
803 2730 847 2765 mei
863 2730 935 2775 operis

92 2776 210 2814 editionem
231 2778 331 2824 futuram
348 2789 394 2815 nan
413 2789 459 2816 esse
477 2790 671 2825 supervacaneam.
699 2782 791 2818 Videtur
816 2783 876 2818 enim
900 2784 936 2819 hic

0 2821 5 2843 ³
27 2856 29 2859 .
56 2835 58 2838 ’
93 2831 199 2866 tractatus
215 2841 228 2866 a
244 2834 319 2868 ceteris
336 2833 469 2878 quibusdam
483 2835 541 2869 notis
558 2834 672 2879 distinqui⁷
690 2835 769 2880 auibus
784 2835 829 2880 tint,
846 2840 871 2872 ut
887 2846 937 2871 eum

90 2882 167 2917 multis
180 2885 226 2970 talin
239 2885 373 2971 discentibus
388 2895 455 2931 quam
470 2887 598 2923 docentibus
614 2890 702 2932 pratum
717 2891 874 2934 acceptumque
889 2890 936 2934 tore

91 2943 180 2978 sperare
205 2946 252 2972 ccco
263 2942 285 2973 ,’
