2214 3350
219 153 221 155 ·
249 183 251 185 ,
266 144 385 180 scholium.
400 145 431 179 De
446 144 529 179 oblecto
543 144 633 180 formali
648 143 815 189 supernaturali
930 141 966 178 215

117 279 148 284 —
170 233 250 292 Patet
272 252 386 293 Scotum
408 253 514 302 aliosque
532 252 633 292 asseclas
650 252 882 302 supernaturalitatis
900 262 964 292 mere
992 249 995 253 “

118 317 219 357 modalis
237 318 268 368 (n.
286 320 327 358 294
342 319 364 369 a]
383 317 508 380 admittere
525 316 588 357 idem
605 317 724 357 obiectum
740 315 862 357 materiale
879 317 901 357 et
918 316 964 356 tor-

118 382 179 422 male
188 381 219 430 in
234 382 287 422 actu
302 382 360 422 fidei
376 382 469 422 infusae
484 381 506 422 et
520 381 657 431 acquisitae.

118 513 172 554 306.
208 511 297 553 Melina
309 512 402 563 primus
415 523 445 552 ex
458 511 564 561 professo
577 510 600 551 et
614 510 666 550 fuse
680 510 708 550 de
722 509 803 549 nostro
817 507 964 558 problemate

90 591 91 595 ¹
117 577 171 628 egit
188 577 260 617 Vocat
275 578 373 628 quidem
388 588 454 617 more
469 576 576 616 veterum
592 575 658 615 actus
674 573 795 615 naturales
811 574 833 614 et
849 572 964 613 salutares

117 641 235 683 identicos.
245 642 395 682 «secundum
406 641 593 688 substanttam»,
608 641 648 680 sed
661 639 718 680 dicit
730 651 770 679 eos
783 638 881 679 omnino
896 649 964 687 «spe-

117 702 151 747 'rr'e
160 724 170 743 1>
185 708 207 747 et
221 713 267 746 totu
281 710 324 747 suo
337 708 433 746 enatare
447 707 546 747 differre
563 706 645 757 (supra
659 717 682 745 n.
697 706 756 756 295).
773 704 869 746 Obiecta
884 703 964 743 autem

66 790 70 796 ·
117 772 227 812 formalia
246 772 343 812 actuum
362 772 503 812 salutarium
523 771 593 821 negat
612 781 662 811 esse
681 769 789 810 absolute
810 780 882 819 supra
901 767 964 809 vires

117 837 223 878 naturae.
237 837 301 885 Quae
314 837 440 887 postquam
452 836 556 877 breviter
568 836 638 876 Cone.
652 848 675 886 q.
691 838 716 875 14
728 848 749 876 a.
764 838 790 875 13
802 835 863 885 disp.
877 836 891 873 7
903 834 925 874 et
937 836 963 873 15

117 902 277 953 proposuerat,
297 901 399 950 epistula
417 900 542 941 cuiusdam
561 901 665 951 theologi
683 900 750 940 varia
768 898 894 940 obicientis
912 910 963 949 per-

116 967 202 1014 motus,
223 967 283 1017 disp.
304 969 330 1006 38
350 960 460 1006 funditus
479 966 507 1006 de
526 966 616 1006 obiecto
636 966 732 1005 formali
759 966 836 1005 actus
851 964 962 1004 salutaris

116 1031 210 1072 disserit
239 1030 388 1081 ostenditque
418 1031 565 1081 principium
597 1031 697 1075 formale
729 1029 962 1080 supernaturalitatis

116 1097 212 1137 actuum
230 1107 285 1135 non
302 1107 353 1136 esse
371 1107 454 1136 eorum
477 1095 620 1136 obiectum
645 1096 777 1143 formale,
804 1093 851 1136 sed'
869 1095 962 1144 aliquid

116 1160 228 1201 actibus
248 1161 320 1210 ipsis
339 1160 542 1208 intrinsecum,
564 1161 628 1210 quod
649 1160 781 1210 receperint
801 1171 834 1200 ex
854 1159 963 1209 princi-

115 1227 162 1276 pio
176 1225 326 1266 efficiente
343 1226 429 1277 (David
440 1218 467 1275 p.
484 1225 547 1276 475).
562 1249 595 1262 ἡ
609 1224 697 1267 Suarez
714 1226 757 1277 (Dc
772 1231 831 1275 prat.
848 1225 864 1264 l.
881 1228 895 1265 2
910 1236 961 1275 cap.

116 1294 199 1331 11-16
215 1291 237 1331 et
252 1291 319 1342 alibi)
338 1290 429 1331 mutata
445 1290 552 1330 veterum
568 1290 734 1341 terminolcgia
752 1290 962 1341 supernaturalita-

115 1356 163 1396 tem
176 1356 273 1396 actuum
287 1356 425 1406 specificam
439 1356 507 1395 vocat
522 1372 532 1391 (ι
541 1356 673 1396 secundum
687 1355 874 1404 substanttam»,
891 1366 962 1405 quem

115 1434 206 1463 morem
221 1422 308 1462 abhinc
323 1433 405 1462 omnes
418 1421 524 1472 theologi
539 1422 721 1472 assumpserunt
738 1422 778 1472 (ci.
796 1432 818 1459 n.
836 1423 877 1461 295
893 1420 961 1471 not).

115 1487 186 1528 Docet
203 1487 282 1528 autem
301 1488 362 1527 hanc
382 1485 563 1527 substantialem
587 1487 685 1527 actuum
710 1486 961 1536 supernaturalitatem

114 1553 212 1601 omnino
232 1553 325 1602 exigere
345 1552 466 1608 obiectum
485 1552 587 1601 formale
607 1551 666 1601 ipsis
687 1551 806 1591 exclusive
826 1553 960 1602 proprium.

114 1607 258 1667 Magnopere
276 1616 382 1663 enititur,
402 1616 429 1656 ut
448 1616 549 1666 singulis
567 1615 660 1656 actibus
680 1616 824 1657 salutaribus
844 1617 961 1656 eIusinodi

99 1676 232 1721 vobiectum
251 1681 351 1721 formale
370 1680 463 1721 viribus
481 1681 579 1721 naturae
598 1692 696 1731 prorsus
715 1681 877 1721 inaccessibile
898 1682 961 1721 inve-

114 1746 164 1786 niat
183 1746 268 1797 (Dauid
284 1746 347 1796 48s).
366 1738 443 1795 Quare
461 1751 540 1785 actum
557 1746 616 1796 sidet
633 1746 744 1787 salutaris
761 1746 794 1786 ita
811 1747 915 1794 resolvit,
934 1746 961 1786 ut

68 1825 69 1828 ¹
114 1810 240 1850 auctoritas
259 1810 301 1851 Dei
321 1811 417 1861 propter
437 1821 460 1851 se
479 1810 556 1860 ipsam
575 1811 693 1859 credatur,
713 1812 778 1860 quod
799 1822 854 1852 sane
874 1811 960 1851 natura

114 1886 211 1915 assensu
230 1875 366 1915 rationabili
386 1874 485 1915 minime
504 1875 580 1925 potest
602 1876 641 1927 [ci.
662 1877 680 1916 P
699 1876 754 1916 VIII
775 1887 843 1927 prop.
866 1876 910 1927 19).
931 1901 962 1906 —

114 1940 228 1980 Nonnulli
246 1940 370 1980 Iesuitae
388 1940 458 1989 atque
475 1940 548 1985 etiarn
565 1940 602 1981 De
619 1940 646 1981 Ia
665 1940 782 1981 Bastida
801 1942 825 1981 in
845 1942 959 1992 Gorzprep.

114 2005 222 2044 ἀεΑῑιπ.
241 2005 360 2045 obiectum
380 2005 560 2055 supernaturale
580 2006 738 2046 defenderunt
760 2007 846 2057 (Dauid
865 2007 910 2057 51).
932 2032 962 2037 —

114 2070 204 2111 Maiore
219 2071 268 2111 zelo
283 2072 309 2111 id
325 2082 418 2120 semper
433 2082 447 2111 a
462 2069 591 2111 Thomistis
608 2071 688 2120 tiebat,
705 2071 810 2112 maxime
826 2083 840 2111 a
857 2073 960 2111 Ioanne

114 2146 128 2174 a
142 2136 164 2175 S.
178 2137 283 2176 Thoma
298 2136 322 2188 (t.
336 2139 349 2175 5
362 2136 423 2186 dIsp.
437 2139 472 2184 20,
487 2136 506 2186 1)
522 2135 544 2176 et
556 2148 570 2176 a
584 2135 866 2176 Salmanticensibus
882 2136 906 2187 (l.
920 2136 959 2186 c),

114 2200 155 2249 qui
169 2200 247 2240 tamen
261 2200 392 2241 admittunt
405 2200 472 2241 actus
486 2201 601 2241 salutares
615 2201 731 2241 virtutum
746 2201 918 2251 acquisitarum
933 2214 961 2242 ex

114 2264 210 2305 influxu
236 2265 340 2306 caritatis
369 2265 592 2316 supernaturalitate
619 2278 685 2307 mere
711 2268 842 2307 extrinseca
870 2267 961 2307 dotatos

115 2329 201 2379 (David
215 2333 241 2370 52
250 2331 278 2382 s).
293 2330 440 2370 —Plurimi
455 2330 536 2370 autem
550 2330 686 2373 Molinistae
702 2343 773 2372 suurn
788 2332 860 2372 etiam
876 2333 902 2371 in
917 2325 961 2383 hac

113 2394 250 2442 quaestione
263 2395 336 2435 secuti
351 2396 405 2449 sunt
418 2396 511 2435 ducein.
527 2395 562 2436 De
576 2395 681 2437 eoninck
697 2397 739 2448 (Dc
752 2397 856 2437 rnornl't.
871 2408 922 2446 cap.
937 2398 958 2447 5)

113 2470 264 2510 progressum
281 2460 498 2509 inethodclogicum
516 2460 656 2509 introduxit,
675 2473 722 2501 non
739 2461 844 2511 amplius
862 2462 891 2501 de
908 2473 961 2512 pro-

113 2523 254 2572 prietatibus
274 2526 424 2576 singularum
444 2525 569 2574 virtutum,
592 2527 632 2566 sed
654 2527 682 2566 de
702 2526 795 2566 actibus
816 2526 961 2566 salutaribus

114 2587 140 2626 in
158 2600 242 2638 genere
261 2591 284 2631 et
304 2586 444 2639 simpliciter
463 2582 491 2629 ut
508 2590 597 2631 talibus
616 2591 746 2631 tractando.
769 2591 960 2641 Supernaturali-

113 2651 185 2693 tatem
202 2666 230 2694 ex
246 2656 343 2695 actuum
361 2653 499 2704 perfectiore
517 2666 566 2694 esse
584 2656 676 2706 repetit,
695 2656 858 2697 necessitatem
875 2657 958 2696 obiect'

113 2715 221 2757 formalis
235 2720 310 2769 specie
323 2719 427 2759 distincti
441 2720 511 2768 negat
526 2720 612 2770 (David
625 2723 651 2760 49
660 2722 688 2770 s).
703 2720 819 2761 Similiter
833 2722 878 2761 Iac¹
895 2721 960 2761 Gra-

114 2782 196 2830 nado,
225 2784 325 2824 Ioannes
352 2783 516 2835 Dicastillo,
546 2784 670 2835 Ripalda
699 2786 770 2837 (disp.
799 2787 844 2837 45),
872 2786 958 2836 hugo,

114 2845 224 2887 strenuus
241 2848 392 2889 adversarius
408 2847 514 2887 Suarezii
532 2850 556 2887 in
573 2850 715 2899 explicanda
731 2850 823 2901 analysi
841 2851 900 2891 tidei
919 2851 961 2901 (De

113 2908 170 2957 tide,
186 2912 246 2962 disp.
261 2916 274 2953 9
288 2925 306 2953 s.
322 2916 342 2960 13
357 2913 433 2952 David
448 2913 510 2962 50s).
