2214 3350
211 106 345 162 Conspectus
362 111 537 156 chronologicus.
555 112 586 145 De
605 106 823 154 sernipeiagianismo
865 95 867 97 ’
921 104 942 139 19

127 225 231 267 maxime
245 236 275 265 ex
288 227 299 264 1
314 224 360 264 Gor
373 225 393 269 4,
408 223 421 261 7
436 218 571 261 absolutam
585 216 737 268 gratuitatem
752 215 775 256 et
789 212 941 267 praeveniari-
1012 261 1014 264 Α

0 256 68 320 ῗ’
128 278 789 339 mmmmmmmmmnmm

93 383 134 421 400
154 379 180 418 in
197 375 390 427 confessionibus
405 361 487 414 omnia
503 382 601 422 prorsus
616 370 679 410 bona
695 370 744 410 Dec
760 368 870 410 attribuit
888 366 941 418 (ML

127 444 161 490 32,
177 443 218 481 659
225 440 267 491 ss).

93 532 208 572 408-409
228 530 256 568 In
272 527 346 579 Epist.
364 529 404 567 102
421 525 478 577 (Sex
494 524 644 575 quaestiones
661 528 741 562 eontra
757 532 870 573 papanos,
887 522 941 572 112

127 592 181 650 [ML
195 594 233 640 33,
246 593 287 631 373
294 591 335 649 00))
352 587 487 630 absolutam
501 586 654 638 gratuitatem
669 584 759 635 gratiae
774 583 855 635 aliquo
870 582 940 623 modo

127 653 187 696 celat
204 655 234 705 (v.
251 653 324 703 Epist.
341 655 382 693 226
397 653 444 698 n.3;
459 651 496 691 De
508 651 626 701 praedest.
642 649 787 689 Sanctorum
801 650 822 695 9,
838 648 865 688 17
872 658 891 694 0;
907 646 941 686 110

127 718 189 757 <lona
205 726 296 767 persea.
314 718 335 772 11,
353 718 380 756 23
387 715 416 766 s).

92 808 164 847 41200
183 805 305 856 prioribus
321 804 415 855 seriptis
431 803 545 843 adversus
561 801 703 852 Pelagianos
718 800 846 841 crassiores
855 799 940 851 potius

127 879 218 910 errores
232 867 363 918 oppugnat3
380 866 421 920 sed
781 876 782 880 ¹

93 950 134 994 417
154 953 228 1004 Epist.
246 956 286 993 186
301 953 333 993 ad
348 953 480 993 Panlinnna
494 951 614 991 Nolanam
633 951 672 1002 (01.
689 951 764 1001 Epist.
782 951 822 990 149
838 950 868 990 ad
884 959 940 989 eun-

127 1017 181 1057 dem
198 1028 218 1056 c.
236 1027 257 1055 a.
274 1016 322 1067 414)
341 1015 365 1055 01

0 1137 9 1156 .-
92 1107 133 1145 418
153 1105 228 1155 Epist.
249 1107 289 1145 104
308 1104 339 1144 001
359 1102 454 1144 Sintiam
473 1103 640 1154 presbyterum
660 1112 788 1142 romanum
801 1101 940 1142 ¹clarissime

55 1207 56 1210 ,
127 1167 194 1207 docet
209 1166 310 1217 gratiam
326 1177 425 1217 prorsus
440 1166 571 1217 gratuitam
587 1176 658 1205 omne
674 1166 810 1205 humanum
827 1164 940 1204 meritum

0 1224 4 1234 '
116 1229 272 1287 praevenire.
294 1252 328 1279 ¹-
353 1230 418 1278 Qu'ae
436 1228 539 1280 epistula
557 1228 640 1279 postea
658 1227 812 1268 monachos
836 1227 941 1267 hadru-

126 1292 248 1332 metinos
261 1292 400 1340 commovet,
415 1291 485 1343 quasi
498 1290 647 1343 Augustinus
659 1290 764 1331 liberum
777 1289 905 1331 arbitrium
919 1289 941 1330 et

127 1354 298 1406 correptionem
315 1356 434 1395 malorum
451 1354 526 1396 tollat.

93 1449 205 1488 420-427
225 1447 375 1498 Augustinus
398 1446 472 1496 Epist.
491 1447 532 1486 214
549 1445 573 1485 01
589 1447 630 1485 215
647 1445 671 1485 01
687 1443 750 1484 libro
772 1444 806 1483 De
823 1441 901 1494 pratia
919 1449 941 1481 01

126 1509 314 1549 libero-arbitrio
327 1510 358 1550 ad
371 1508 527 1549 Valentinum
542 1507 653 1549 abbatem
667 1506 866 1548 hadrumetinum
881 1506 940 1546 eius

127 1583 172 1622 que
185 1571 315 1612 monachos
330 1572 382 1622 (ML
397 1573 431 1620 44,
447 1573 488 1611 881
496 1571 526 1622 ss)
543 1570 610 1611 caute
625 1571 670 1611 has
682 1568 833 1621 quaestiones
847 1568 941 1610 tractat:

126 1634 235 1684 Epistula
250 1634 306 1685 (216)
323 1633 417 1674 abbatis
431 1633 534 1674 debono
551 1642 660 1673 successu
675 1632 762 1672 certior
777 1631 862 1680 iactus,
879 1643 939 1671 novo

126 1707 195 1746 opere
212 1696 247 1735 De
265 1695 411 1745 correptione
430 1702 451 1735 01
469 1694 546 1746 pratia
564 1694 684 1736 dotrinam
702 1695 760 1735 00110
778 1695 899 1736 difficilem
918 1695 941 1735 et

98 1761 100 1765 ’
126 1759 211 1799 duram
229 1759 258 1799 de
275 1758 358 1809 gratia,
378 1758 561 1809 perseverantia,
580 1757 796 1808 praedestinatione
815 1757 940 1798 monachis

125 1820 223 1871 exponit
241 1821 300 1872 (cap.
320 1824 404 1862 10—12
422 1820 569 1871 adiutorium
587 1819 639 1862 sine
656 1832 704 1871 quo
720 1831 770 1861 non
785 1820 810 1862 01
826 1820 892 1872 quo).
909 1844 940 1849 —-

127 1882 195 1924 Circa
208 1883 272 1924 idem
286 1883 380 1934 tempus
394 1895 437 1924 sua
450 1895 522 1934 opera
535 1889 647 1924 retractat
663 1884 716 1936 (ML
729 1884 775 1935 32).

92 1973 133 2012 427
157 1973 295 2024 (1101011100)
313 1957 387 2023 Epist.
405 1975 445 2014 217
462 1974 492 2013 acl
511 1973 613 2014 Vitularia
634 1973 851 2024 carthaginiensem
874 1973 941 2015 docet

127 2033 224 2075 initium
238 2035 296 2076 111101
311 2046 362 2076 esse
376 2036 467 2076 donum
481 2036 524 2076 Dei
539 2037 563 2077 et
580 2037 608 2088 (e.
625 2039 638 2077 5
653 2048 677 2076 n.
695 2038 729 2088 16)
748 2037 874 2077 duodecim
890 2048 940 2077 sen.

126 2096 211 2138 tentias
227 2099 258 2138 ad
274 2098 350 2139 iidem
366 2098 509 2139 catholicam
526 2099 671 2149 pertinentes
688 2100 801 2150 proponit
820 2101 849 2151 (R
867 2101 938 2151 1456).

91 2188 204 2227 428-429
238 2187 339 2227 Ioannes
355 2187 489 2238 Cassianus,
506 2189 581 2230 abbas
597 2189 620 2229 S.
637 2189 764 2230 Victoris
779 2189 938 2238 Massiliae,

126 2249 167 2299 qui
195 2249 333 2301 (Collatione
366 2253 392 2291 13
425 2251 480 2310 [ML
506 2253 540 2300 49,
567 2254 609 2293 897
617 2252 658 2311 ss])
692 2251 791 2293 conatus
823 2252 939 2303 quosdam

125 2311 218 2352 nostrae
233 2312 363 2354 voluntatis
377 2314 480 2364 gratiam
495 2316 634 2365 praevenire
650 2314 756 2364 docebat,
773 2327 844 2367 porro
860 2326 939 2355 mona-

126 2374 165 2414 chi
179 2375 339 2414 massilienses
353 2377 377 2416 et
391 2377 527 2427 lerinenses,
544 2379 607 2419 inter
621 2389 680 2429 quos
697 2378 842 2428 Vincentius,
859 2377 941 2419 auctor

127 2439 376 2489 commonitoriorum,
402 2441 509 2481 Hilarius
535 2439 661 2492 episcopus
686 2441 826 2483 arelatensis
851 2440 941 2492 aliique

127 2501 189 2542 Galli
201 2502 254 2543 istis
264 2503 392 2554 Augustini
404 2502 520 2544 doctrinis
532 2515 584 2545 sese
594 2503 726 2555 opponunt.
741 2505 794 2545 Duo
806 2503 861 2545 laici
874 2503 938 2555 galli,

127 2563 182 2604 Tiro
202 2564 303 2615 Prosper
322 2565 458 2616 Aquitanas
484 2567 508 2607 et
532 2566 638 2608 Hilarius
659 2568 687 2608 de
706 2578 791 2608 eorum
818 2566 940 2608 sententiis

90 2682 92 2684 ,
126 2626 260 2677 Augustino
275 2628 383 2669 scribunt
401 2628 484 2681 (Epist.
501 2632 542 2671 225
558 2631 581 2672 et
595 2630 655 2681 226).
679 2629 725 2680 Qui
742 2642 810 2671 suam
827 2630 856 2671 de
872 2628 940 2670 initio

126 2688 191 2737 fidei,
211 2690 337 2739 gratuitate
356 2692 454 2741 gratiae,
474 2693 651 2742 perseverantia
676 2694 699 2735 et
724 2691 940 2744 praedestinatione

126 2751 259 2792 doctrinam
273 2753 381 2794 defendit
392 2754 416 2795 et
429 2754 516 2795 excolit
528 2755 590 2796 libro
606 2757 679 2807 (nunc
693 2757 718 2796 in
733 2756 792 2797 duos
805 2756 890 2807 diviso)
904 2755 941 2795 ‘De

126 2814 341 2862 praedestinatione
356 2814 501 2857 Sanctorann
515 2818 539 2858 01
547 2819 588 2858 'De
604 2819 870 2871 donoperseverantiae
888 2819 941 2869 (ML

126 2873 447 2929 nmffinmm'
866 2874 937 2903 >'
