2214 3350
234 116 310 153 Thesis
326 116 343 155 9,
361 118 424 152 Dona
440 116 570 162 simpliciter
588 94 770 162 supernaturalia
891 115 926 151 179

78 237 125 276 que
136 226 269 265 secundum
281 225 413 265 doctrinam
425 224 567 264 catholicam
580 223 691 275 operibus
703 224 780 272 bonis,
794 236 855 276 quae
869 224 924 265 55115

79 288 170 329 viribus
181 288 204 328 et
215 288 311 329 auxiliis
322 286 463 329 naturaliter
474 286 560 328 debitis
570 287 602 328 ab
613 286 697 336 angelo
708 288 747 327 vel
758 283 855 328 bomine
866 287 901 328 int
915 314 923 320 -

78 362 121 402 gro
132 351 225 400 tierent,
239 351 288 392 vita
300 351 396 392 aeterna
407 361 454 391 non
467 349 620 401 responderet
633 350 756 401 tamquam
768 361 859 391 merces
871 362 923 402 pro-

78 413 218 464 portionata.
237 414 303 453 Finis
320 412 385 455 enirn
402 412 522 453 creaturae
541 411 651 453 rationali
669 423 753 453 revera
770 412 924 461 praestitutus

79 477 140 516 circs
154 472 320 528 ct'caipcatias
334 482 433 517 naturae
448 482 553 527 superat·
567 487 642 527 quare
655 487 728 526 opera
741 476 861 520 naturalia
876 487 923 516 non

79 539 177 590 possunt
194 540 298 580 eundem
317 538 393 580 tinem
412 540 506 587 mereri,
528 539 569 579 sed
588 549 660 590 opera
680 538 806 580 dumtaxat
825 538 924 580 naturae

79 602 188 642 elevatae.
209 602 258 643 Hoc
276 602 354 653 magis
373 602 460 643 directe
479 601 582 655 babetur
600 601 753 642 damnatione
773 601 923 653 sequentium

78 663 279 715 propositionum:

63 789 65 791 ,
146 750 167 802 5)
186 748 226 792 Pr.
246 752 274 792 la
293 750 321 792 15
340 752 368 792 12
388 750 423 792 17.
443 751 485 792 His
503 750 577 791 Baius
594 751 664 801 negat
681 751 712 791 ad
730 749 844 791 meritum
863 749 924 791 vitae

77 812 184 853 aeternae
196 813 285 864 requiri
298 813 503 864 supernaturalem
515 813 671 854 eleuat-ionem
683 812 783 853 subiecti
794 812 922 864 operantis.

77 876 189 916 Doctrina
202 876 239 917 551
251 876 334 917 eadem
348 877 373 917 in
387 877 500 918 omnibus
512 880 526 918 4
539 875 749 928 propositionibus,
766 887 840 927 quara
857 888 923 915 «1155-

78 938 142 979 515155
150 955 160 975 1>
177 950 213 989 pr.
230 942 256 980 12
270 939 292 980 et
307 941 340 988 17,
358 951 417 991 quae
432 940 575 980 adversariis
590 939 791 990 pelagianismum
807 938 921 986 obiciunt,

77 1000 166 1052 pariter
177 1002 323 1043 damnantur
334 1014 361 1043 ac
375 1003 532 1043 «5111515155»
546 1015 583 1054 pr.
597 1006 624 1043 13
636 1002 704 1044 5115.
719 1002 838 1054 Operibus
849 1001 922 1053 igitur

77 1064 146 1105 bonis
161 1063 223 1105 ratio
238 1065 316 1106 meriti
332 1065 393 1106 vitae
409 1065 517 1106 aeternae
535 1065 592 1106 inde
607 1064 724 1116 prouenit,
741 1066 805 1116 quod
821 1076 923 1116 operans

78 1126 108 1182 sit
121 1126 187 1167 1111115
201 1127 326 1178 adoptivus
340 1128 383 1169 Dei
397 1140 440 1179 per
454 1122 555 1179 gratiam
571 1128 593 1169 et
607 1126 920 1179 Spiritum'inhabitantem,

77 1202 125 1241 qua
136 1190 213 1241 gratia
225 1191 256 1231 ad
269 1190 357 1231 statum
370 1190 485 1231 deificum
498 1185 650 1232 sublimatur.
664 1214 696 1220 -—
710 1191 745 1232 (11.
761 1202 796 1242 pr.
811 1194 837 1232 61
851 1191 920 1232 5162.

77 1316 131 1358 264.
167 1319 188 1358 3.
205 1318 326 1358 Adversus
341 1315 531 1369 Augustinenses
548 1316 595 1357 dici
611 1316 698 1367 potest:
719 1316 831 1367 Magna,
849 1327 921 1367 quam

76 1378 242 1430 praetendunt,
255 1390 338 1419 eorum
349 1390 363 1420 a
375 1379 441 1419 Baio
453 1379 625 1420 differentia
636 1390 684 1419 non
695 1378 791 1420 videtur
802 1378 920 1420 exsistere.

77 1442 99 1493 a)
117 1441 190 1482 Baius
205 1454 299 1493 quoque
315 1442 343 1482 de
360 1441 526 1492 exigentiis,
544 1453 592 1483 non
609 1443 638 1483 de
654 1441 813 1483 constitutivis
829 1442 854 1483 et
869 1454 922 1483 con-

77 1505 187 1545 secutivis
202 1500 301 1546 naturae
317 1505 430 1555 loquitur,
448 1516 518 1555 porro
535 1505 564 1545 de
580 1505 674 1553 actuali,
693 1509 748 1546 non'
759 1506 788 1546 de
804 1504 922 1546 habituali

77 1569 195 1608 caricare1.
208 1591 239 1596 η
250 1569 274 1619 b)
289 1568 404 1608 Similiter
415 1580 443 1608 ac
456 1568 528 1608 Baius
541 1568 625 1608 docent
637 1568 773 1609 ordinatam
785 1569 829 1609 Dei
842 1568 923 1619 poten-

77 1631 134 1671 tiam
150 1631 254 1671 debere
268 1629 394 1681 exigentiis
408 1630 528 1672 creaturae
545 1630 667 1671 rationalis
684 1631 815 1680 consulere,
833 1642 864 1672 ne
878 1631 922 1671 mi-

77 1704 128 1733 sera
145 1693 236 1734 evadat.
255 1694 324 1744 -51
345 1694 438 1734 Habent
455 1694 558 1734 eundem
577 1704 701 1734 errorem
721 1694 921 1734 fundamenta-

76 1757 141 1804 lem,
157 1756 207 1797 scil.
224 1756 356 1797 creaturam
371 1756 511 1796 rationalem
525 1767 574 1796 non
588 1767 655 1806 posse
670 1756 737 1797 beari
752 1756 798 1797 nisi
813 1749 869 1806 Deo,
885 1757 922 1796 uti

77 1820 198 1868 catinae,
214 1829 330 1870 possessa
346 1819 386 1870 qui
402 1830 468 1859 error
484 1819 598 1859 Vaticano
612 1820 791 1871 proponebatur
806 1820 922 1861 damnan-

77 1883 122 1923 dus
139 1882 184 1934 (GL
199 1883 220 1930 7,
237 1884 278 1922 555
293 1881 345 1930 ete,
361 1882 391 1921 51.
407 1881 483 1922 DdTb
497 1885 519 1930 2,
535 1883 599 1934 73s).

76 2006 130 2049 265.
166 2011 187 2049 4.
205 2007 291 2061 Contra
307 1999 533 2049 Semiraticnalistas
550 2006 637 2047 saeculi
652 2008 705 2047 XIX
720 2007 825 2049 Ecclesia
840 2009 922 2059 impri-

75 2070 123 2110 mis
137 2070 239 2122 urgebat
255 2069 504 2121 supernaturalem
521 2069 740 2119 revelationem,
759 2082 820 2121 quae
837 2077 922 2120 1155115-

76 2133 111 2174 rc'c
122 2134 186 2175 vires
195 2133 295 2174 rationis
304 2131 496 2174 transcendentia
506 2132 643 2174 contineret.
656 2134 707 2174 Hac
717 2134 839 2186 occasione
849 2134 922 2175 etiam

76 2197 106 2238 de
120 2196 179 2237 1155
194 2196 282 2237 ultimo
295 2195 471 2247 supernaturali
487 2206 566 2237 sermo
579 2196 636 2237 erat.
652 2222 684 2228 -
699 2196 768 2238 Pius
783 2198 814 2252 IX
829 2209 851 2238 a.
867 2200 922 2239 1862

76 2260 104 2300 de
120 2259 241 2299 erroribus
256 2258 335 2299 iacobi
351 2258 587 2299 Frcbscbammer
602 2259 632 2300 ad
649 2255 856 2311 archiepiscopum
872 2271 921 2301 rno-

76 2333 201 2362 nacensem
220 2322 261 2373 (Dc
278 2324 332 2362 1666
340 2321 384 2372 ss):
410 2321 448 2361 Ad
464 2322 584 2363 humanae
601 2322 701 2363 rationis
716 2323 741 2364 et
755 2323 922 2375 philosophiae

76 2383 224 2436 provinciam
242 2395 290 2424 non
308 2382 428 2434 pertinent
446 2384 635 2435 supernaturalis
653 2385 759 2427 bominis
776 2385 836 2427 finis
852 2387 876 2428 et
893 2397 922 2428 ea

76 2447 163 2496 brunia,
181 2458 242 2498 quae
258 2447 289 2488 ad
305 2446 384 2497 ipsum
401 2445 508 2497 spectant
526 2447 607 2499 (1669).
625 2447 695 2489 Ratio
712 2460 759 2489 non
776 2448 854 2500 potest
868 2460 922 2500 pro-

143 2586 150 2606 1
168 2584 222 2620 Post
235 2583 378 2620 Benedictum
391 2583 444 2624 XIV,
460 2583 498 2627 qui
513 2591 589 2618 eorum
602 2583 701 2627 systema
714 2583 739 2618 ut
752 2581 887 2618 catholicum
901 2583 924 2618 et

76 2637 89 2663 5
112 2630 251 2665 lansenismo
273 2629 368 2666 liberum
391 2629 481 2681 agnovit
506 2628 676 2683 (Epistudiedl
693 2628 746 2664 Iulii
763 2628 811 2681 1748
834 2630 863 2665 ad
885 2638 922 2664 su.

74 2674 847 2768 111111115111515511111111515111511
864 2675 919 2765 aa

76 2767 201 2803 absolutam
220 2750 365 2812 ‘gratuitatem'
384 2766 514 2812 «impulsus
532 2768 557 2801 in
576 2768 646 2802 Deum
664 2775 704 2812 per
724 2775 823 2803 amorem
842 2765 922 2802 carita·
949 2766 951 2770 “

75 2811 130 2854 tis»,
147 2814 161 2849 i.
179 2822 197 2848 e.
214 2813 292 2849 auxilii
308 2821 393 2858 quoque
409 2812 510 2856 actualis,
527 2812 608 2849 docuit.
625 2814 685 2857 Ergo
702 2813 802 2852 condicio
818 2813 922 2857 Augusti-

75 2859 190 2940 1ὲίξίῗὲἔῇ
197 2868 257 2940 nffl
270 2859 437 2942 Εὲὶς1ἒ11ΐ111151111511115
463 2857 573 2894 difficilior
592 2860 652 2895 iacta
671 2858 710 2902 est,
731 2868 799 2904 quam
823 2859 922 2918 tempore
