<?xml version="1.0" encoding="UTF-8"?>
<!DOCTYPE html PUBLIC "-//W3C//DTD XHTML 1.0 Transitional//EN"
    "http://www.w3.org/TR/xhtml1/DTD/xhtml1-transitional.dtd">
<html xmlns="http://www.w3.org/1999/xhtml" xml:lang="en" lang="en">
 <head>
  <title>
</title>
<meta http-equiv="Content-Type" content="text/html;charset=utf-8" />
  <meta name='ocr-system' content='tesseract 3.04.00' />
  <meta name='ocr-capabilities' content='ocr_page ocr_carea ocr_par ocr_line ocrx_word'/>
</head>
<body>
  <div class='ocr_page' id='page_1' title='image "./MN41637ucmf_2_0584.png"; bbox 0 0 2214 3350; ppageno 0'>
   <div class='ocr_carea' id='block_1_1' title="bbox 158 211 802 285">
    <p class='ocr_par' dir='ltr' id='par_1_1' title="bbox 158 211 802 285">
     <span class='ocr_line' id='line_1_1' title="bbox 158 211 802 285; baseline -0.008 -4"><span class='ocrx_word' id='word_1_1' title='bbox 158 241 196 282; x_wconf 81' lang='lat'>550</span> <span class='ocrx_word' id='word_1_2' title='bbox 280 211 285 218; x_wconf 34' lang='grc' dir='ltr'><strong><em>Ι</em></strong></span> <span class='ocrx_word' id='word_1_3' title='bbox 347 239 421 279; x_wconf 72' lang='lat' dir='ltr'>sect.</span> <span class='ocrx_word' id='word_1_4' title='bbox 439 229 475 279; x_wconf 75' lang='lat' dir='ltr'>Vl.</span> <span class='ocrx_word' id='word_1_5' title='bbox 493 243 524 278; x_wconf 89' lang='lat' dir='ltr'>De</span> <span class='ocrx_word' id='word_1_6' title='bbox 541 221 698 282; x_wconf 81' lang='lat' dir='ltr'>distributione</span> <span class='ocrx_word' id='word_1_7' title='bbox 714 239 802 285; x_wconf 84' lang='lat' dir='ltr'>gratiae</span> 
     </span>
    </p>
   </div>
   <div class='ocr_carea' id='block_1_2' title="bbox 157 344 1021 464">
    <p class='ocr_par' dir='ltr' id='par_1_2' title="bbox 157 334 1107 469">
     <span class='ocr_line' id='line_1_2' title="bbox 157 344 1006 402; baseline -0.011 -9"><span class='ocrx_word' id='word_1_8' title='bbox 157 344 213 393; x_wconf 80' lang='lat' dir='ltr'>liter</span> <span class='ocrx_word' id='word_1_9' title='bbox 225 350 343 402; x_wconf 78' lang='lat' dir='ltr'>ignorant,</span> <span class='ocrx_word' id='word_1_10' title='bbox 357 349 443 392; x_wconf 87' lang='lat' dir='ltr'>sufficit</span> <span class='ocrx_word' id='word_1_11' title='bbox 456 351 519 391; x_wconf 83' lang='lat' dir='ltr'>tides</span> <span class='ocrx_word' id='word_1_12' title='bbox 528 350 605 397; x_wconf 52' lang='lat' dir='ltr'>,unius</span> <span class='ocrx_word' id='word_1_13' title='bbox 617 349 667 389; x_wconf 88' lang='lat' dir='ltr'>veri</span> <span class='ocrx_word' id='word_1_14' title='bbox 681 345 1006 396; x_wconf 81' lang='lat' dir='ltr'>Dei—Semipelagiani</span> 
     </span>
     <span class='ocr_line' id='line_1_3' title="bbox 158 408 1021 464; baseline -0.009 -9"><span class='ocrx_word' id='word_1_15' title='bbox 158 414 246 455; x_wconf 86' lang='lat' dir='ltr'>sortem</span> <span class='ocrx_word' id='word_1_16' title='bbox 263 418 354 462; x_wconf 85' lang='lat' dir='ltr'>eorum,</span> <span class='ocrx_word' id='word_1_17' title='bbox 372 413 462 464; x_wconf 82' lang='lat' dir='ltr'>quibus</span> <span class='ocrx_word' id='word_1_18' title='bbox 478 412 643 463; x_wconf 72' lang='lat' dir='ltr'>opportunitas</span> <span class='ocrx_word' id='word_1_19' title='bbox 660 409 772 450; x_wconf 89' lang='lat' dir='ltr'>credendi</span> <span class='ocrx_word' id='word_1_20' title='bbox 788 408 859 457; x_wconf 86' lang='lat' dir='ltr'>deest,</span> <span class='ocrx_word' id='word_1_21' title='bbox 878 418 1021 449; x_wconf 48' lang='grc' dir='ltr'>1111111111χ</span> 
     </span>
    </p>
   </div>
   <div class='ocr_carea' id='block_1_3' title="bbox 156 468 1007 522">
    <p class='ocr_par' dir='ltr' id='par_1_3' title="bbox 156 468 1007 522">
     <span class='ocr_line' id='line_1_4' title="bbox 156 468 1007 522; baseline -0.008 -4"><span class='ocrx_word' id='word_1_22' title='bbox 156 469 297 521; x_wconf 84' lang='lat' dir='ltr'>credulitate</span> <span class='ocrx_word' id='word_1_23' title='bbox 313 476 356 518; x_wconf 88' lang='lat' dir='ltr'>aut</span> <span class='ocrx_word' id='word_1_24' title='bbox 370 475 539 518; x_wconf 78' lang='lat' dir='ltr'>incredulitate·</span> <span class='ocrx_word' id='word_1_25' title='bbox 551 472 713 516; x_wconf 87' lang='lat' dir='ltr'>condicionate</span> <span class='ocrx_word' id='word_1_26' title='bbox 729 472 840 522; x_wconf 86' lang='lat' dir='ltr'>praevisa</span> <span class='ocrx_word' id='word_1_27' title='bbox 854 468 1007 522; x_wconf 70' lang='lat' dir='ltr'>explicabant</span> 
     </span>
    </p>
   </div>
   <div class='ocr_carea' id='block_1_4' title="bbox 158 534 1107 716">
    <p class='ocr_par' dir='ltr' id='par_1_4' title="bbox 158 507 1107 716">
     <span class='ocr_line' id='line_1_5' title="bbox 160 534 1004 592; baseline -0.007 -12"><span class='ocrx_word' id='word_1_28' title='bbox 160 540 201 592; x_wconf 79' lang='lat' dir='ltr'>(ci.</span> <span class='ocrx_word' id='word_1_29' title='bbox 216 551 241 579; x_wconf 94' lang='lat' dir='ltr'>n.</span> <span class='ocrx_word' id='word_1_30' title='bbox 257 539 302 590; x_wconf 83' lang='lat'>59).</span> <span class='ocrx_word' id='word_1_31' title='bbox 316 565 350 571; x_wconf 82' lang='grc'>-</span> <span class='ocrx_word' id='word_1_32' title='bbox 364 540 388 580; x_wconf 83' lang='lat' dir='ltr'>S.</span> <span class='ocrx_word' id='word_1_33' title='bbox 404 537 583 590; x_wconf 71' lang='lat' dir='ltr'>Augustinus</span> <span class='ocrx_word' id='word_1_34' title='bbox 597 536 648 587; x_wconf 89' lang='lat' dir='ltr'>ipse</span> <span class='ocrx_word' id='word_1_35' title='bbox 663 535 718 576; x_wconf 90' lang='lat' dir='ltr'>inde</span> <span class='ocrx_word' id='word_1_36' title='bbox 734 546 749 575; x_wconf 90' lang='lat' dir='ltr'>a</span> <span class='ocrx_word' id='word_1_37' title='bbox 762 535 855 584; x_wconf 75' lang='lat' dir='ltr'>Quaeri.</span> <span class='ocrx_word' id='word_1_38' title='bbox 872 535 904 575; x_wconf 78' lang='lat' dir='ltr'>od</span> <span class='ocrx_word' id='word_1_39' title='bbox 916 534 1004 586; x_wconf 78' lang='lat' dir='ltr'>Simpl.</span> 
     </span>
     <span class='ocr_line' id='line_1_6' title="bbox 158 596 1006 654; baseline -0.008 -11"><span class='ocrx_word' id='word_1_40' title='bbox 158 602 204 644; x_wconf 90' lang='lat' dir='ltr'>sibi</span> <span class='ocrx_word' id='word_1_41' title='bbox 221 603 373 654; x_wconf 73' lang='lat' dir='ltr'>persuaserat</span> <span class='ocrx_word' id='word_1_42' title='bbox 389 601 542 643; x_wconf 82' lang='lat' dir='ltr'>sufficientem</span> <span class='ocrx_word' id='word_1_43' title='bbox 560 598 702 640; x_wconf 87' lang='lat' dir='ltr'>solutionem</span> <span class='ocrx_word' id='word_1_44' title='bbox 719 598 772 639; x_wconf 86' lang='lat' dir='ltr'>dari</span> <span class='ocrx_word' id='word_1_45' title='bbox 790 608 833 647; x_wconf 88' lang='lat' dir='ltr'>per</span> <span class='ocrx_word' id='word_1_46' title='bbox 850 596 938 647; x_wconf 81' lang='lat' dir='ltr'>dogma</span> <span class='ocrx_word' id='word_1_47' title='bbox 954 608 1006 647; x_wconf 87' lang='lat' dir='ltr'>pec·</span> 
     </span>
     <span class='ocr_line' id='line_1_7' title="bbox 158 658 1107 716; baseline -0.008 -10"><span class='ocrx_word' id='word_1_48' title='bbox 158 664 205 707; x_wconf 90' lang='lat' dir='ltr'>cati</span> <span class='ocrx_word' id='word_1_49' title='bbox 221 666 358 716; x_wconf 84' lang='lat' dir='ltr'>originalis:</span> <span class='ocrx_word' id='word_1_50' title='bbox 378 666 442 705; x_wconf 85' lang='lat' dir='ltr'>Deus</span> <span class='ocrx_word' id='word_1_51' title='bbox 456 676 485 704; x_wconf 81' lang='lat' dir='ltr'>ex</span> <span class='ocrx_word' id='word_1_52' title='bbox 507 672 600 702; x_wconf 89' lang='lat' dir='ltr'>massa</span> <span class='ocrx_word' id='word_1_53' title='bbox 620 661 755 702; x_wconf 82' lang='lat' dir='ltr'>damnata</span> <span class='ocrx_word' id='word_1_54' title='bbox 776 661 800 701; x_wconf 89' lang='lat' dir='ltr'>et</span> <span class='ocrx_word' id='word_1_55' title='bbox 822 658 882 701; x_wconf 88' lang='lat' dir='ltr'>iuste</span> <span class='ocrx_word' id='word_1_56' title='bbox 899 659 1020 711; x_wconf 87' lang='lat' dir='ltr'>peritura</span> <span class='ocrx_word' id='word_1_57' title='bbox 1089 671 1107 692; x_wconf 57' lang='grc' dir='ltr'>ν</span> 
     </span>
    </p>
   </div>
   <div class='ocr_carea' id='block_1_5' title="bbox 156 720 1017 1468">
    <p class='ocr_par' dir='ltr' id='par_1_5' title="bbox 156 720 1107 1468">
     <span class='ocr_line' id='line_1_8' title="bbox 157 720 1004 779; baseline -0.005 -12"><span class='ocrx_word' id='word_1_58' title='bbox 157 727 254 778; x_wconf 83' lang='lat' dir='ltr'>aliquos</span> <span class='ocrx_word' id='word_1_59' title='bbox 264 740 293 769; x_wconf 83' lang='lat' dir='ltr'>ex</span> <span class='ocrx_word' id='word_1_60' title='bbox 304 740 365 779; x_wconf 86' lang='lat' dir='ltr'>pura</span> <span class='ocrx_word' id='word_1_61' title='bbox 375 726 539 768; x_wconf 73' lang='lat' dir='ltr'>misericordia</span> <span class='ocrx_word' id='word_1_62' title='bbox 550 725 621 775; x_wconf 87' lang='lat' dir='ltr'>eripit</span> <span class='ocrx_word' id='word_1_63' title='bbox 632 720 663 766; x_wconf 86' lang='lat' dir='ltr'>ad</span> <span class='ocrx_word' id='word_1_64' title='bbox 675 724 777 766; x_wconf 85' lang='lat' dir='ltr'>salutem</span> <span class='ocrx_word' id='word_1_65' title='bbox 791 723 837 775; x_wconf 82' lang='lat' dir='ltr'>(Ad</span> <span class='ocrx_word' id='word_1_66' title='bbox 849 724 936 774; x_wconf 70' lang='lat' dir='ltr'>simpl.</span> <span class='ocrx_word' id='word_1_67' title='bbox 950 725 970 771; x_wconf 89' lang='lat' dir='ltr'>l,</span> <span class='ocrx_word' id='word_1_68' title='bbox 982 725 1004 771; x_wconf 86' lang='grc'>2,</span> 
     </span>
     <span class='ocr_line' id='line_1_9' title="bbox 159 787 1004 842; baseline -0.007 -11"><span class='ocrx_word' id='word_1_69' title='bbox 159 794 195 838; x_wconf 88' lang='grc'>16;</span> <span class='ocrx_word' id='word_1_70' title='bbox 211 790 292 842; x_wconf 84' lang='lat' dir='ltr'>postea</span> <span class='ocrx_word' id='word_1_71' title='bbox 307 801 427 841; x_wconf 79' lang='lat' dir='ltr'>persaepe,</span> <span class='ocrx_word' id='word_1_72' title='bbox 443 801 466 829; x_wconf 93' lang='lat' dir='ltr'>v.</span> <span class='ocrx_word' id='word_1_73' title='bbox 483 789 660 839; x_wconf 54' lang='grc'>5111111186,</span> <span class='ocrx_word' id='word_1_74' title='bbox 678 790 712 836; x_wconf 88' lang='grc'>12;</span> <span class='ocrx_word' id='word_1_75' title='bbox 729 789 776 837; x_wconf 82' lang='grc'>191,</span> <span class='ocrx_word' id='word_1_76' title='bbox 795 789 829 836; x_wconf 89' lang='grc'>10;</span> <span class='ocrx_word' id='word_1_77' title='bbox 846 787 890 838; x_wconf 85' lang='lat' dir='ltr'>Op.</span> <span class='ocrx_word' id='word_1_78' title='bbox 907 787 1004 837; x_wconf 66' lang='lat' dir='ltr'>imperi.</span> 
     </span>
     <span class='ocr_line' id='line_1_10' title="bbox 158 846 1005 904; baseline -0.007 -11"><span class='ocrx_word' id='word_1_79' title='bbox 158 856 231 902; x_wconf 73' lang='lat'>1,48;</span> <span class='ocrx_word' id='word_1_80' title='bbox 248 857 267 901; x_wconf 86' lang='lat'>1,</span> <span class='ocrx_word' id='word_1_81' title='bbox 285 850 343 904; x_wconf 75' lang='grc'>127).</span> <span class='ocrx_word' id='word_1_82' title='bbox 360 852 407 893; x_wconf 82' lang='lat' dir='ltr'>Sed</span> <span class='ocrx_word' id='word_1_83' title='bbox 423 855 478 893; x_wconf 83' lang='lat' dir='ltr'>cum</span> <span class='ocrx_word' id='word_1_84' title='bbox 491 851 554 892; x_wconf 85' lang='lat' dir='ltr'>lianc</span> <span class='ocrx_word' id='word_1_85' title='bbox 569 851 655 891; x_wconf 90' lang='lat' dir='ltr'>duram</span> <span class='ocrx_word' id='word_1_86' title='bbox 671 849 813 891; x_wconf 84' lang='lat' dir='ltr'>solutionem</span> <span class='ocrx_word' id='word_1_87' title='bbox 830 848 953 900; x_wconf 74' lang='lat' dir='ltr'>quaerenti</span> <span class='ocrx_word' id='word_1_88' title='bbox 970 846 1005 897; x_wconf 85' lang='lat' dir='ltr'>illi</span> 
     </span>
     <span class='ocr_line' id='line_1_11' title="bbox 156 911 1002 966; baseline -0.005 -11"><span class='ocrx_word' id='word_1_89' title='bbox 156 927 252 966; x_wconf 80' lang='lat' dir='ltr'>pagano</span> <span class='ocrx_word' id='word_1_90' title='bbox 263 926 394 965; x_wconf 84' lang='lat' dir='ltr'>proponere</span> <span class='ocrx_word' id='word_1_91' title='bbox 405 926 453 955; x_wconf 88' lang='lat' dir='ltr'>non</span> <span class='ocrx_word' id='word_1_92' title='bbox 463 914 569 962; x_wconf 80' lang='lat' dir='ltr'>auderet,</span> <span class='ocrx_word' id='word_1_93' title='bbox 583 931 593 950; x_wconf 88' lang='lat'>«</span> <span class='ocrx_word' id='word_1_94' title='bbox 601 912 724 954; x_wconf 84' lang='lat' dir='ltr'>brevitatis</span> <span class='ocrx_word' id='word_1_95' title='bbox 732 912 827 964; x_wconf 80' lang='lat' dir='ltr'>gratia»</span> <span class='ocrx_word' id='word_1_96' title='bbox 840 911 918 953; x_wconf 88' lang='lat' dir='ltr'>solum</span> <span class='ocrx_word' id='word_1_97' title='bbox 929 911 1002 952; x_wconf 81' lang='lat' dir='ltr'>dixit:</span> 
     </span>
     <span class='ocr_line' id='line_1_12' title="bbox 160 970 1005 1027; baseline -0.001 -12"><span class='ocrx_word' id='word_1_98' title='bbox 160 994 171 1014; x_wconf 70' lang='grc' dir='ltr'>α</span> <span class='ocrx_word' id='word_1_99' title='bbox 179 977 235 1018; x_wconf 87' lang='lat' dir='ltr'>tunc</span> <span class='ocrx_word' id='word_1_100' title='bbox 247 977 350 1018; x_wconf 90' lang='lat' dir='ltr'>voluisse</span> <span class='ocrx_word' id='word_1_101' title='bbox 361 976 502 1018; x_wconf 86' lang='lat' dir='ltr'>hominibus</span> <span class='ocrx_word' id='word_1_102' title='bbox 513 987 628 1027; x_wconf 85' lang='lat' dir='ltr'>apparere</span> <span class='ocrx_word' id='word_1_103' title='bbox 642 976 763 1019; x_wconf 81' lang='lat' dir='ltr'>Christum</span> <span class='ocrx_word' id='word_1_104' title='bbox 776 976 800 1016; x_wconf 90' lang='grc'>11</span> <span class='ocrx_word' id='word_1_105' title='bbox 811 970 876 1026; x_wconf 87' lang='lat' dir='ltr'>apud</span> <span class='ocrx_word' id='word_1_106' title='bbox 888 986 928 1016; x_wconf 87' lang='lat' dir='ltr'>eos</span> <span class='ocrx_word' id='word_1_107' title='bbox 939 985 1005 1025; x_wconf 82' lang='lat' dir='ltr'>prae</span> 
     </span>
     <span class='ocr_line' id='line_1_13' title="bbox 158 1036 1005 1098; baseline -0.005 -18"><span class='ocrx_word' id='word_1_108' title='bbox 158 1040 233 1080; x_wconf 84' lang='lat' dir='ltr'>dicari</span> <span class='ocrx_word' id='word_1_109' title='bbox 247 1040 380 1081; x_wconf 70' lang='lat' dir='ltr'>doctrinam</span> <span class='ocrx_word' id='word_1_110' title='bbox 394 1047 470 1087; x_wconf 83' lang='lat' dir='ltr'>suam,</span> <span class='ocrx_word' id='word_1_111' title='bbox 485 1039 583 1091; x_wconf 87' lang='lat' dir='ltr'>quando</span> <span class='ocrx_word' id='word_1_112' title='bbox 595 1039 684 1098; x_wconf 80' lang='lat' dir='ltr'>sciebat</span> <span class='ocrx_word' id='word_1_113' title='bbox 694 1039 719 1080; x_wconf 85' lang='lat' dir='ltr'>et</span> <span class='ocrx_word' id='word_1_114' title='bbox 732 1038 774 1079; x_wconf 93' lang='lat' dir='ltr'>uloi</span> <span class='ocrx_word' id='word_1_115' title='bbox 789 1037 877 1079; x_wconf 82' lang='lat' dir='ltr'>sciehat</span> <span class='ocrx_word' id='word_1_116' title='bbox 890 1049 948 1087; x_wconf 87' lang='lat' dir='ltr'>esse,</span> <span class='ocrx_word' id='word_1_117' title='bbox 964 1036 1005 1087; x_wconf 86' lang='lat' dir='ltr'>qui</span> 
     </span>
     <span class='ocr_line' id='line_1_14' title="bbox 156 1099 1006 1154; baseline -0.002 -11"><span class='ocrx_word' id='word_1_118' title='bbox 156 1102 184 1143; x_wconf 88' lang='lat' dir='ltr'>in</span> <span class='ocrx_word' id='word_1_119' title='bbox 195 1114 251 1143; x_wconf 87' lang='lat' dir='ltr'>eum</span> <span class='ocrx_word' id='word_1_120' title='bbox 264 1104 361 1144; x_wconf 79' lang='lat' dir='ltr'>fuerant</span> <span class='ocrx_word' id='word_1_121' title='bbox 372 1102 504 1144; x_wconf 80' lang='lat' dir='ltr'>credituri»</span> <span class='ocrx_word' id='word_1_122' title='bbox 519 1103 602 1154; x_wconf 77' lang='lat' dir='ltr'>(Epist.</span> <span class='ocrx_word' id='word_1_123' title='bbox 616 1105 664 1150; x_wconf 88' lang='grc'>102,</span> <span class='ocrx_word' id='word_1_124' title='bbox 679 1101 723 1152; x_wconf 82' lang='grc'>14),</span> <span class='ocrx_word' id='word_1_125' title='bbox 739 1118 750 1138; x_wconf 87' lang='lat'>«</span> <span class='ocrx_word' id='word_1_126' title='bbox 758 1102 794 1142; x_wconf 86' lang='lat' dir='ltr'>lta</span> <span class='ocrx_word' id='word_1_127' title='bbox 806 1101 871 1142; x_wconf 88' lang='lat' dir='ltr'>salus</span> <span class='ocrx_word' id='word_1_128' title='bbox 883 1099 1006 1153; x_wconf 81' lang='lat' dir='ltr'>religionis</span> 
     </span>
     <span class='ocr_line' id='line_1_15' title="bbox 158 1163 1004 1217; baseline -0.004 -11"><span class='ocrx_word' id='word_1_129' title='bbox 158 1165 245 1207; x_wconf 85' lang='lat' dir='ltr'>buius.</span> <span class='ocrx_word' id='word_1_130' title='bbox 255 1197 275 1206; x_wconf 87' lang='lat'>..</span> <span class='ocrx_word' id='word_1_131' title='bbox 291 1166 353 1206; x_wconf 89' lang='lat' dir='ltr'>nulli</span> <span class='ocrx_word' id='word_1_132' title='bbox 369 1177 477 1217; x_wconf 83' lang='lat' dir='ltr'>unquam</span> <span class='ocrx_word' id='word_1_133' title='bbox 494 1165 578 1214; x_wconf 79' lang='lat' dir='ltr'>defuit,</span> <span class='ocrx_word' id='word_1_134' title='bbox 596 1166 637 1217; x_wconf 88' lang='lat' dir='ltr'>qui</span> <span class='ocrx_word' id='word_1_135' title='bbox 653 1165 742 1216; x_wconf 88' lang='lat' dir='ltr'>dignus</span> <span class='ocrx_word' id='word_1_136' title='bbox 757 1164 811 1213; x_wconf 85' lang='lat' dir='ltr'>tuit,</span> <span class='ocrx_word' id='word_1_137' title='bbox 827 1165 851 1206; x_wconf 93' lang='grc'>11</span> <span class='ocrx_word' id='word_1_138' title='bbox 865 1164 904 1204; x_wconf 89' lang='lat' dir='ltr'>cui</span> <span class='ocrx_word' id='word_1_139' title='bbox 920 1163 1004 1211; x_wconf 83' lang='grc'>11111111,</span> 
     </span>
     <span class='ocr_line' id='line_1_16' title="bbox 157 1227 1006 1281; baseline -0.004 -11"><span class='ocrx_word' id='word_1_140' title='bbox 157 1229 247 1279; x_wconf 81' lang='lat' dir='ltr'>dignus</span> <span class='ocrx_word' id='word_1_141' title='bbox 258 1240 305 1270; x_wconf 90' lang='lat' dir='ltr'>non</span> <span class='ocrx_word' id='word_1_142' title='bbox 318 1229 382 1270; x_wconf 79' lang='lat' dir='ltr'>luit»</span> <span class='ocrx_word' id='word_1_143' title='bbox 398 1230 439 1281; x_wconf 91' lang='lat' dir='ltr'>(ib.</span> <span class='ocrx_word' id='word_1_144' title='bbox 453 1240 477 1269; x_wconf 87' lang='lat' dir='ltr'>n.</span> <span class='ocrx_word' id='word_1_145' title='bbox 490 1229 535 1279; x_wconf 82' lang='grc'>15).</span> <span class='ocrx_word' id='word_1_146' title='bbox 550 1229 613 1270; x_wconf 85' lang='lat' dir='ltr'>Cum·</span> <span class='ocrx_word' id='word_1_147' title='bbox 623 1227 809 1279; x_wconf 82' lang='lat' dir='ltr'>Semipelagiani</span> <span class='ocrx_word' id='word_1_148' title='bbox 819 1227 850 1268; x_wconf 88' lang='lat' dir='ltr'>ad</span> <span class='ocrx_word' id='word_1_149' title='bbox 862 1228 921 1268; x_wconf 87' lang='lat' dir='ltr'>baec</span> <span class='ocrx_word' id='word_1_150' title='bbox 932 1227 1006 1267; x_wconf 87' lang='lat' dir='ltr'>verha</span> 
     </span>
     <span class='ocr_line' id='line_1_17' title="bbox 157 1290 1004 1343; baseline -0.004 -12"><span class='ocrx_word' id='word_1_151' title='bbox 157 1291 314 1342; x_wconf 66' lang='lat' dir='ltr'>prouocarent</span> <span class='ocrx_word' id='word_1_152' title='bbox 323 1292 407 1343; x_wconf 81' lang='lat' dir='ltr'>(Epist.</span> <span class='ocrx_word' id='word_1_153' title='bbox 415 1291 500 1342; x_wconf 62' lang='lat' dir='ltr'>maa),</span> <span class='ocrx_word' id='word_1_154' title='bbox 509 1303 537 1332; x_wconf 90' lang='lat' dir='ltr'>ea</span> <span class='ocrx_word' id='word_1_155' title='bbox 548 1290 684 1337; x_wconf 82' lang='lat' dir='ltr'>retractavit</span> <span class='ocrx_word' id='word_1_156' title='bbox 691 1291 765 1341; x_wconf 81' lang='lat' dir='ltr'>(Retr.</span> <span class='ocrx_word' id='word_1_157' title='bbox 773 1293 833 1340; x_wconf 85' lang='grc'>2,31,</span> <span class='ocrx_word' id='word_1_158' title='bbox 839 1292 874 1339; x_wconf 82' lang='grc'>57;</span> <span class='ocrx_word' id='word_1_159' title='bbox 882 1291 916 1330; x_wconf 83' lang='lat' dir='ltr'>De</span> <span class='ocrx_word' id='word_1_160' title='bbox 922 1290 1004 1341; x_wconf 82' lang='lat' dir='ltr'>praed.</span> 
     </span>
     <span class='ocr_line' id='line_1_18' title="bbox 159 1346 1003 1405; baseline -0.002 -10"><span class='ocrx_word' id='word_1_161' title='bbox 159 1355 240 1396; x_wconf 78' lang='lat' dir='ltr'>Senot.</span> <span class='ocrx_word' id='word_1_162' title='bbox 253 1357 274 1402; x_wconf 85' lang='lat'>9,</span> <span class='ocrx_word' id='word_1_163' title='bbox 288 1357 342 1403; x_wconf 79' lang='lat' dir='ltr'>17s3</span> <span class='ocrx_word' id='word_1_164' title='bbox 354 1355 390 1395; x_wconf 84' lang='lat' dir='ltr'>Dc</span> <span class='ocrx_word' id='word_1_165' title='bbox 404 1355 464 1394; x_wconf 82' lang='lat' dir='ltr'>dono</span> <span class='ocrx_word' id='word_1_166' title='bbox 476 1364 568 1405; x_wconf 76' lang='lat' dir='ltr'>perseo.</span> <span class='ocrx_word' id='word_1_167' title='bbox 583 1357 604 1403; x_wconf 84' lang='lat'>9,</span> <span class='ocrx_word' id='word_1_168' title='bbox 618 1356 646 1395; x_wconf 83' lang='grc'>23</span> <span class='ocrx_word' id='word_1_169' title='bbox 653 1354 672 1405; x_wconf 85' lang='lat' dir='ltr'>s)</span> <span class='ocrx_word' id='word_1_170' title='bbox 682 1346 815 1394; x_wconf 66' lang='lat' dir='ltr'>².&#39;—Liher</span> <span class='ocrx_word' id='word_1_171' title='bbox 825 1355 861 1394; x_wconf 85' lang='lat' dir='ltr'>De</span> <span class='ocrx_word' id='word_1_172' title='bbox 874 1365 930 1396; x_wconf 80' lang='lat' dir='ltr'>voc.</span> <span class='ocrx_word' id='word_1_173' title='bbox 940 1364 1003 1394; x_wconf 80' lang='lat' dir='ltr'>omn.</span> 
     </span>
     <span class='ocr_line' id='line_1_19' title="bbox 158 1416 1017 1468; baseline 0.003 -11"><span class='ocrx_word' id='word_1_174' title='bbox 158 1423 222 1468; x_wconf 76' lang='lat' dir='ltr'>pent.</span> <span class='ocrx_word' id='word_1_175' title='bbox 239 1417 365 1468; x_wconf 79' lang='lat' dir='ltr'>distinguit</span> <span class='ocrx_word' id='word_1_176' title='bbox 378 1417 496 1458; x_wconf 79' lang='lat' dir='ltr'>beneficia</span> <span class='ocrx_word' id='word_1_177' title='bbox 509 1417 630 1468; x_wconf 82' lang='lat' dir='ltr'>generalia</span> <span class='ocrx_word' id='word_1_178' title='bbox 644 1418 668 1458; x_wconf 89' lang='lat' dir='ltr'>et</span> <span class='ocrx_word' id='word_1_179' title='bbox 680 1416 793 1466; x_wconf 83' lang='lat' dir='ltr'>specialia</span> <span class='ocrx_word' id='word_1_180' title='bbox 809 1417 891 1468; x_wconf 88' lang='lat' dir='ltr'>(supra</span> <span class='ocrx_word' id='word_1_181' title='bbox 905 1427 929 1456; x_wconf 89' lang='lat' dir='ltr'>n.</span> <span class='ocrx_word' id='word_1_182' title='bbox 945 1417 1017 1467; x_wconf 56' lang='grc'>1183).»</span> 
     </span>
    </p>
   </div>
   <div class='ocr_carea' id='block_1_6' title="bbox 156 1540 1006 1970">
    <p class='ocr_par' dir='ltr' id='par_1_6' title="bbox 156 1540 1006 1970">
     <span class='ocr_line' id='line_1_20' title="bbox 157 1540 1004 1593; baseline -0.001 -11"><span class='ocrx_word' id='word_1_183' title='bbox 157 1542 212 1582; x_wconf 77' lang='lat'>691.</span> <span class='ocrx_word' id='word_1_184' title='bbox 250 1540 391 1582; x_wconf 81' lang='lat' dir='ltr'>Scholastici</span> <span class='ocrx_word' id='word_1_185' title='bbox 406 1541 573 1592; x_wconf 81' lang='lat' dir='ltr'>distinguendo</span> <span class='ocrx_word' id='word_1_186' title='bbox 588 1541 661 1583; x_wconf 87' lang='lat' dir='ltr'>iidem</span> <span class='ocrx_word' id='word_1_187' title='bbox 677 1542 815 1592; x_wconf 63' lang='lat' dir='ltr'>explicitam</span> <span class='ocrx_word' id='word_1_188' title='bbox 826 1542 850 1583; x_wconf 90' lang='lat' dir='ltr'>et</span> <span class='ocrx_word' id='word_1_189' title='bbox 862 1541 1004 1593; x_wconf 80' lang='lat' dir='ltr'>implicitam</span> 
     </span>
     <span class='ocr_line' id='line_1_21' title="bbox 156 1603 1006 1656; baseline -0.001 -11"><span class='ocrx_word' id='word_1_190' title='bbox 156 1603 229 1655; x_wconf 77' lang='lat' dir='ltr'>atque</span> <span class='ocrx_word' id='word_1_191' title='bbox 242 1604 321 1656; x_wconf 82' lang='lat' dir='ltr'>quoad</span> <span class='ocrx_word' id='word_1_192' title='bbox 335 1603 505 1655; x_wconf 85' lang='lat' dir='ltr'>obligationem</span> <span class='ocrx_word' id='word_1_193' title='bbox 518 1604 628 1655; x_wconf 81' lang='lat' dir='ltr'>explicite</span> <span class='ocrx_word' id='word_1_194' title='bbox 642 1604 754 1645; x_wconf 87' lang='lat' dir='ltr'>credendi</span> <span class='ocrx_word' id='word_1_195' title='bbox 767 1604 852 1645; x_wconf 82' lang='lat' dir='ltr'>fideles</span> <span class='ocrx_word' id='word_1_196' title='bbox 864 1605 969 1644; x_wconf 79' lang='lat' dir='ltr'>minores</span> <span class='ocrx_word' id='word_1_197' title='bbox 984 1603 1006 1644; x_wconf 91' lang='lat' dir='ltr'>et</span> 
     </span>
     <span class='ocr_line' id='line_1_22' title="bbox 157 1667 1003 1719; baseline 0 -12"><span class='ocrx_word' id='word_1_198' title='bbox 157 1668 267 1715; x_wconf 80' lang='lat' dir='ltr'>maiores,</span> <span class='ocrx_word' id='word_1_199' title='bbox 281 1667 445 1718; x_wconf 85' lang='lat' dir='ltr'>quaestionem</span> <span class='ocrx_word' id='word_1_200' title='bbox 456 1668 539 1708; x_wconf 88' lang='lat' dir='ltr'>minus</span> <span class='ocrx_word' id='word_1_201' title='bbox 551 1667 672 1708; x_wconf 86' lang='lat' dir='ltr'>difficilem</span> <span class='ocrx_word' id='word_1_202' title='bbox 683 1667 846 1709; x_wconf 81' lang='lat' dir='ltr'>reddiderunt.</span> <span class='ocrx_word' id='word_1_203' title='bbox 861 1669 930 1719; x_wconf 72' lang='lat' dir='ltr'>liupo</span> <span class='ocrx_word' id='word_1_204' title='bbox 945 1667 1003 1708; x_wconf 77' lang='lat' dir='ltr'>Vici.</span> 
     </span>
     <span class='ocr_line' id='line_1_23' title="bbox 157 1729 1005 1780; baseline -0.001 -9"><span class='ocrx_word' id='word_1_205' title='bbox 157 1730 182 1771; x_wconf 91' lang='lat' dir='ltr'>et</span> <span class='ocrx_word' id='word_1_206' title='bbox 198 1730 223 1771; x_wconf 87' lang='lat' dir='ltr'>S.</span> <span class='ocrx_word' id='word_1_207' title='bbox 243 1730 380 1771; x_wconf 80' lang='lat' dir='ltr'>Bernardus</span> <span class='ocrx_word' id='word_1_208' title='bbox 399 1731 513 1770; x_wconf 87' lang='lat' dir='ltr'>adversus</span> <span class='ocrx_word' id='word_1_209' title='bbox 528 1729 691 1771; x_wconf 85' lang='lat' dir='ltr'>Abaelardum</span> <span class='ocrx_word' id='word_1_210' title='bbox 709 1730 796 1780; x_wconf 81' lang='lat' dir='ltr'>urgent</span> <span class='ocrx_word' id='word_1_211' title='bbox 812 1729 961 1780; x_wconf 88' lang='lat' dir='ltr'>baptismum</span> <span class='ocrx_word' id='word_1_212' title='bbox 980 1730 1005 1770; x_wconf 88' lang='lat' dir='ltr'>in</span> 
     </span>
     <span class='ocr_line' id='line_1_24' title="bbox 158 1793 1005 1844; baseline -0.002 -10"><span class='ocrx_word' id='word_1_213' title='bbox 158 1803 215 1834; x_wconf 86' lang='lat' dir='ltr'>casu</span> <span class='ocrx_word' id='word_1_214' title='bbox 226 1793 372 1834; x_wconf 86' lang='lat' dir='ltr'>necessitatis</span> <span class='ocrx_word' id='word_1_215' title='bbox 383 1793 490 1844; x_wconf 88' lang='lat' dir='ltr'>suppleri</span> <span class='ocrx_word' id='word_1_216' title='bbox 499 1793 551 1833; x_wconf 89' lang='lat' dir='ltr'>eius</span> <span class='ocrx_word' id='word_1_217' title='bbox 562 1799 622 1833; x_wconf 80' lang='lat' dir='ltr'>volo.</span> <span class='ocrx_word' id='word_1_218' title='bbox 636 1793 747 1844; x_wconf 82' lang='lat' dir='ltr'>Plerique</span> <span class='ocrx_word' id='word_1_219' title='bbox 759 1794 925 1844; x_wconf 89' lang='lat' dir='ltr'>supponebant</span> <span class='ocrx_word' id='word_1_220' title='bbox 936 1804 1005 1834; x_wconf 86' lang='lat' dir='ltr'>evan-</span> 
     </span>
     <span class='ocr_line' id='line_1_25' title="bbox 158 1855 1005 1908; baseline 0 -11"><span class='ocrx_word' id='word_1_221' title='bbox 158 1855 248 1907; x_wconf 83' lang='lat' dir='ltr'>gelium</span> <span class='ocrx_word' id='word_1_222' title='bbox 266 1857 314 1896; x_wconf 89' lang='lat' dir='ltr'>iam</span> <span class='ocrx_word' id='word_1_223' title='bbox 332 1856 375 1897; x_wconf 90' lang='lat' dir='ltr'>diu</span> <span class='ocrx_word' id='word_1_224' title='bbox 392 1856 418 1896; x_wconf 89' lang='lat' dir='ltr'>in</span> <span class='ocrx_word' id='word_1_225' title='bbox 434 1855 481 1897; x_wconf 83' lang='lat' dir='ltr'>toto</span> <span class='ocrx_word' id='word_1_226' title='bbox 502 1856 559 1897; x_wconf 91' lang='lat' dir='ltr'>orbe</span> <span class='ocrx_word' id='word_1_227' title='bbox 583 1856 746 1907; x_wconf 87' lang='lat' dir='ltr'>praedicatum</span> <span class='ocrx_word' id='word_1_228' title='bbox 770 1857 844 1904; x_wconf 83' lang='lat' dir='ltr'>esse²;</span> <span class='ocrx_word' id='word_1_229' title='bbox 868 1867 942 1908; x_wconf 79' lang='lat' dir='ltr'>quare</span> <span class='ocrx_word' id='word_1_230' title='bbox 965 1866 1005 1897; x_wconf 90' lang='lat' dir='ltr'>eos</span> 
     </span>
     <span class='ocr_line' id='line_1_26' title="bbox 157 1918 1003 1970; baseline 0.002 -12"><span class='ocrx_word' id='word_1_231' title='bbox 157 1929 235 1966; x_wconf 74' lang='lat' dir='ltr'>casus</span> <span class='ocrx_word' id='word_1_232' title='bbox 252 1919 293 1959; x_wconf 87' lang='lat' dir='ltr'>ubi</span> <span class='ocrx_word' id='word_1_233' title='bbox 311 1919 375 1960; x_wconf 88' lang='lat' dir='ltr'>Deus</span> <span class='ocrx_word' id='word_1_234' title='bbox 395 1935 404 1955; x_wconf 74' lang='grc' dir='ltr'>ιε</span> <span class='ocrx_word' id='word_1_235' title='bbox 411 1918 500 1959; x_wconf 74' lang='grc'>11111111</span> <span class='ocrx_word' id='word_1_236' title='bbox 518 1920 545 1959; x_wconf 79' lang='lat' dir='ltr'>io</span> <span class='ocrx_word' id='word_1_237' title='bbox 562 1920 655 1968; x_wconf 76' lang='lat' dir='ltr'>silvis»,</span> <span class='ocrx_word' id='word_1_238' title='bbox 674 1918 778 1968; x_wconf 77' lang='lat' dir='ltr'>facienti,</span> <span class='ocrx_word' id='word_1_239' title='bbox 798 1920 861 1970; x_wconf 80' lang='lat' dir='ltr'>quod</span> <span class='ocrx_word' id='word_1_240' title='bbox 879 1920 905 1960; x_wconf 88' lang='lat' dir='ltr'>in</span> <span class='ocrx_word' id='word_1_241' title='bbox 921 1930 944 1960; x_wconf 87' lang='lat' dir='ltr'>se</span> <span class='ocrx_word' id='word_1_242' title='bbox 962 1919 1003 1967; x_wconf 84' lang='lat' dir='ltr'>est,</span> 
     </span>
    </p>
   </div>
   <div class='ocr_carea' id='block_1_7' title="bbox 157 1981 1046 2033">
    <p class='ocr_par' dir='ltr' id='par_1_7' title="bbox 157 1967 1107 2033">
     <span class='ocr_line' id='line_1_27' title="bbox 157 1981 1046 2033; baseline 0 -11"><span class='ocrx_word' id='word_1_243' title='bbox 157 1982 268 2022; x_wconf 87' lang='lat' dir='ltr'>notitiam</span> <span class='ocrx_word' id='word_1_244' title='bbox 283 1981 434 2022; x_wconf 88' lang='lat' dir='ltr'>revelationis</span> <span class='ocrx_word' id='word_1_245' title='bbox 449 1982 637 2023; x_wconf 80' lang='lat' dir='ltr'>extraordinario</span> <span class='ocrx_word' id='word_1_246' title='bbox 652 1983 722 2023; x_wconf 87' lang='lat' dir='ltr'>modo</span> <span class='ocrx_word' id='word_1_247' title='bbox 738 1982 862 2033; x_wconf 86' lang='lat' dir='ltr'>providere</span> <span class='ocrx_word' id='word_1_248' title='bbox 877 1982 1004 2029; x_wconf 85' lang='lat' dir='ltr'>teneretur,</span> <span class='ocrx_word' id='word_1_249' title='bbox 1044 1996 1046 2000; x_wconf 58' lang='lat'><strong><em>¹</em></strong></span> 
     </span>
    </p>
   </div>
   <div class='ocr_carea' id='block_1_8' title="bbox 156 2043 1006 2785">
    <p class='ocr_par' dir='ltr' id='par_1_8' title="bbox 156 2043 1006 2785">
     <span class='ocr_line' id='line_1_28' title="bbox 159 2043 1004 2096; baseline 0 -12"><span class='ocrx_word' id='word_1_250' title='bbox 159 2044 306 2094; x_wconf 68' lang='lat' dir='ltr'>receptiones</span> <span class='ocrx_word' id='word_1_251' title='bbox 320 2044 410 2085; x_wconf 88' lang='lat' dir='ltr'>babent</span> <span class='ocrx_word' id='word_1_252' title='bbox 422 2044 458 2086; x_wconf 88' lang='lat' dir='ltr'>sat</span> <span class='ocrx_word' id='word_1_253' title='bbox 470 2046 523 2085; x_wconf 82' lang='lat' dir='ltr'>raro</span> <span class='ocrx_word' id='word_1_254' title='bbox 538 2043 693 2085; x_wconf 81' lang='lat' dir='ltr'>occurrentes.</span> <span class='ocrx_word' id='word_1_255' title='bbox 708 2043 824 2085; x_wconf 89' lang='lat' dir='ltr'>Nonnulli</span> <span class='ocrx_word' id='word_1_256' title='bbox 837 2057 932 2096; x_wconf 78' lang='lat' dir='ltr'>quoque</span> <span class='ocrx_word' id='word_1_257' title='bbox 944 2045 1004 2085; x_wconf 91' lang='lat' dir='ltr'>illud</span> 
     </span>
     <span class='ocr_line' id='line_1_29' title="bbox 160 2106 1005 2158; baseline 0.006 -15"><span class='ocrx_word' id='word_1_258' title='bbox 160 2107 264 2155; x_wconf 83' lang='lat' dir='ltr'>«iacere,</span> <span class='ocrx_word' id='word_1_259' title='bbox 283 2108 347 2158; x_wconf 88' lang='lat' dir='ltr'>quod</span> <span class='ocrx_word' id='word_1_260' title='bbox 365 2106 392 2146; x_wconf 92' lang='lat' dir='ltr'>in</span> <span class='ocrx_word' id='word_1_261' title='bbox 409 2118 433 2148; x_wconf 88' lang='lat' dir='ltr'>se</span> <span class='ocrx_word' id='word_1_262' title='bbox 450 2106 503 2148; x_wconf 71' lang='lat' dir='ltr'>est»</span> <span class='ocrx_word' id='word_1_263' title='bbox 523 2106 557 2148; x_wconf 88' lang='lat' dir='ltr'>ita</span> <span class='ocrx_word' id='word_1_264' title='bbox 575 2107 760 2157; x_wconf 82' lang='lat' dir='ltr'>explicaverunt,</span> <span class='ocrx_word' id='word_1_265' title='bbox 781 2108 808 2148; x_wconf 91' lang='lat' dir='ltr'>ut</span> <span class='ocrx_word' id='word_1_266' title='bbox 822 2107 925 2158; x_wconf 89' lang='lat' dir='ltr'>practice</span> <span class='ocrx_word' id='word_1_267' title='bbox 944 2108 1005 2149; x_wconf 86' lang='lat' dir='ltr'>inter</span> 
     </span>
     <span class='ocr_line' id='line_1_30' title="bbox 159 2162 1005 2221; baseline 0.001 -12"><span class='ocrx_word' id='word_1_268' title='bbox 159 2169 271 2210; x_wconf 84' lang='lat' dir='ltr'>infideles</span> <span class='ocrx_word' id='word_1_269' title='bbox 284 2169 326 2209; x_wconf 85' lang='lat' dir='ltr'>vix</span> <span class='ocrx_word' id='word_1_270' title='bbox 340 2170 474 2210; x_wconf 86' lang='lat' dir='ltr'>occurreret</span> <span class='ocrx_word' id='word_1_271' title='bbox 491 2170 530 2219; x_wconf 81' lang='lat' dir='ltr'>(ci.</span> <span class='ocrx_word' id='word_1_272' title='bbox 547 2181 570 2209; x_wconf 89' lang='lat' dir='ltr'>n.</span> <span class='ocrx_word' id='word_1_273' title='bbox 585 2171 674 2221; x_wconf 78' lang='lat' dir='ltr'>238ss).</span> <span class='ocrx_word' id='word_1_274' title='bbox 690 2195 723 2201; x_wconf 85' lang='lat'>—</span> <span class='ocrx_word' id='word_1_275' title='bbox 737 2171 853 2211; x_wconf 87' lang='lat' dir='ltr'>Plurimis</span> <span class='ocrx_word' id='word_1_276' title='bbox 868 2162 1005 2219; x_wconf 85' lang='lat' dir='ltr'>nationibus</span> 
     </span>
     <span class='ocr_line' id='line_1_31' title="bbox 159 2227 1003 2281; baseline 0.002 -9"><span class='ocrx_word' id='word_1_277' title='bbox 159 2227 174 2272; x_wconf 83' lang='lat' dir='ltr'>a</span> <span class='ocrx_word' id='word_1_278' title='bbox 188 2231 332 2272; x_wconf 84' lang='lat' dir='ltr'>revelatione</span> <span class='ocrx_word' id='word_1_279' title='bbox 347 2231 477 2272; x_wconf 88' lang='lat' dir='ltr'>christiana</span> <span class='ocrx_word' id='word_1_280' title='bbox 492 2230 657 2271; x_wconf 88' lang='lat' dir='ltr'>remotissimis</span> <span class='ocrx_word' id='word_1_281' title='bbox 673 2232 699 2272; x_wconf 89' lang='lat' dir='ltr'>in</span> <span class='ocrx_word' id='word_1_282' title='bbox 713 2242 775 2272; x_wconf 88' lang='lat' dir='ltr'>novo</span> <span class='ocrx_word' id='word_1_283' title='bbox 791 2232 882 2273; x_wconf 90' lang='lat' dir='ltr'>mundo</span> <span class='ocrx_word' id='word_1_284' title='bbox 899 2232 1003 2281; x_wconf 86' lang='lat' dir='ltr'>detectis,</span> 
     </span>
     <span class='ocr_line' id='line_1_32' title="bbox 159 2292 1004 2346; baseline 0.002 -12"><span class='ocrx_word' id='word_1_285' title='bbox 159 2293 196 2334; x_wconf 88' lang='lat' dir='ltr'>sat</span> <span class='ocrx_word' id='word_1_286' title='bbox 214 2293 283 2334; x_wconf 86' lang='lat' dir='ltr'>multi</span> <span class='ocrx_word' id='word_1_287' title='bbox 303 2292 468 2342; x_wconf 69' lang='grc' dir='ltr'>1111111111ῐῆ1,</span> <span class='ocrx_word' id='word_1_288' title='bbox 489 2293 568 2334; x_wconf 85' lang='lat' dir='ltr'>studio</span> <span class='ocrx_word' id='word_1_289' title='bbox 586 2294 655 2345; x_wconf 86' lang='lat' dir='ltr'>etque</span> <span class='ocrx_word' id='word_1_290' title='bbox 674 2305 755 2335; x_wconf 87' lang='lat' dir='ltr'>amore</span> <span class='ocrx_word' id='word_1_291' title='bbox 774 2294 884 2336; x_wconf 79' lang='lat' dir='ltr'>classicae</span> <span class='ocrx_word' id='word_1_292' title='bbox 903 2295 1004 2346; x_wconf 82' lang='lat' dir='ltr'>antiqui-</span> 
     </span>
     <span class='ocr_line' id='line_1_33' title="bbox 158 2356 1005 2410; baseline 0.004 -13"><span class='ocrx_word' id='word_1_293' title='bbox 158 2356 215 2398; x_wconf 89' lang='lat' dir='ltr'>tatis</span> <span class='ocrx_word' id='word_1_294' title='bbox 229 2356 366 2408; x_wconf 80' lang='lat' dir='ltr'>flagrantes,</span> <span class='ocrx_word' id='word_1_295' title='bbox 379 2356 471 2407; x_wconf 72' lang='lat' dir='ltr'>vquibus</span> <span class='ocrx_word' id='word_1_296' title='bbox 485 2356 534 2397; x_wconf 89' lang='lat' dir='ltr'>iam</span> <span class='ocrx_word' id='word_1_297' title='bbox 549 2357 638 2398; x_wconf 89' lang='lat' dir='ltr'>Dante</span> <span class='ocrx_word' id='word_1_298' title='bbox 654 2358 724 2399; x_wconf 89' lang='lat' dir='ltr'>modo</span> <span class='ocrx_word' id='word_1_299' title='bbox 739 2357 819 2408; x_wconf 88' lang='lat' dir='ltr'>potius</span> <span class='ocrx_word' id='word_1_300' title='bbox 832 2358 923 2407; x_wconf 88' lang='lat' dir='ltr'>poetico</span> <span class='ocrx_word' id='word_1_301' title='bbox 939 2370 1005 2410; x_wconf 89' lang='lat' dir='ltr'>prae-</span> 
     </span>
     <span class='ocr_line' id='line_1_34' title="bbox 158 2419 1006 2471; baseline 0.002 -11"><span class='ocrx_word' id='word_1_302' title='bbox 158 2419 225 2469; x_wconf 87' lang='lat' dir='ltr'>ierat,</span> <span class='ocrx_word' id='word_1_303' title='bbox 238 2419 332 2460; x_wconf 85' lang='lat' dir='ltr'>locum</span> <span class='ocrx_word' id='word_1_304' title='bbox 343 2419 406 2461; x_wconf 86' lang='lat' dir='ltr'>inter</span> <span class='ocrx_word' id='word_1_305' title='bbox 415 2420 509 2460; x_wconf 88' lang='lat' dir='ltr'>caelum·</span> <span class='ocrx_word' id='word_1_306' title='bbox 519 2420 543 2461; x_wconf 90' lang='grc'>11</span> <span class='ocrx_word' id='word_1_307' title='bbox 553 2421 686 2471; x_wconf 85' lang='lat' dir='ltr'>gehennam</span> <span class='ocrx_word' id='word_1_308' title='bbox 698 2419 822 2462; x_wconf 87' lang='lat' dir='ltr'>medium</span> <span class='ocrx_word' id='word_1_309' title='bbox 834 2422 907 2463; x_wconf 88' lang='lat' dir='ltr'>etiam</span> <span class='ocrx_word' id='word_1_310' title='bbox 916 2421 1006 2463; x_wconf 89' lang='lat' dir='ltr'>adultis</span> 
     </span>
     <span class='ocr_line' id='line_1_35' title="bbox 158 2482 1003 2534; baseline 0.004 -11"><span class='ocrx_word' id='word_1_311' title='bbox 158 2482 301 2524; x_wconf 84' lang='lat' dir='ltr'>infidelibus</span> <span class='ocrx_word' id='word_1_312' title='bbox 313 2482 426 2534; x_wconf 86' lang='lat' dir='ltr'>paratum</span> <span class='ocrx_word' id='word_1_313' title='bbox 440 2482 580 2523; x_wconf 84' lang='lat' dir='ltr'>statuerunt.</span> <span class='ocrx_word' id='word_1_314' title='bbox 598 2483 637 2525; x_wconf 86' lang='lat' dir='ltr'>Sic</span> <span class='ocrx_word' id='word_1_315' title='bbox 650 2497 673 2525; x_wconf 86' lang='lat' dir='ltr'>v.</span> <span class='ocrx_word' id='word_1_316' title='bbox 690 2496 713 2534; x_wconf 76' lang='lat' dir='ltr'>g.</span> <span class='ocrx_word' id='word_1_317' title='bbox 729 2484 908 2525; x_wconf 81' lang='lat' dir='ltr'>Trithemius</span> <span class='ocrx_word' id='word_1_318' title='bbox 922 2485 1003 2533; x_wconf 88' lang='lat' dir='ltr'>abbas,</span> 
     </span>
     <span class='ocr_line' id='line_1_36' title="bbox 157 2544 1005 2603; baseline 0.004 -18"><span class='ocrx_word' id='word_1_319' title='bbox 157 2544 326 2586; x_wconf 85' lang='lat' dir='ltr'>Maximiliano</span> <span class='ocrx_word' id='word_1_320' title='bbox 345 2546 355 2585; x_wconf 96' lang='grc'>1</span> <span class='ocrx_word' id='word_1_321' title='bbox 372 2545 510 2596; x_wconf 82' lang='lat' dir='ltr'>imperatori</span> <span class='ocrx_word' id='word_1_322' title='bbox 529 2546 681 2595; x_wconf 66' lang='lat' dir='ltr'>respondens</span> <span class='ocrx_word' id='word_1_323' title='bbox 699 2548 723 2588; x_wconf 88' lang='lat' dir='ltr'>et</span> <span class='ocrx_word' id='word_1_324' title='bbox 740 2547 855 2589; x_wconf 86' lang='lat' dir='ltr'>Claudius</span> <span class='ocrx_word' id='word_1_325' title='bbox 873 2548 905 2589; x_wconf 89' lang='lat' dir='ltr'>de</span> <span class='ocrx_word' id='word_1_326' title='bbox 925 2548 1005 2603; x_wconf 81' lang='lat' dir='ltr'>Seys-</span> 
     </span>
     <span class='ocr_line' id='line_1_37' title="bbox 156 2607 1004 2669; baseline 0.004 -21"><span class='ocrx_word' id='word_1_327' title='bbox 156 2607 210 2662; x_wconf 83' lang='lat' dir='ltr'>sel,</span> <span class='ocrx_word' id='word_1_328' title='bbox 227 2607 420 2658; x_wconf 85' lang='lat' dir='ltr'>archiepiscopus</span> <span class='ocrx_word' id='word_1_329' title='bbox 435 2607 580 2649; x_wconf 85' lang='lat' dir='ltr'>taurinensis</span> <span class='ocrx_word' id='word_1_330' title='bbox 597 2610 640 2660; x_wconf 86' lang='lat' dir='ltr'>(De</span> <span class='ocrx_word' id='word_1_331' title='bbox 655 2609 737 2650; x_wconf 79' lang='lat' dir='ltr'>divino</span> <span class='ocrx_word' id='word_1_332' title='bbox 751 2611 903 2661; x_wconf 78' lang='lat' dir='ltr'>providentia</span> <span class='ocrx_word' id='word_1_333' title='bbox 919 2611 1004 2669; x_wconf 75' lang='lat' dir='ltr'>[Paris.</span> 
     </span>
     <span class='ocr_line' id='line_1_38' title="bbox 159 2670 1005 2731; baseline 0.002 -20"><span class='ocrx_word' id='word_1_334' title='bbox 159 2670 242 2728; x_wconf 73' lang='grc'>1520)).</span> <span class='ocrx_word' id='word_1_335' title='bbox 255 2695 287 2701; x_wconf 87' lang='grc'><strong>-</strong></span> <span class='ocrx_word' id='word_1_336' title='bbox 300 2671 434 2712; x_wconf 84' lang='lat' dir='ltr'>Erasmus</span> <span class='ocrx_word' id='word_1_337' title='bbox 444 2670 629 2731; x_wconf 20' lang='lat' dir='ltr'>&#39;Roterodam</span> <span class='ocrx_word' id='word_1_338' title='bbox 645 2671 773 2722; x_wconf 83' lang='lat' dir='ltr'>Socratem,</span> <span class='ocrx_word' id='word_1_339' title='bbox 790 2673 935 2723; x_wconf 84' lang='lat' dir='ltr'>Ciceronem,</span> <span class='ocrx_word' id='word_1_340' title='bbox 951 2674 1005 2715; x_wconf 86' lang='lat' dir='ltr'>Plu-</span> 
     </span>
     <span class='ocr_line' id='line_1_39' title="bbox 158 2732 1006 2785; baseline 0.004 -10"><span class='ocrx_word' id='word_1_341' title='bbox 158 2733 269 2775; x_wconf 85' lang='lat' dir='ltr'>tarchum</span> <span class='ocrx_word' id='word_1_342' title='bbox 288 2732 331 2773; x_wconf 84' lang='lat' dir='ltr'>etc.</span> <span class='ocrx_word' id='word_1_343' title='bbox 352 2734 445 2775; x_wconf 84' lang='lat' dir='ltr'>sanctos</span> <span class='ocrx_word' id='word_1_344' title='bbox 464 2734 594 2775; x_wconf 86' lang='lat' dir='ltr'>declaravit</span> <span class='ocrx_word' id='word_1_345' title='bbox 613 2735 735 2785; x_wconf 87' lang='lat' dir='ltr'>caelestes:</span> <span class='ocrx_word' id='word_1_346' title='bbox 758 2737 865 2778; x_wconf 87' lang='lat' dir='ltr'>«Parum</span> <span class='ocrx_word' id='word_1_347' title='bbox 885 2737 958 2783; x_wconf 82' lang='lat' dir='ltr'>abest,</span> <span class='ocrx_word' id='word_1_348' title='bbox 978 2737 1006 2778; x_wconf 90' lang='lat' dir='ltr'>ut</span> 
     </span>
    </p>
   </div>
   <div class='ocr_carea' id='block_1_9' title="bbox 159 2820 1006 2933">
    <p class='ocr_par' dir='ltr' id='par_1_9' title="bbox 159 2820 1006 2933">
     <span class='ocr_line' id='line_1_40' title="bbox 221 2820 1006 2886; baseline 0.001 -10"><span class='ocrx_word' id='word_1_349' title='bbox 221 2841 229 2862; x_wconf 74' lang='lat'>²</span> <span class='ocrx_word' id='word_1_350' title='bbox 247 2841 276 2877; x_wconf 83' lang='lat' dir='ltr'>Ct.</span> <span class='ocrx_word' id='word_1_351' title='bbox 298 2841 324 2877; x_wconf 89' lang='grc' dir='ltr'>Κ.</span> <span class='ocrx_word' id='word_1_352' title='bbox 345 2841 408 2884; x_wconf 75' lang='lat' dir='ltr'>Kato,</span> <span class='ocrx_word' id='word_1_353' title='bbox 428 2820 579 2879; x_wconf 87' lang='lat' dir='ltr'>Menschliche</span> <span class='ocrx_word' id='word_1_354' title='bbox 595 2841 693 2877; x_wconf 88' lang='lat' dir='ltr'>Freiheit</span> <span class='ocrx_word' id='word_1_355' title='bbox 711 2842 759 2877; x_wconf 88' lang='lat' dir='ltr'>und</span> <span class='ocrx_word' id='word_1_356' title='bbox 777 2841 894 2886; x_wconf 77' lang='lat' dir='ltr'>gottuches</span> <span class='ocrx_word' id='word_1_357' title='bbox 914 2841 1006 2877; x_wconf 85' lang='lat' dir='ltr'>Verber-</span> 
     </span>
     <span class='ocr_line' id='line_1_41' title="bbox 159 2885 493 2933; baseline 0.003 -12"><span class='ocrx_word' id='word_1_358' title='bbox 159 2885 241 2921; x_wconf 87' lang='lat' dir='ltr'>wissen</span> <span class='ocrx_word' id='word_1_359' title='bbox 254 2886 314 2922; x_wconf 85' lang='lat' dir='ltr'>nach</span> <span class='ocrx_word' id='word_1_360' title='bbox 328 2886 382 2931; x_wconf 85' lang='lat' dir='ltr'>Aug.</span> <span class='ocrx_word' id='word_1_361' title='bbox 397 2896 417 2933; x_wconf 90' lang='lat' dir='ltr'>p.</span> <span class='ocrx_word' id='word_1_362' title='bbox 433 2886 457 2923; x_wconf 88' lang='lat'>85</span> <span class='ocrx_word' id='word_1_363' title='bbox 464 2895 493 2923; x_wconf 90' lang='lat' dir='ltr'>ss.</span> 
     </span>
    </p>
   </div>
   <div class='ocr_carea' id='block_1_10' title="bbox 161 2946 1006 3045">
    <p class='ocr_par' dir='ltr' id='par_1_10' title="bbox 161 2946 1006 3045">
     <span class='ocr_line' id='line_1_42' title="bbox 221 2946 1006 2999; baseline -0.001 -9"><span class='ocrx_word' id='word_1_364' title='bbox 221 2955 229 2975; x_wconf 85' lang='lat'><strong>²</strong></span> <span class='ocrx_word' id='word_1_365' title='bbox 240 2956 271 2990; x_wconf 88' lang='lat' dir='ltr'>De</span> <span class='ocrx_word' id='word_1_366' title='bbox 282 2956 325 2990; x_wconf 84' lang='lat' dir='ltr'>bac</span> <span class='ocrx_word' id='word_1_367' title='bbox 336 2964 360 2990; x_wconf 90' lang='lat' dir='ltr'>re</span> <span class='ocrx_word' id='word_1_368' title='bbox 372 2956 398 2991; x_wconf 83' lang='lat' dir='ltr'>ct.</span> <span class='ocrx_word' id='word_1_369' title='bbox 412 2956 480 2991; x_wconf 87' lang='lat' dir='ltr'>etiam</span> <span class='ocrx_word' id='word_1_370' title='bbox 489 2956 526 2991; x_wconf 83' lang='lat' dir='ltr'>Fr.</span> <span class='ocrx_word' id='word_1_371' title='bbox 536 2956 559 2991; x_wconf 92' lang='lat' dir='ltr'>X.</span> <span class='ocrx_word' id='word_1_372' title='bbox 569 2955 652 2992; x_wconf 76' lang='grc'>11111111</span> <span class='ocrx_word' id='word_1_373' title='bbox 661 2957 683 2993; x_wconf 63' lang='lat' dir='ltr'>S.</span> <span class='ocrx_word' id='word_1_374' title='bbox 692 2946 719 2999; x_wconf 79' lang='lat' dir='ltr'>J.,</span> <span class='ocrx_word' id='word_1_375' title='bbox 732 2956 801 2992; x_wconf 88' lang='lat' dir='ltr'>Baius</span> <span class='ocrx_word' id='word_1_376' title='bbox 814 2957 835 2992; x_wconf 87' lang='lat' dir='ltr'>et</span> <span class='ocrx_word' id='word_1_377' title='bbox 846 2957 866 2992; x_wconf 90' lang='lat' dir='ltr'>le</span> <span class='ocrx_word' id='word_1_378' title='bbox 878 2956 1006 2992; x_wconf 86' lang='lat' dir='ltr'>Baianisme</span> 
     </span>
     <span class='ocr_line' id='line_1_43' title="bbox 161 2999 722 3045; baseline 0.004 -10"><span class='ocrx_word' id='word_1_379' title='bbox 161 3000 270 3045; x_wconf 84' lang='lat' dir='ltr'>(Louvain</span> <span class='ocrx_word' id='word_1_380' title='bbox 287 2999 341 3045; x_wconf 82' lang='grc'>1927)</span> <span class='ocrx_word' id='word_1_381' title='bbox 361 2999 396 3036; x_wconf 85' lang='grc'>107</span> <span class='ocrx_word' id='word_1_382' title='bbox 402 3010 418 3037; x_wconf 93' lang='lat' dir='ltr'>s.</span> <span class='ocrx_word' id='word_1_383' title='bbox 720 3015 722 3017; x_wconf 59' lang='grc'>’</span> 
     </span>
    </p>
   </div>
   <div class='ocr_carea' id='block_1_11' title="bbox 0 0 1110 3350">
    <p class='ocr_par' dir='ltr' id='par_1_11' title="bbox 0 0 1110 3350">
     <span class='ocr_line' id='line_1_44' title="bbox 0 0 1110 3350; baseline 0 0"><span class='ocrx_word' id='word_1_384' title='bbox 0 0 1110 3350; x_wconf 95' lang='lat' dir='ltr'> </span> 
     </span>
    </p>
   </div>
  </div>
 </body>
</html>
