2214 3350
181 142 217 179 208
317 142 370 179 Sect.
386 143 414 180 ΙΙ.
429 143 474 178 Art.
491 144 518 179 ΙΙ,
534 144 565 178 De
578 140 790 187 supernaturalitate
805 140 892 185 gratiae

181 251 245 301 quod
268 250 360 291 bonum
384 249 488 292 salutare
510 249 671 300 cogitandum,
696 249 835 300 eligendum
859 248 902 290 etc.
927 246 1028 290 naturae

181 314 246 353 deest
262 314 336 364 viper,
353 313 529 355 illuminatione
545 312 568 353 01
583 310 739 363 inspiratione
755 311 859 361 Spiritus
877 310 956 351 Sancti
973 321 1027 352 con-

161 393 163 395 ·
180 377 294 417 ferendus
310 377 403 428 (Aram.
418 387 468 418 can.
483 377 497 416 7
511 375 554 434 [Dz
568 375 637 434 180]);
652 375 760 416 Christus
773 375 799 415 in
813 373 954 415 iustificatos
967 375 1027 415 1010-

181 451 256 490 quam
271 440 343 491 caput
359 440 385 480 in
402 439 511 480 membra
526 438 550 479 et
565 437 622 479 vitis
638 436 663 478 10
681 437 791 489 palmites
810 436 897 488 iugiter
913 437 1028 477 virtutem

180 502 270 551 1011011,
293 514 353 554 quae
373 502 449 542 virtus
470 501 534 541 bona
554 512 636 542 eorum
658 511 730 552 opera
750 502 844 551 semper
865 499 983 540 antecedit
1003 500 1028 540 et
1079 523 1081 526 .

180 566 308 607 comitatur
322 565 344 606 et
359 563 512 615 subsequitur
527 564 550 605 01
565 564 615 604 5100
631 575 678 615 qua
693 563 759 604 nullo
774 563 843 614 pacto
857 562 906 604 Deo
922 562 991 614 grata
1003 564 1027 604 et
1068 579 1069 582 ¹

181 627 302 669 meritoria
314 638 362 669 esse
373 626 469 677 possent
482 626 659 678 (Tridentinum
670 638 689 668 s.
701 630 715 667 6
725 638 776 677 cap.
789 629 816 667 1e
828 626 871 684 [Dz
882 626 950 685 809]),
964 626 1027 677 Ergo

180 691 256 742 gratia
267 691 292 731 10
303 690 369 730 actus
381 689 496 731 salutares
507 701 562 730 eum
574 689 666 731 exercet
675 689 799 740 initurum
812 688 964 740 efficientem,
978 700 1026 739 quo

180 754 206 794 lri
216 754 283 794 actus
291 753 350 794 10105
359 752 500 801 redduntur,
511 751 595 803 quales
602 764 633 793 ex
642 752 742 794 naturae
751 751 845 793 viribus
853 763 905 793 esse
914 762 963 792 non
973 763 1026 803 pos

150 852 152 854 ,
181 817 239 857 sent.
257 814 333 857 Obvio
347 816 478 856 verborum
494 815 573 856 sensui
590 815 708 856 minime
724 814 907 856 satisfaceret
922 813 1026 871 explica

180 879 224 920 tio:
243 879 306 919 Deus
321 878 387 919 actus
400 889 430 918 ex
444 877 522 928 gratia
536 873 610 919 factos
624 877 721 929 propter
735 878 796 919 hano
811 876 928 929 originem
944 889 1026 929 super-

179 941 312 982 naturalem
322 941 359 982 vel
369 940 467 992 propter
475 940 581 992 aliquam
592 940 732 992 dignitatem
743 951 856 992 personae
868 940 959 991 agentis
969 941 1026 983 inde

179 1003 357 1055 provenientem
373 1004 441 1043 aliter
458 1010 563 1054 acceptat
579 1015 652 1054 quarn
668 1004 735 1045 actus
750 1014 825 1053 aeque
841 1003 964 1054 periectos,
984 1004 1025 1045 sed

178 1079 193 1107 a
207 1067 257 1108 5010
270 1067 368 1107 homine
382 1066 524 1107 naturaliter
536 1066 634 1108 elicitos.
651 1066 735 1108 Potius
748 1065 862 1107 dicuntur
876 1067 902 1107 hi
917 1067 984 1107 actus
998 1067 1026 1106 in

178 1131 285 1172 tontibus
300 1143 342 1182 per
355 1131 462 1182 vigorem
478 1131 604 1183 physicum
620 1131 718 1172 naturae
734 1129 827 1173 viribus
842 1130 1025 1183 superadditum

178 1196 278 1237 eradere
294 1196 393 1247 physice
409 1196 569 1246 perfectiores,
590 1207 663 1247 quam
682 1197 733 1237 sine
750 1194 795 1237 tali
812 1195 903 1237 auxilio
920 1195 1024 1248 gratuito

178 1260 232 1301 fieri
248 1260 349 1312 possent.
365 1285 398 1289 —
413 1261 522 1302 Ceterum
538 1260 595 1303 50115
610 1260 799 1301 arbitrarium
814 1262 837 1302 et
852 1260 1025 1302 irrationale

177 1325 245 1373 05501,
258 1325 277 1374 51
289 1326 353 1366 Deus
364 1326 470 1377 aliquem
482 1326 562 1366 actum
574 1326 604 1366 ad
616 1325 752 1377 praemium
764 1324 945 1377 supernaturale
957 1333 1024 1377 prae

177 1389 225 1430 eise
240 1401 270 1430 ex
286 1390 332 1431 hac
348 1389 438 1431 ratione
456 1390 594 1441 acceptaret,
614 1391 678 1441 quod
694 1391 773 1440 horno,
792 1390 903 1441 quamvis
919 1391 1024 1432 eundem

139 1502 141 1505 y
177 1466 276 1505 prorsus
291 1454 370 1495 actum
386 1455 451 1495 501115
464 1454 554 1495 efficere
570 1454 655 1506 posset,
670 1467 728 1496 eum
743 1459 826 1506 reapse
841 1467 856 1495 0
871 1455 920 1496 Deo
935 1455 1023 1507 spacia

176 1518 232 1559 liter
245 1519 340 1560 adiutus
354 1518 453 1560 iecisset.
468 1545 500 1550 —-
512 1520 539 1560 M
541 1530 580 1560 em
593 1519 741 1571 diqnisicetio
755 1520 853 1560 moretis
867 1531 967 1571 operum
980 1531 1024 1571 per

176 1580 278 1633 gratiam
297 1582 385 1622 Christi
402 1582 450 1622 sire
464 1593 511 1633 per
527 1582 674 1633 baptismum
693 1582 859 1634 SAugustino
875 1583 899 1624 et
916 1581 1023 1625 conciliis

177 1644 282 1695 antiquis
300 1656 348 1685 000
366 1645 424 1685 50115
441 1645 499 1693 erat;
517 1656 571 1685 eam
589 1645 739 1696 Pelagiani
758 1646 964 1694 concedebant3
990 1646 1021 1687 cf.

176 1709 268 1759 Pelagii
285 1710 352 1759 epist.
372 1710 402 1749 ed
419 1709 596 1750 Demetriadem
613 1720 664 1760 cap.
684 1712 710 1750 19
731 1710 784 1760 (er
802 1712 836 1758 33,
857 1709 947 1761 1111s);
968 1709 1022 1750 Goe-

176 1772 259 1811 testim
276 1771 336 1823 (eius
351 1771 485 1812 doctrinam
499 1783 529 1825 ex
544 1772 618 1812 variis
633 1771 775 1813 testimoniis
791 1772 815 1813 S.
832 1771 961 1822 Augustini
976 1772 1022 1813 ool-

176 1834 262 1875 lectam
275 1847 298 1874 v.
314 1835 331 1874 P
345 1837 371 1874 81
386 1834 458 1885 1011),
473 1835 583 1875 Julianus
597 1834 693 1875 Aeeten.
711 1833 828 1886 (Aequa,
845 1835 910 1885 Opus
923 1835 1020 1887 imperf.
1091 1868 1092 1871 ,

175 1900 196 1945 3,
213 1900 253 1938 106
261 1897 289 1948 5).
304 1923 336 1927 —-
349 1897 428 1938 Etiam
443 1897 467 1937 S.
485 1897 645 1948 Scriptura,
662 1897 759 1948 quando
773 1897 841 1938 docet
855 1907 899 1937 nos
914 1897 976 1938 50105
990 1897 1022 1938 ad

176 1958 342 2010 cogitationem
359 1958 488 2000 salutarem
505 1971 553 2000 000
570 1971 620 2000 0550
637 1960 735 2000 idoneos
754 1960 775 2009 (2
795 1959 839 1999 Cor
855 1962 876 2008 3,
894 1959 925 2010 5),
943 1959 1022 2001 Deum

176 2022 202 2061 in
213 2021 284 2061 nohis
294 2021 388 2072 operari
399 2021 459 2061 velle
470 2022 495 2062 et
505 2022 598 2072 operari
613 2022 676 2073 (Phil
688 2025 709 2070 2,
724 2020 767 2073 13),
781 2033 825 2063 nos
836 2022 908 2064 relate
920 2023 951 2064 ad
963 2023 1021 2064 haec

176 2096 247 2135 opera
262 2095 312 2124 esse
328 2086 396 2134 quasi
411 2084 517 2125 mortuos
535 2084 595 2137 (Eph
610 2088 631 2134 2,
648 2087 727 2133 1-1o;
742 2086 773 2126 ci.
790 2096 814 2125 n.
830 2085 933 2136 41-43),
951 2087 1021 2126 insi-

175 2147 244 2187 nuat
258 2146 347 2187 auxilio
364 2146 445 2187 divino
460 2147 527 2188 actus
543 2147 596 2187 fieri
612 2146 754 2188 intrinsecus
770 2148 929 2198 perfectiores,
947 2159 1021 2199 quam

175 2210 224 2250 sola
241 2210 326 2251 natura
342 2221 382 2250 005
398 2209 486 2251 efficere
503 2210 587 2251 valeat.
604 2236 635 2242 —-
652 2211 687 2251 Gi.
706 2211 777 2252 etiam
795 2211 890 2252 scheme
908 2212 1020 2252 Vaticano

174 2273 330 2323 propositum,
348 2274 382 2313 De
398 2273 470 2314 doctr,
488 2273 549 2314 ceth.
566 2285 617 2324 cap.
635 2276 660 2314 18
676 2274 699 2315 01
714 2274 809 2314 schema
824 2274 921 2324 reform.
939 2285 990 2326 cap.
1008 2278 1020 2315 5

175 2347 198 2374 n.
215 2338 229 2375 4
245 2336 291 2387 (cn
306 2338 326 2385 r,
342 2339 383 2376 518
398 2338 438 2376 503
446 2337 474 2387 s).

175 2463 230 2504 298.
265 2466 286 2503 2.
301 2463 360 2503 Item
373 2461 509 2503 excluditur
521 2473 602 2502 merua
613 2462 714 2502 modus
727 2460 927 2511 accidentalis,
943 2462 1020 2503 actui

174 2527 292 2568 1010010
305 2538 365 2568 esse
378 2526 521 2567 internus.
537 2527 571 2574 ld,
586 2527 650 2578 quod
663 2526 741 2578 gratia
753 2526 816 2566 actui
830 2525 928 2567 salutari
943 2526 1018 2575 addit,

174 2591 242 2632 iuxta
255 2592 332 2633 100105
346 2591 382 2632 051
396 2591 495 2642 aliquid,
513 2590 577 2641 quod
590 2590 658 2631 nulio
674 2592 698 2631 ci
712 2591 818 2631 naturali
833 2596 856 2630 et
869 2591 936 2631 nerito
953 2591 1019 2632 udici-

173 2661 253 2695 mento
266 2667 330 2695 mere
344 2655 474 2696 extrinseco
488 2655 590 2695 obtineri
604 2655 688 2706 potest.
702 2656 763 2696 Nam
777 2655 804 2695 ut
817 2654 883 2695 actus
898 2656 1017 2703 credendi,

174 2720 292 2772 diligendi
310 2721 353 2761 etc.
376 2720 430 2768 sint,
453 2720 514 2760 sicut
533 2719 625 2770 oportet
643 2720 675 2760 ad
696 2719 798 2760 salutem
818 2720 1017 2770 consequendam,

174 2785 280 2825 absolute
295 2785 426 2825 necessaria
440 2784 575 2825 declaratur
589 2783 684 2826 interna
697 2784 843 2825 illuminatio
857 2784 881 2826 et
894 2784 1018 2836 inspiratio

174 2850 197 2890 S.
208 2849 311 2900 Spiritus
325 2849 507 2900 (Arnccsicunnm
519 2859 570 2888 can.
579 2851 615 2897 65;
629 2848 798 2889 tridentinum
810 2852 850 2889 56
862 2860 913 2889 000.
921 2852 943 2897 3;
957 2849 1019 2890 Vati

175 2925 261 2953 carrum
272 2925 290 2953 5.
303 2915 316 2952 3
328 2924 378 2963 cap.
391 2917 412 2960 33
425 2914 455 2953 ci.
469 2913 502 2954 th.
517 2916 528 2953 1
541 2914 563 2954 01
573 2914 604 2964 2).
618 2914 679 2954 Tam
689 2913 798 2954 absoluta
810 2913 936 2955 necessitas
948 2915 1018 2954 inier-
