2214 3350
158 152 195 194 566
405 182 407 184 »
428 163 429 166 ’
456 146 706 189 secr.<v11.nemerrt0

104 280 105 283 =
157 261 181 302 et
193 261 231 309 iis,
245 261 287 311 qui
301 260 406 311 diligunt
418 260 549 302 adrentum
562 260 621 301 eius.
630 261 671 303 »Ὅ
679 268 719 316 mg
730 260 878 315 δικαιοσύνης
888 257 1006 314 στέφανος

158 324 290 375 secundum
302 323 478 364 Knatenbauer
490 324 526 365 est
537 333 629 371 corone,
642 334 691 374 que
701 321 828 362 coronatur
838 320 929 362 iustitie
942 321 1004 372 (uni-

158 385 264 434 uersalis,
280 387 296 426 i.
312 398 332 426 e.
349 386 425 427 status
438 388 489 427 Deo
501 387 604 437 placens,
620 381 732 426 cumulus
744 384 854 425 omnium
866 383 1002 435 virtutum),

158 460 207 489 non
223 449 345 500 significet
359 461 472 491 coronam
489 461 519 490 ex
534 447 623 489 iustitie
639 447 752 488 debitum.
771 448 861 488 Temen
876 447 922 489 hoo
937 447 1004 489 textu

108 532 110 534 ·
157 523 245 556 corone
260 513 375 554 asseritur
389 524 418 553 ex
434 512 526 553 iustitie
541 510 637 552 debite
649 521 692 560 per
706 511 790 552 verbe:
818 511 937 552 ἀποδώσει
952 542 958 552 .
975 542 980 552 .
995 542 1003 552 ,.

158 576 274 631 ὁὸίνιαιος
287 579 375 634 κριτής.
392 602 424 608 -
439 577 478 617 Iac
494 578 513 623 1,
532 577 569 615 12:
590 591 601 611 <t
608 574 696 615 Beatus
709 575 754 623 vir,
770 575 812 626 qui
829 575 916 616 suiiert
930 574 1003 616 tenta-

158 639 257 688 nonem,
273 640 386 691 quonism
401 650 456 678 cum
468 638 583 689 probatus
596 637 676 685 fuerit,
693 637 791 688 accipiet
805 649 917 678 coronam
931 636 1001 685 vitae,

128 706 130 708 ’
159 714 232 753 quem
249 702 385 753 repromisit
399 702 464 742 Deus
479 699 635 751 diligentibus
650 711 702 741 se.»
718 726 750 731 -
765 701 815 751 Ape
830 703 851 749 2,
870 702 908 741 1οε
930 700 1003 743 «Esto

159 765 240 806 tidelis
252 776 327 816 usque
339 765 369 805 ed
380 763 490 812 mortem,
502 763 526 804 et
535 763 596 804 dabo
607 763 651 804 tibi
663 775 776 804 coronam
785 763 877 812 mtrem
889 764 920 804 of.
933 766 954 813 3,
967 765 1001 804 11.

190 886 191 889 =
217 860 237 911 c)
251 859 802 914 Retributio(drrauddoerg),remuneratio
811 859 1004 914 (ιιισΰαπσὸσσία).

159 924 201 964 Col
218 927 238 973 3,
257 926 314 964 23s:
338 940 348 959 a
356 923 528 973 Quodcumque
544 921 629 971 fecitis,
649 934 678 963 ex
693 922 779 962 animo
791 922 924 971 operamini
943 921 1004 962 sicut

157 987 261 1027 Domino
274 985 298 1027 et
311 997 358 1026 non
373 985 521 1035 hominibus,
535 984 640 1034 seientes,
656 986 721 1036 quod
736 998 751 1027 e
765 986 867 1026 Domino
883 984 1003 1036 accipietis
1025 1023 1026 1026 ,

157 1049 339 1089 retributionem
356 1048 522 1089 hereditatis.»
540 1048 694 1105 Κληροναμία
708 1059 779 1089 sensu
797 1060 839 1089 suo
857 1048 1003 1099 generaliore

159 1114 190 1164 (r.
205 1124 229 1153 n.
244 1113 294 1163 426]
310 1123 357 1152 non
371 1112 438 1153 obest
449 1111 536 1153 rationi
549 1112 637 1160 meriti,
651 1113 675 1153 et
693 1112 856 1169 darauddoorg,
865 1111 881 1151 i.
897 1123 917 1153 e.
932 1111 1004 1163 plene

158 1177 319 1228 compensatio
336 1187 378 1226 pro
396 1178 468 1231 (arra)
487 1188 522 1225 eo,
544 1177 607 1227 quod
628 1176 675 1227 ipsi
694 1174 870 1226 praestiterunt,
890 1175 1003 1217 meritum

86 1271 90 1275 ,
159 1240 279 1290 supponit.
294 1240 421 1289 Apostolus
433 1240 459 1279 in
472 1240 517 1280 boo
530 1239 639 1280 contextu
653 1239 791 1280 exhortetur
804 1250 883 1279 servos
897 1239 1003 1279 christie-

158 1313 209 1350 nos,
224 1303 266 1353 qni
280 1302 431 1352 adoptionem
446 1301 553 1342 liliorum
567 1301 683 1342 divinitus
695 1303 836 1351 acceperunt
848 1302 932 1352 etque
944 1301 1003 1342 teies

158 1366 223 1406 bone
234 1364 295 1405 filiis
305 1365 402 1415 propria
413 1365 500 1405 mereri
512 1365 617 1415 possunt.
628 1388 660 1393 —
671 1365 736 1406 Hebr
748 1367 781 1414 10,
795 1368 835 1406 35:
853 1364 1004 1405 Continentia
1062 1410 1064 1414 Α

157 1427 294 1482 (παρρησία)
308 1432 421 1477 magnam
432 1427 505 1468 hebet
514 1428 730 1467 remunerationem
744 1427 957 1482 (μισθααοὸσσίαν).
973 1452 1004 1458 -

146 1493 193 1538 11,
210 1493 235 1530 6:
257 1506 267 1527 «
277 1490 375 1530 Credere
391 1489 457 1530 enim
472 1489 564 1539 oportet
579 1489 729 1530 decedentem
745 1490 776 1530 ed
792 1490 877 1538 Deum,
895 1490 1004 1541 quidest

156 1553 181 1593 et-
197 1552 374 1603 inqnirentibus
389 1562 412 1592 se
429 1558 593 1592 remunerator
610 1552 658 1593 sit»
679 1552 774 1604 (rectius
793 1553 872 1594 «litnz
892 1552 1004 1604 meduno-

157 1615 226 1674 δότης
240 1617 346 1671 γίνεται).
361 1639 393 1644 —-
406 1618 440 1664 11,
455 1618 494 1664 26ε
515 1615 668 1666 «Aspiciebot
680 1617 744 1656 enim
759 1616 872 1675 [Moyses]
886 1617 912 1656 in
926 1628 1003 1657 remu-

156 1681 306 1720 rurationem
313 1698 323 1717 ν
340 1679 551 1735 (μισθαποδοσίαν),
569 1683 624 1721 -2
637 1680 682 1721 Gor
693 1684 714 1730 6,
729 1683 767 1721 13;
786 1680 911 1722 «Eandem
923 1680 1003 1721 eutem

156 1744 272 1785 hebentes
287 1745 504 1784 remunerationem
526 1744 701 1799 (ἀντιμισθίαν),
719 1744 842 1794 temonem
859 1744 918 1785 tiliis
934 1745 998 1786 dico:
1024 1793 1026 1795 ¹

158 1807 294 1848 dilatemini
309 1807 332 1848 et
343 1818 393 1848 vos.
403 1824 413 1843 u

226 1903 251 1953 d)
265 1903 298 1942 Di
302 1903 350 1953 gni
365 1900 441 1957 (ἄξιοι)
458 1902 514 1942 sunt
525 1902 581 1942 iusti
593 1902 643 1943 rite
654 1902 750 1943 aeterne
761 1902 859 1952 propter
868 1913 912 1943 sue
923 1913 1001 1953 opere.

159 1965 206 2015 Sep
223 1967 244 2013 3,
263 1967 288 2005 5:
311 1966 393 2006 «Deus
409 1965 510 2006 tentavit
524 1977 565 2006 eos
580 1965 604 2006 et
621 1965 712 2006 invenit
728 1965 783 2006 illos
800 1964 884 2017 dipnas
903 1976 934 2006 se.
943 1984 953 2003 e
973 1989 1004 1996 -

157 2028 319 2076 2Thess1,5:
337 2028 514 2069 Tribuletiones
526 2027 654 2077 sustinetis,
669 2029 712 2069 «ut
725 2029 792 2080 dipru'
804 2029 942 2069 habeamini
957 2029 1000 2081 (in)

157 2102 230 2141 regno
251 2090 304 2139 Dei,
323 2102 368 2141 pro
387 2102 434 2141 quo
455 2092 479 2131 et
498 2091 626 2141 petimini»
651 2092 692 2142 (είς
708 2092 735 2132 τὸ
751 2091 928 2148 καταξιωθῆναι
944 2094 1004 2146 ὑμᾶς

158 2161 200 2210 τῆς
215 2154 336 2207 βασιλείας
349 2162 392 2196 τοῦ
405 2154 480 2202 θεοῦ).
493 2180 524 2185 -
536 2154 571 2194 (11,
585 2155 616 2195 Lo
627 2157 662 2203 20,
674 2157 709 2202 353
722 2156 772 2206 Ape
783 2158 804 2203 3,
817 2157 839 2195 4.
851 2180 881 2186 -
895 2156 959 2208 Ἀξία
982 2156 1004 2196 et

158 2217 285 2269 ἀξιοῦσθαι
299 2218 354 2257 sunt
369 2229 397 2257 ee
411 2217 492 2265 verbe,
510 2217 597 2267 quibus
613 2218 694 2258 Graeci
710 2219 849 2268 exprimunt
864 2219 1003 2270 conceptum

158 2280 238 2321 meriti
254 2280 278 2320 et
291 2279 406 2321 merendi.

228 2374 248 2424 e)
273 2374 320 2413 Ius
339 2375 405 2424 epud
423 2373 501 2413 Deum
522 2373 592 2413 bonis
612 2372 724 2424 operibus
745 2373 889 2430 acquisitum
910 2376 1003 2425 praeter

158 2441 172 2478 2
186 2437 241 2479 Tim
254 2439 274 2485 4,
290 2440 303 2477 8
319 2438 349 2489 (v.
365 2436 409 2477 sub
424 2436 447 2488 b)
464 2435 536 2476 etiem
550 2435 669 2476 indicetur
681 2437 746 2478 Hebr
758 2441 778 2486 6,
795 2440 833 2479 10:
853 2453 863 2474 (ι
871 2437 923 2479 Non
938 2439 1003 2479 enim
1080 2484 1082 2487 ,

157 2501 261 2539 iniustus
277 2499 373 2553 (ἄδικος)
394 2500 464 2548 Deus,
481 2500 508 2540 ut
521 2499 674 2540 obliviscetur
685 2501 764 2550 operis
776 2501 848 2541 vestri
863 2502 887 2542 et
900 2501 1003 2542 dilectio-

158 2563 203 2602 nis.
212 2579 223 2598 »
238 2583 271 2592 —v
284 2562 318 2602 Gi.
334 2562 397 2602 Pror
412 2565 445 2611 19,
463 2564 501 2601 17:
521 2562 683 2602 «Foeneratur
695 2563 804 2612 Domino,
821 2565 863 2615 qui
877 2564 1003 2605 miseretur

159 2624 279 2675 pauperis,
296 2625 319 2665 et
332 2624 524 2670 vicissitudinem
539 2634 607 2664 suem
622 2625 705 2667 reddet
719 2626 748 2666 ei.
757 2644 767 2663 »

228 2721 246 2771 t]
265 2722 391 2762 Perttculis
406 2722 430 2762 et
443 2722 524 2762 verbis
538 2722 680 2771 exprimitur
695 2733 785 2763 nexus
800 2724 926 2764 causalis
941 2723 1003 2772 inter

158 2795 233 2835 opere
248 2784 273 2824 et
288 2785 430 2834 praemium.
455 2784 493 2826 Mt
508 2779 627 2833 25,'34ss:
657 2786 765 2835 «Venite,
784 2786 902 2827 benedicti
926 2787 1004 2827 Petris

158 2846 235 2888 mei..
246 2860 266 2895 .;
283 2847 370 2887 esurivi
387 2849 452 2887 eru'm
468 2848 535 2902 (γάρ)
551 2848 574 2888 et
590 2848 762 2889 dedistismihi
778 2850 941 2890 manducare»
959 2849 1002 2890 ete.

158 2935 190 2941 -
204 2910 255 2959 Ape
271 2911 291 2958 7,
310 2912 366 2950 tls:
389 2911 438 2950 «Hi
455 2911 516 2958 sunt,
535 2911 576 2962 qui
593 2912 710 2952 venerunt
724 2912 753 2953 de
768 2905 921 2953 tribulatione
938 2923 1003 2963 meg-
