2214 3350
196 208 231 244 381
382 210 436 245 sect.
454 210 487 244 IV.
504 187 535 244 lle
548 209 630 244 natura
645 208 731 252 gratiae
746 208 841 244 actualis
886 233 888 235 -

195 316 315 367 praecedit
329 317 360 357 ad
374 328 460 368 eosque
475 289 586 367 disponit.
603 342 634 347 —
648 315 763 356 Absoluta
777 327 832 356 vero
846 317 971 356 necessitas
986 315 1041 356 talis

125 399 145 415 a
195 379 283 419 interni
301 379 386 420 auxilii
405 380 514 431 specialis
526 390 579 419 *non
597 379 674 429 potest
689 379 737 419 alio
753 378 823 419 modo
844 378 984 420 sufficienter
1003 390 1040 418 ea-

194 442 281 492 plieari
296 441 344 483 nisi
362 455 390 483 ex
408 443 453 484 hac
470 442 653 492 ratione‚'quod
677 442 741 482 idem
766 442 885 482 similium
910 441 1041 493 efficienter

195 506 279 545 debeat
296 517 435 546 concurrere
453 506 483 546 ad
499 505 683 557 producendum
699 511 779 544 aetum
796 505 932 554 salutarem,
951 506 993 555 qui
1011 503 1042 545 sit

195 569 317 609 erititatice
333 574 356 609 et
371 568 511 619 simpliciter
527 568 724 618 supernaturalis.
743 569 820 617 Quare
838 567 936 618 oportet,
955 568 982 609 ut
995 567 1040 608 hoc

195 631 313 672 auxilium
326 632 375 673 sive
386 633 443 672 haec
456 625 582 672 illustratio
595 631 695 672 actualis
706 632 758 682 ipsa
771 642 865 682 quoque
877 631 908 672 sit
920 630 1040 672 ent'tative
1057 639 1059 641 ·

178 705 181 708 ’
194 694 218 734 11
229 694 370 746 simpliciter
380 692 568 745 supernaturalis
580 695 611 746 (v.
624 694 658 735 th.
671 696 704 741 10,
715 694 855 744 praesertim
867 706 890 734 n.
904 693 962 745 302).
975 692 1041 734 Talis

195 757 275 797 autem
289 768 337 797 non
350 756 433 798 evadet
444 768 488 806 per
501 767 553 797 eam
567 756 728 807 operationem
742 756 883 806 intellectus,
899 768 960 808 quae
974 767 1039 807 prae-

195 820 260 861 sente
274 820 365 861 obiecto
380 831 435 860 cum
448 830 565 860 concursu
578 819 622 860 Dei
636 820 741 870 generali
757 819 879 869 exseritur,
894 821 936 861 sed
949 820 980 860 ad
995 820 1040 860 hoc

195 893 288 923 necesse
306 883 347 931 est,
367 883 394 923 ut
410 884 474 923 Deus
492 899 502 918 <t
510 882 648 922 immediate
656 899 675 930 »,
695 892 811 922 concursu
829 882 910 933 aliquo
927 894 1040 934 superua-

195 945 274 994 turali,
294 944 410 995 producat
426 945 451 984 in
468 944 590 985 intellectu
614 944 694 986 actum
720 944 842 986 entitative
865 945 1038 996 perfectiorem,

195 1019 268 1058 quam
283 1019 326 1059 per
344 1008 422 1048 ullum
441 1018 514 1058 agens
530 1006 638 1058 naturale
657 1007 695 1048 vel
712 1019 756 1059 per
773 1009 851 1049 ullum
870 1008 991 1049 influxum
1011 1020 1040 1050 ex

194 1070 260 1121 parte
273 1070 347 1110 solius
358 1069 444 1133 obiecti
456 1070 510 1110 11111
522 1071 597 1121 possit
611 1071 650 1122 (ct.
664 1071 737 1111 schol.
751 1072 804 1122 post
816 1072 849 1113 th.
864 1075 898 1120 10,
911 1081 934 1112 n.
948 1074 989 1112 304
997 1071 1037 1120 ss).

194 1206 249 1248 508.
286 1207 310 1258 b)
332 1207 410 1248 Etiam
428 1206 596 1259 inspirationes
615 1207 744 1249 voluntatis
760 1207 815 1248 sunt
832 1207 990 1248 immediatae.
1008 1207 1041 1248 Ut

194 1269 286 1320 aliquid
300 1269 396 1320 positivi
409 1269 505 1310 valeant
515 1269 546 1310 ad
560 1269 668 1319 salutem,
683 1269 803 1320 imprimis
816 1281 864 1311 non
879 1282 893 1311 a
906 1270 1039 1320 cognitione

193 1332 298 1372 naturali
310 1332 397 1373 debent
410 1333 540 1383 provocari,
555 1333 595 1373 sed
608 1334 637 1374 ab
650 1334 789 1374 immediata
801 1335 959 1374 illustratione
971 1333 1039 1373 iutel-

194 1396 276 1435 leetus.
296 1395 382 1435 Fontes
399 1395 463 1435 enim
488 1405 586 1446 prorsus
610 1394 722 1446 exigunt.
736 1396 763 1437 ut
780 1396 898 1437 eiusmodi
923 1396 1040 1451 motiones

193 1457 324 1498 voluntatis
338 1457 471 1508 specialiter
484 1470 499 1499 a
512 1459 562 1499 Deo
574 1459 661 1500 dentur
677 1460 709 1511 (n.
727 1462 766 1500 501
774 1460 803 1511 s).
820 1460 866 1509 Qui
881 1458 961 1500 autem
977 1458 1038 1498 nihil

194 1522 299 1572 amplius
318 1520 456 1570 admittunt,
478 1521 585 1562 tontibus
605 1532 653 1562 non
673 1521 786 1562 videntur
806 1522 948 1562 satisfacere.
977 1523 1038 1563 Nam

193 1585 292 1626 Patres
305 1585 329 1625 et
341 1584 465 1625 concilia
479 1585 593 1624 aduersus
606 1584 745 1635 Pelagianos
760 1584 829 1626 valde
843 1586 930 1635 urgent
943 1584 1038 1635 dupli-

193 1659 250 1688 cem
269 1647 359 1698 requiri
385 1646 508 1698 gratiam
532 1646 686 1696 internam,
709 1658 784 1687 unam
803 1656 904 1697 eamque
920 1648 1039 1689 minorem

192 1722 240 1762 qua
257 1728 267 1747 <t
275 1711 394 1751 revelatur
409 1710 432 1751 et
447 1711 554 1761 aperitur
568 1711 730 1762 intellegentia
745 1711 921 1759 mandatorum,
938 1712 966 1752 ut
981 1712 1039 1751 scia

192 1784 254 1823 mus,
272 1773 331 1825 quid
347 1774 464 1824 appetere,
482 1774 541 1824 quid
556 1773 631 1814 vitare
648 1773 804 1821 debeamus»,
822 1773 922 1814 alteram
938 1784 1038 1825 eamque

192 1836 315 1885 maiorem,
335 1847 384 1886 qua
404 1836 474 1877 datur
491 1838 584 1885 caritas,
608 1836 696 1876 «ut...
719 1837 791 1877 etiam
811 1837 888 1877 tacere
909 1837 1038 1888 diripimus

192 1907 262 1952 atque
275 1902 416 1941 caleamus»
434 1899 669 1952 (carthaginense
683 1911 735 1940 can.
750 1902 763 1941 4
777 1901 820 1959 [Dz
835 1899 902 1958 illill.
917 1924 949 1931 -
961 1899 1038 1940 Indi-

192 1964 274 2005 culus
287 1975 339 2015 cap,
354 1967 367 2004 9
384 1964 425 2015 (Dn
440 1963 503 2014 135lz
523 1963 610 2011 «Quod
623 1963 658 2003 ita
670 1962 734 2003 Deus
748 1962 773 2003 111
787 1963 900 2003 cordibus
912 1963 1038 2003 hominum

191 2027 261 2078 atque
274 2028 300 2067 iri
311 2028 363 2077 ipso
375 2026 450 2066 libero
463 2032 573 2076 operetur
585 2025 690 2074 arbitrio,
705 2025 733 2066 ut
745 2025 827 2066 sancta
838 2024 955 2076 cogitatio,
969 2026 1038 2077 pium

192 2090 319 2130 consilium
332 2089 458 2139 dumisque
469 2088 549 2128 motus
561 2089 638 2129 bonae
651 2087 781 2129 voluntatis
793 2101 823 2129 ex
836 2090 883 2129 Deo
898 2089 935 2129 sit.
945 2106 955 2125 1>
970 2089 1038 2129 Eius

192 2153 258 2194 modi
272 2153 346 2193 verba
357 2152 412 2202 plus
428 2152 510 2191 dicunt
524 2162 598 2200 quam
611 2150 733 2191 influxum
748 2151 773 2191 in
788 2150 936 2192 voluntatem
948 2152 1037 2192 mealia-

193 2214 361 2263 taciturnum,
377 2213 496 2254 mediante
511 2213 560 2254 scil.
579 2213 754 2264 supernaturali
770 2213 903 2263 cognitione
919 2226 933 2255 a
947 2215 997 2256 Deo
1012 2214 1037 2253 in

192 2277 314 2318 intellectu
330 2276 466 2317 immediate
482 2276 605 2326 producta.

241 2373 263 2410 S,
275 2373 416 2419 Augustinus
434 2373 467 2410 Ad
479 2374 555 2418 Simpl.
570 2375 591 2410 et
602 2375 627 2409 in
639 2372 750 2418 prioribus
763 2373 851 2417 scriptis
864 2374 1038 2418 antipelaaianis

191 2426 288 2471 gratiam
298 2435 365 2471 saepe
376 2426 523 2470 descripserat
534 2426 650 2470 tamquam
660 2425 773 2460 internam
784 2426 824 2461 Dei
835 2426 978 2469 uocationem,
992 2434 1036 2471 qua

192 2478 295 2514 voluntas
306 2478 383 2521 utique
394 2477 489 2513 mediate
501 2477 602 2512 movetur
612 2477 732 2524 (eiusmodi
744 2476 816 2512 textus
828 2486 846 2513 v.
860 2487 881 2513 11,
894 2477 945 2524 505).
959 2477 1038 2515 Adhuc

193 2540 212 2565 a.
227 2528 328 2573 tto-417,
345 2530 372 2565 In
387 2530 411 2565 10
426 2529 456 2573 26,
473 2529 529 2576 7111
545 2529 612 2575 1823):
633 2529 734 2571 «Videte,
753 2530 861 2574 quomodo
876 2529 946 2565 trahit
961 2530 1035 2573 Pater,

191 2581 287 2616 docendo
299 2581 419 2617 delectat.»
431 2581 511 2629 ⁴Sedin
522 2581 681 2626 posterioribus
692 2581 755 2617 libris
766 2580 840 2624 magis
851 2582 967 2627 magisque
977 2581 1037 2617 infu-

192 2633 277 2668 sionem
290 2633 398 2676 caritatis
412 2633 564 2669 delectationis
579 2633 729 2677 similiumque
745 2633 864 2668 effectuum
877 2634 911 2669 ita
925 2634 1035 2675 describit,

189 2686 215 2721 ut
227 2686 381 2721 immediatam
393 2686 473 2721 horum
484 2685 586 2720 motuum
597 2684 720 2720 voluntatis
732 2694 772 2731 per
784 2686 855 2721 Deum
868 2685 1036 2731 productionem

192 2736 317 2782 significare
334 2737 440 2772 dicendus
456 2737 490 2771 sit.
509 2737 618 2780 Quoniam
634 2746 704 2781 neque
718 2738 741 2773 rS.
758 2736 897 2780 Augustinus
912 2746 983 2782 neque
999 2737 1037 2773 ad-

189 2789 284 2824 versarii
300 2789 348 2824 eius
365 2788 420 2824 satis
437 2788 605 2832 distinguebant
620 2788 679 2824 inter
696 2788 848 2824 uoluntarium
863 2789 1036 2825 indeliberatum

190 2840 212 2877 et
225 2839 376 2884 deliberatum,
390 2840 490 2886 praecise
503 2839 558 2875 haec
572 2840 673 2876 doctrina
685 2841 759 2875 motus
771 2840 893 2877 voluntatis
907 2841 1035 2877 immediate

191 2903 206 2928 a
222 2893 268 2928 Deo
287 2892 358 2927 effecti
376 2892 511 2927 adversariis
529 2892 647 2928 videbatur
666 2892 777 2928 destruere
797 2892 892 2928 liberum
910 2893 1034 2929 arbitrium.

191 2943 342 2980 Nihilominus
365 2944 388 2980 St.
408 2943 553 2988 Augustinus,
580 2944 625 2979 ista
649 2943 807 2988 consequentia
831 2944 920 2980 strenue
946 2945 1035 2990 negata,

191 2997 264 3041 ipsam
282 2994 406 3030 doctrinam
423 2996 539 3039 tamquam
556 3004 632 3031 veram
648 2997 669 3032 11
686 2995 820 3032 catholicam
837 2996 971 3032 sententiam
987 3005 1037 3042 pro-
