2214 3350
331 175 408 212 Thesis
421 175 450 211 23.
468 176 518 211 Alia
532 177 654 223 systemata

67 283 126 323 622.
153 281 305 327 scholium
321 284 348 326 2.
376 282 411 324 De
426 281 535 323 doctrina
550 280 574 322 S.
591 281 726 333 Augustini.

133 398 149 432 P
166 406 187 432 n.
205 396 305 433 arc-279.
329 416 353 422 -
374 398 398 432 Ε,
417 396 522 439 Portclie'>
540 395 657 440 Augustim
676 399 744 433 DdTh
760 400 770 434 I
787 397 870 436 2379ss.
894 417 924 424 -‘

69 449 98 484 Μ,
116 449 210 493 Jacquin
225 450 254 485 O.¹
264 450 288 485 P.
303 449 328 484 in
341 449 393 485 ReV.
412 448 489 484 rursu
508 448 558 484 eccl.
575 449 587 485 5
604 447 668 494 (1905)
685 447 755 485 reuss.
772 469 795 475 -
811 452 834 487 Κ.
851 451 915 492 Kotb,

70 500 175 542 Mensclrl.
196 500 294 536 Freibeit
311 502 358 536 und
376 500 436 545 gotti.
458 500 625 536 Vorherwissen
642 501 700 535 nach
719 501 830 545 Augustin
849 502 916 546 (Frei-

70 554 128 597 burg
141 551 196 597 1908)
211 562 231 598 p.
247 551 276 588 96.
292 572 316 578 -
329 554 363 589 Tr.
379 552 503 597 Solonem,
518 554 550 589 La
564 552 663 588 doctrine
677 552 704 588 de
718 553 737 589 S.
753 553 864 597 Augustin
878 563 923 589 sur·⁴

70 604 93 639 la
105 604 170 648 grace
183 604 276 649 d'apr'es
287 604 308 640 le
320 605 394 641 Traite
407 605 421 641 a
434 605 563 650 Simplicien
576 605 651 651 (Porto
665 604 720 651 11125)
735 603 833 641 135-138,

140 718 254 759 Nonnulli
270 710 405 759 Molinistae
420 729 471 759 rem
487 719 535 759 lere
550 719 583 760 ita
598 711 738 773 depingunt,
755 719 824 768 quasi
838 720 923 769 Augu--

71 780 155 827 stium,
170 779 206 821 Ad
219 780 299 834 Simpl.
314 781 330 822 l.
348 782 397 834 l'q.
413 782 428 822 2
441 777 622 822 concordiam
636 781 707 822 liberi
722 780 815 822 arbitrii
830 782 854 823 et
866 793 923 833 gra--

71 843 116 884 tiae
135 843 233 884 efficacis
250 844 428 886 molinistice
443 844 610 895 perfecerit.
630 846 678 885 Hoc
698 856 746 885 non
764 855 814 886 esse
832 855 921 884 verum,

70 907 172 957 ingenue
188 907 298 947 fatemur.
314 933 346 949 a,
357 908 384 948 -S,
401 907 556 961 Augustinus,
574 908 664 949 ibidem
681 906 803 958 explicans
817 907 878 949 Rom
895 911 916 955 9,

70 969 203 1010 absolutam
220 971 373 1020 procurarem
390 977 412 1011 et
427 972 631 1022 praevenientium
645 971 735 1021 prunae
753 971 832 1021 primo
850 971 923 1011 docet

73 1033 111 1083 (cl.
124 1044 147 1072 n.
158 1035 185 1073 28
195 1035 236 1073 204
246 1034 305 1084 564).
318 1034 432 1082 Quamvis
442 1034 520 1074 textus
530 1033 693 1084 explicandus,
704 1047 727 1075 v.
739 1047 762 1085 g.
774 1047 796 1075 v.
811 1037 836 1074 16
846 1035 870 1076 et
880 1036 918 1084 19,

70 1098 186 1147 optimam
196 1097 345 1148 praebuisset
355 1097 502 1138 occasionem
514 1098 542 1138 de
552 1097 698 1147 problemate
710 1097 799 1148 gratiae
811 1098 835 1138 et
845 1096 921 1138 liber*

70 1160 125 1200 tatis
142 1160 273 1201 disserendi
288 1160 313 1200 et
328 1160 378 1210 ipse
396 1159 544 1209 Augustinus
560 1159 636 1207 antea⁷
654 1161 740 1211 Expos.
760 1172 826 1212 quur.
845 1172 914 1211 prop.
931 1180 933 1184 f

37 1256 38 1264 ,
70 1235 98 1262 erc
114 1223 174 1262 Rom
191 1234 227 1273 pr.
246 1225 272 1263 62
292 1223 396 1273 (111135,
414 1222 506 1272 2079s)‚
525 1223 625 1262 eandem
642 1224 770 1273 pericopen
785 1223 915 1273 explicans,

70 1285 204 1325 libertatem
220 1284 314 1325 arbitrii
331 1284 403 1325 relate
419 1287 450 1325 ad
466 1285 568 1335 gratiam
585 1285 726 1334 ostenderat,
744 1286 775 1325 iis
790 1286 923 1336 principiis:

70 1346 263 1397 semipelagianis
274 1347 352 1395 nixus,
366 1358 426 1398 quae
437 1348 475 1388 Ad
486 1348 571 1398 simpl.
583 1348 657 1397 reicit,
670 1348 751 1389 tamen
762 1348 788 1387 in
799 1349 844 1389 hac
855 1360 917 1389 nora

70 1412 226 1462 explicatione
244 1412 305 1452 Rom
323 1415 337 1452 9
355 1423 402 1451 non
420 1411 485 1461 dicit,
505 1411 622 1462 quomodo
641 1412 768 1452 concordia
786 1411 875 1460 gratiae
894 1411 924 1451 et.

69 1474 139 1514 liberi
155 1474 248 1515 arbitrii
265 1474 375 1515 facienda
398 1474 435 1515 sit.
459 1475 495 1515 Ex
518 1475 566 1515 alia
588 1474 678 1515 ratione
696 1475 787 1524 profert
809 1475 842 1525 (n.
861 1474 919 1517 1351·

70 1537 246 1578 distinctionem
265 1536 427 1577 ‘vocationis
447 1547 588 1588 congruae
609 1538 635 1577 et
655 1537 842 1587 incongruae,
864 1537 915 1576 scil.

69 1604 96 1643 ut
109 1602 185 1643 solvat
196 1602 359 1642 occurrentem
372 1599 542 1649 difficultatem,
558 1612 605 1650 qua
618 1599 717 1648 ratione,
733 1600 753 1640 si
765 1599 841 1642 toturn
856 1610 923 1649 opus-

70 1655 231 1706 conversionis
242 1665 297 1705 inde
310 1677 325 1705 a
334 1665 412 1715 primo
425 1664 491 1705 motu
503 1664 579 1704 bonae
590 1663 720 1704 uoluntatis
732 1664 779 1704 Deo
792 1663 921 1711 debeatur„.

69 1740 153 1769 verum
169 1728 273 1769 'maneat
294 1729 395 1768 verbum
418 1727 594 1777 evangelicum:
624 1727 714 1767 «llum
736 1728 819 1775 coculi,
844 1728 922 1778 pauca.

70 1792 144 1831 electi.
154 1805 164 1824 1)
187 1814 219 1820 ψ-
241 1792 268 1830 111
286 1790 379 1841 scriptis
395 1789 572 1840 posterioribus,
592 1791 688 1840 quando
705 1790 759 1830 duta
775 1801 846 1840 opero
863 1800 916 1839 gra-

69 1854 128 1894 tiam
142 1854 166 1895 et
177 1854 281 1895 liberum
296 1853 423 1894 arbitrium
439 1852 564 1893 conciliare
579 1852 638 1901 ruit,
655 1853 685 1893 ad
701 1852 834 1893 doctrinam
848 1864 921 1893 voca--

71 1917 141 1957 tionis
154 1927 273 1967 congruae
287 1916 311 1956 et
325 1917 468 1967 incongruae
484 1916 524 1956 rix
539 1916 640 1956 recurrit
657 1915 687 1966 (u,
704 1927 727 1955 n.
744 1916 820 1966 5475).
838 1915 921 1957 affert

69 1979 167 2030 quidem
189 1980 214 2019 in
235 1981 337 2020 Retract.
360 1982 381 2028 2,
406 1982 417 2019 1
438 1989 553 2028 magnum
575 1979 724 2018 momentum
746 1977 855 2028 opusculi
878 1979 922 2018 Arr'

70 2045 155 2096 Simpl.
171 2046 240 2096 atque
253 2044 279 2084 in
291 2044 359 2084 libris
370 2045 405 2084 De
416 2045 498 2095 proed.
512 2044 592 2084 Sunct.
606 2047 626 2092 4,
641 2046 653 2083 8
667 2044 691 2084 et
699 2044 733 2083 Dc
747 2045 808 2084 dono
822 2055 914 2095 persev.

70 2112 104 2157 20,
122 2113 148 2151 52
166 2109 328 2150 Massilienses
344 2109 374 2150 ad
393 2109 458 2149 idem
475 2109 616 2159 opusculum
636 2108 743 2157 remittit,
763 2119 915 2159 nequaquem

70 2185 124 2214 vero
142 2186 170 2215 eo
188 2173 293 2222 consilio,
313 2173 340 2214 ut
355 2172 507 2223 perspiciant,
528 2174 646 2225 quomodo
666 2174 742 2224 prurio
761 2174 848 2224 officum
867 2185 922 2214 non.

69 2238 147 2279 laedor
159 2239 300 2286 libertatem,
316 2238 357 2279 sed
370 2238 456 2286 solum,
470 2237 498 2279 ut
509 2237 649 2288 intellegant
661 2239 742 2287 ipsum
754 2239 917 2290 Augustinum

69 2301 118 2342 iarn
132 2303 189 2343 tunc
203 2303 317 2353 tenuioris
331 2303 430 2354 plenum
441 2303 594 2353 protoducem
608 2302 697 2352 gratiae
713 2302 811 2353 eiusque
827 2304 857 2343 ud
871 2304 917 2343 ici-

70 2367 131 2407 tium
144 2367 202 2419 fidet
216 2367 380 2407 necessitarem
394 2367 509 2408 docuisse.
524 2368 586 2418 Ergo
600 2367 662 2408 certe
677 2369 701 2408 S.
717 2367 865 2418 Augustinus
879 2369 927 2419 Actss

69 2430 155 2481 simpl.
170 2431 186 2471 l.
203 2434 214 2471 1
229 2443 253 2482 q.
268 2435 319 2472 211.
336 2434 381 2472 l3s
394 2431 503 2472 nostrum
518 2430 642 2482 problema
655 2432 745 2471 solvere
760 2430 844 2471 uoluit.

70 2565 123 2607 623.
161 2566 285 2617 Numquid
308 2566 406 2607 tortasse
429 2566 587 2606 nihilominus
608 2566 633 2605 in
656 2564 763 2606 doctrina
785 2565 922 2605 vocationis:

69 2640 186 2682 congruae
201 2632 225 2672 et
241 2631 385 2681 incongruae
403 2630 529 2671 essentie
547 2629 702 2671 solutionis
720 2628 915 2671 molinisticae

70 2695 216 2738 continetur?
229 2697 249 2736 Α
260 2696 334 2747 priori
347 2696 391 2735 hoc
404 2708 493 2747 purum
505 2695 628 2747 probabile
640 2694 682 2734 est,
699 2693 771 2735 Secus
785 2696 850 2736 enim
865 2695 922 2736 sine:

69 2826 117 2868 guit
134 2827 155 2862 et
172 2827 273 2872 singulas
289 2827 433 2872 explicandas
450 2827 567 2863 committit
582 2825 677 2870 singulis
694 2836 706 2862 e
724 2827 829 2872 quattuor
847 2828 916 2873 syste-

68 2874 135 2909 matis
153 2875 280 2918 Thomismi,
299 2875 508 2919 augustinianum,
526 2874 675 2918 ⁴Congruismi²
695 2875 823 2912 Molinismi.
846 2876 922 2920 (Idem,

70 2922 249 3014 {llacrtffrrgfrffqffi
261 2922 396 2968 principales
412 2923 438 2958 de
454 2921 563 2958 sacrificio
578 2923 661 2958 missae
673 2921 773 2959 theorias
788 2923 814 2958 in
828 2924 922 2959 hermo-1
