2214 3350
155 130 181 166 76
292 131 345 167 Soet.
361 132 377 166 l.
393 131 437 166 Art.
453 131 481 166 Π.
497 132 507 176 ἓ
521 130 537 166 1.
554 131 611 174 Quid
624 131 707 166 natura
720 130 784 174 lapsa
798 130 868 175 possit

157 239 180 279 et
196 238 349 279 iucundiores
372 251 445 291 quam
469 239 572 290 oppositi
595 239 660 280 actus
685 238 804 278 inhonesti
830 238 860 288 (v.
879 250 902 288 g.
921 248 1003 277 amare

156 301 266 351 parentes
279 302 304 343 et
316 302 496 353 benefactores),
511 304 535 343 et
549 313 618 352 saepe
631 301 699 342 nulla
713 300 811 356 tentatio
824 301 861 340 vel
877 300 1003 352 difficultas

157 364 280 405 hominem
299 365 416 415 sollicitat,
435 365 462 406 ui
479 364 601 405 inhoneste
619 363 680 414 agat.

158 490 209 530 129.
247 493 267 531 2.
288 491 361 531 etiarn
381 489 471 531 ratione
496 489 567 528 linis
591 488 699 528 ultimi.
727 489 817 528 Verum
844 489 941 539 quidem
966 488 1003 528 est

156 553 256 593 unicum
281 554 355 594 tinem
380 553 492 594 ultimum
517 550 609 591 homini
627 550 653 590 in
670 552 715 592 hoc
732 551 817 591 ordine
834 552 1001 602 praestitutum

156 626 205 655 esse
223 616 298 656 tinem
315 614 527 666 supernaturalem.
548 614 594 654 Sed
610 614 633 665 a)
652 625 700 654 non
717 613 794 664 potest
810 614 905 663 probari
923 615 1000 655 Deum

156 678 279 718 hominem
291 680 334 719 suh
346 678 417 728 culpa
428 676 451 717 et
462 678 640 727 poenapeccati
650 676 782 727 personalis
796 675 875 719 stricte
885 677 999 729 obligare,

156 741 182 781 ut
200 742 306 791 staqatos
323 746 388 780 aetite
407 739 549 780 deliberatus
566 751 608 790 per
626 740 701 780 fidem
719 740 742 780 et
759 740 882 780 caritatem
900 741 1001 790 positive

156 804 243 853 referat
256 804 286 844 ad
299 804 363 843 hunc
377 804 451 843 tinem
465 803 678 853 supernaturalem.
693 805 714 843 A
727 803 820 843 fortiori
834 802 921 853 ali-quis
934 804 1001 844 actus

154 866 291 917 ceteroquin
305 866 418 906 honestus
431 876 460 904 er·
474 876 500 905 eo
516 866 572 913 solo,
588 866 652 915 quod
666 865 763 915 propter
777 865 896 906 defectum
911 866 1000 916 gratiae

156 927 344 978 supernaturalis
360 928 453 969 homini
469 928 626 978 personaliter
643 939 692 968 tion
710 928 855 978 culpabilem
873 940 920 968 non
937 928 1000 969 ordi-

155 991 226 1030 natur
242 991 273 1031 ad
291 991 366 1031 finoni
384 991 597 1042 supernaturalem,
617 1002 665 1031 non
682 991 762 1032 evadit
777 992 903 1042 personate
920 1003 1000 1042 peeca-

154 1054 212 1093 tum.
230 1053 281 1097 Hoc
293 1054 375 1104 ,potest
392 1051 568 1094 etiam'deduci
585 1065 615 1093 ex
633 1054 785 1095 damnatione
804 1065 872 1104 prop.
892 1054 954 1094 Baii
970 1056 1000 1103 07

153 1116 177 1157 et
191 1120 218 1157 68
236 1117 278 1168 (Dz
294 1118 374 1168 10670)
392 1118 415 1158 et
429 1116 616 1157 Iansenistaruan
632 1121 643 1157 1
659 1117 710 1158 et2
729 1118 770 1169 (Da
787 1120 839 1158 1291
848 1117 877 1168 s).
894 1112 1001 1158 Reicitur

153 1179 217 1219 enim
230 1191 300 1230 posse
311 1179 403 1230 aliquid
416 1190 466 1219 esse
478 1179 601 1229 peccatum
615 1181 715 1221 formale
731 1180 871 1232 (personale)
885 1180 909 1221 et
921 1181 1000 1221 deme-

153 1242 235 1295 ritum,
250 1243 315 1293 quod
329 1243 367 1283 uel
382 1242 513 1283 necessario
529 1242 574 1282 liet
587 1244 625 1283 uel
640 1254 695 1282 oum
710 1255 737 1283 ea
753 1242 803 1283 sola
817 1243 1000 1283 voluntarietate

154 1305 176 1345 et
192 1305 308 1353 libertate,
328 1317 389 1356 quae
406 1305 555 1356 propriaest
571 1305 660 1356 peccati
677 1306 807 1357 oripinatis
825 1306 999 1346 -Peccatum

153 1367 226 1418 igitur
247 1368 297 1416 est,
326 1369 390 1419 quod
418 1379 516 1407 nornine
546 1368 686 1409 moralitatis
714 1369 860 1409 adversatur.
883 1368 1000 1409 perfectio

153 1430 233 1471 autem
250 1430 439 1481 supernaturalis
455 1430 548 1470 actibus
564 1431 643 1472 debita
659 1442 707 1472 non
723 1432 758 1472 est
773 1443 803 1472 ex
818 1431 870 1482 lege
886 1423 999 1482 praescri-

152 1493 221 1533 hente
243 1504 353 1533 normam
374 1493 523 1541 moralitatis,
547 1494 587 1534 sed
608 1505 637 1534 ex
658 1494 709 1544 lege
731 1494 868 1534 instituente
890 1495 1000 1536 ordinent

153 1556 285 1607 gratuitum
304 1557 509 1606 supernaturalem
530 1557 615 1607 (Palm.
635 1569 658 1607 p.
680 1559 737 1609 107).
936 1557 937 1560 ’

154 1690 205 1730 130.
242 1690 266 1741 h)
288 1689 343 1730 Sine
360 1689 470 1730 auxilio
488 1689 530 1729 Dei
548 1690 619 1729 homo
637 1689 708 1728 etiam
726 1689 809 1738 lapsus-
826 1688 901 1738 potest
918 1688 999 1729 actum

152 1764 181 1792 en
198 1753 288 1792 obiecto
306 1752 433 1793 honestum
451 1751 611 1792 ita‘ordinare
630 1754 660 1792 ad
679 1751 762 1799 Deum,
782 1752 810 1791 ut
827 1763 856 1791 ex
873 1752 923 1802 sine
941 1763 999 1802 quo-

152 1826 197 1866 que
214 1815 300 1855 attinio
319 1816 348 1856 sit
365 1814 485 1855 honestus.
506 1815 566 1854 Nam
592 1816 615 1868 a)
632 1826 700 1865 saepe
719 1813 816 1865 physice
835 1815 858 1855 et
876 1814 999 1855 moraliter

153 1878 264 1928 possibile
279 1879 320 1926 est,
335 1878 363 1919 ut
375 1878 442 1919 actus
454 1889 484 1918 ex
498 1877 555 1917 solis
568 1877 660 1917 viribus
675 1878 772 1918 naturae
787 1875 924 1927 explicit-e
939 1878 998 1917 refe-

153 1940 220 1981 retur
234 1942 265 1981 ed
280 1941 365 1981 Deum.
382 1940 484 1981 Dooeute
499 1940 639 1980 Vaticano
654 1952 672 1980 s.
690 1943 702 1980 3
719 1952 738 1980 0.
755 1943 768 1981 2
787 1941 829 1991 (Dz
846 1940 907 1991 1785)
926 1941 997 1980 honio

152 2003 228 2053 potest
250 2003 334 2051 Deum,
353 2014 434 2044 rerum
457 2002 566 2043 omnium
589 2002 735 2053 principium
752 2003 775 2042 et
792 2003 875 2052 ficiem,
893 2003 997 2043 naturali

152 2065 250 2106 rationis
265 2066 357 2107 lumine
371 2067 433 2107 certo
449 2076 596 2115 cogitoscere.
614 2066 637 2106 S.
654 2063 833 2115 Augustinus
849 2065 998 2106 [1101οΡ1000-

153 2129 218 2168 nicos
230 2129 307 2169 Deum
321 2130 396 2170 tinem
409 2128 523 2169 ultinium
536 2129 672 2178 cognovisse
687 2129 730 2180 (De
743 2128 787 2167 civ.
801 2128 846 2167 Dei
858 2131 878 2176 8,
892 2132 913 2176 8;
927 2131 960 2176 10,
976 2132 996 2175 1;
1013 2152 1016 2155 «

153 2195 186 2241 10,
204 2194 248 2244 20).
266 2194 328 2244 Ergo
344 2194 416 2234 homo
432 2192 508 2242 potest
525 2193 596 2233 etiam
614 2193 764 2233 naturalibus
781 2191 874 2232 viribus
891 2193 996 2242 aliquem

152 2257 231 2297 actum
257 2258 382 2299 honesturn
408 2259 432 2297 iu
458 2258 536 2298 Deum
561 2270 609 2308 qua
634 2258 709 2298 tinem
735 2256 849 2297 ultimum
875 2257 995 2307 cognitum

152 2321 263 2372 explicite
279 2323 373 2363 referre.
392 2322 493 2363 Videtur
508 2322 574 2362 enim
591 2323 723 2363 absurdum
741 2322 864 2361 hominem
882 2321 929 2362 tem
947 2334 998 2363 nia-

151 2386 203 2426 lum
211 2397 270 2433 esse,
283 2386 311 2426 ut
320 2387 414 2438 cognito
424 2398 520 2426 000000
532 2387 593 2426 bono
603 2387 764 2427 infallibiliter
775 2386 894 2437 praeferat
906 2386 996 2426 tattoni

150 2450 301 2501 particulare.
315 2477 346 2483 -
357 2452 381 2505 β)
395 2451 485 2491 Sufficit
497 2452 527 2492 ad
541 2452 686 2493 honestatem
699 2451 766 2492 actus
776 2451 820 2491 illa
832 2462 926 2501 quoque
937 2453 998 2493 rele-

151 2514 184 2555 tio
198 2515 229 2555 ad
243 2515 327 2563 Deum,
343 2528 403 2567 0000
418 2526 472 2555 000
486 2516 523 2556 est
535 2516 685 2566 explicita,
701 2517 751 2557 sive
763 2527 818 2556 eam
833 2526 901 2556 vocas
916 2517 997 2568 impti-

152 2579 224 2618 aitam
239 2580 289 2620 sive
303 2580 431 2630 virtualem
444 2581 493 2621 sive
509 2582 721 2631 interpretativum,
739 2592 800 2631 quae
815 2591 843 2620 eo
859 2580 910 2630 ipso
924 2582 996 2622 habe-

151 2644 197 2691 tur,
214 2644 279 2694 quod
295 2655 355 2695 opus
370 2645 496 2686 honestum
513 2645 610 2696 propter
626 2657 694 2686 suain
712 2645 831 2686 internam
849 2645 994 2687 honestatem

151 2708 201 2749 sive
222 2719 251 2748 en
273 2720 352 2748 autore
376 2710 447 2750 haias
470 2711 598 2750 honestatis
622 2711 748 2761 appetitor.
773 2711 826 2761 lpse
849 2710 913 2750 enim
936 2712 995 2751 ordo

151 2784 232 2813 rerum
244 2772 378 2828 essentialis
389 2787 404 2814 a
416 2775 463 2814 Deo
477 2774 599 2815 institutus
612 2787 642 2815 ex
655 2787 679 2816 se
691 2776 795 2816 retertur
808 2775 838 2815 ad
851 2774 928 2815 Deum
941 2775 998 2816 ulti.¹

150 2849 218 2878 mum
237 2838 320 2878 tinem.
338 2839 401 2889 Ergo
418 2839 489 2887 actus,
516 2840 558 2890 qui
580 2841 704 2890 00000000
728 2851 826 2880 normae
849 2840 954 2881 veritatis
972 2842 996 2881 et

150 2902 292 2943 moralitatis
309 2902 441 2953 respondet,
460 2914 487 2943 00
505 2903 556 2953 ipso
574 2905 645 2945 etiarn
661 2905 760 2945 ultimae
777 2903 881 2955 regulae,
901 2916 996 2946 summo
