2214 3350
346 480 478 533 SECTlO
503 479 659 538 Quaem

106 683 182 751 *DE
210 683 409 756 NATURA
434 682 639 755 euertat}
663 681 895 780 actuaris

305 921 499 962 CONSPEG'PUS
516 920 698 961 HISTORIGUS

80 1070 136 1110 488.
174 1068 295 1122 Scriptura
318 1069 454 1118 frequenter
477 1068 584 1118 loquitur
601 1069 629 1108 de
646 1070 749 1119 proauita
767 1070 811 1108 Dei
828 1069 924 1120 iajlaaa

80 1133 173 1171 interno
186 1133 212 1171 in
223 1132 328 1172 mentem
340 1131 452 1178 hominis,
467 1143 514 1182 quo
527 1132 556 1171 ad
570 1131 705 1171 salutariter
717 1132 836 1182 agendum
851 1138 925 1172 traaa-

59 1210 61 1215 ’
81 1201 164 1234 canter
179 1195 279 1235 iuvetur.
297 1194 390 1235 Dicitur
404 1195 469 1235 enim
485 1195 549 1234 Deus
563 1194 655 1235 interne
670 1194 815 1242 illuminare,
832 1194 925 1245 aperire

81 1269 128 1306 cor,
146 1258 236 1305 docere,
252 1256 364 1305 revelare,
382 1257 485 1307 pulsare,
503 1257 611 1305 excitare,
629 1257 729 1305 trahere,
748 1256 864 1298 delectare
881 1258 923 1298 etc.

0 1312 4 1379 Ξ
81 1320 141 1361 Huic
157 1321 253 1371 speciali
268 1320 373 1360 influxui
388 1319 471 1360 divina
485 1319 628 1372 respondent
642 1326 707 1360 actas
722 1321 805 1360 citatas
820 1321 925 1361 hominis

0 1382 5 1445 ξ
81 1383 207 1432 audientis,
225 1383 344 1431 discentis,
362 1381 493 1433 cogitantis,
512 1382 633 1423 sentientis
648 1382 827 1424 inclinationem
844 1383 869 1423 in
885 1384 925 1424 loo-

80 1457 147 1494 num,
156 1457 261 1487 amorem
273 1446 297 1487 et
308 1445 488 1486 delectationem
501 1444 631 1485 caelestem.
639 1443 770 1493 *Patres
784 1446 925 1497 praesertim

80 1509 229 1560 Augustinus
246 1520 301 1549 cum
319 1508 451 1559 discipulis,
471 1508 494 1549 et
512 1507 623 1560 antiquae
642 1508 763 1550 Ecclesiae
782 1509 925 1550 documenta

0 1602 5 1631 Ξ
80 1572 242 1612 necessitatem
258 1572 281 1612 et
295 1571 446 1621 gratuitatem
462 1570 569 1612 internae
584 1571 674 1622 gratiae
690 1572 803 1612 adversus
819 1573 925 1623 Pelagia-

80 1646 124 1675 nos
137 1636 170 1676 ita
183 1635 321 1683 detendunt,
336 1636 364 1675 ut
378 1634 438 1675 sicut
451 1634 581 1675 adversarii
596 1645 643 1674 non
659 1635 762 1675 multum
778 1635 924 1687 distinguere

0 1691 5 1752 Ξ
81 1698 171 1738 soleant
188 1697 249 1738 inter
265 1698 355 1737 auxilia
372 1697 474 1738 actualia
490 1697 514 1737 et
529 1697 669 1737 habitualis.
689 1697 750 1738 Sane
767 1708 816 1738 non
833 1699 922 1747 omnia,

0 1753 5 1817 Ξ
80 1773 140 1811 quae
153 1761 181 1801 de
193 1760 350 1801 illustratione
362 1759 495 1801 intellectus
506 1760 528 1800 et
540 1759 694 1810 inspiratione
707 1761 782 1802 bonae
794 1761 925 1802 voluntatis

80 1823 171 1871 docent,
185 1824 302 1864 exclusive
314 1823 344 1863 de
356 1822 432 1874 gratia
444 1822 530 1863 actuali
543 1822 702 1873 intellegenda
716 1824 771 1864 sunt
785 1824 824 1876 (ci.
839 1825 924 1865 Scaea-

81 1887 134 1934 hea,
149 1887 233 1937 Deam.
248 1888 289 1934 ΠΙ,
304 1890 355 1926 211.
370 1887 414 1937 34);
429 1886 509 1926 tamen
523 1897 550 1926 ea
564 1886 654 1926 auxilia
668 1886 768 1934 interna,
785 1899 846 1938 quae
859 1888 924 1928 Deus

80 1950 111 1989 ad
121 1950 217 2000 peccata
226 1949 324 1990 vitanda
334 1949 397 1990 etad
408 1960 479 1999 opera
490 1948 603 1989 salutaria
613 1949 731 1999 patranda
741 1950 839 1999 confert,
852 1951 924 2001 potis

80 2012 168 2052 simum
183 2012 210 2052 ut
223 2012 340 2053 motiones
354 2011 401 2052 sive
416 2010 482 2051 actus
497 2011 621 2052 exhibent:
640 2011 710 2052 Mens
724 2013 850 2064 attingitur
863 2014 922 2062 viso,

79 2075 190 2115 voluntas
210 2074 323 2125 impletur
340 2074 407 2115 motu
427 2073 532 2115 caritatis
551 2075 574 2115 et
591 2073 744 2116 delectatione
765 2076 859 2117 caelesti
878 2076 922 2117 etc.

81 2138 155 2188 Saepe
175 2138 276 2178 dubium
295 2136 382 2185 manet,
402 2137 485 2177 utrum
504 2148 546 2187 per
565 2137 667 2188 gratiam
686 2139 835 2188 excitantem,
856 2140 924 2180 adiu-

0 2195 6 2250 Ξ
80 2201 175 2241 vantem
189 2201 231 2242 etc.
247 2200 334 2241 directe
348 2199 423 2240 velint
436 2200 568 2250 exprimere
583 2201 674 2241 donum
688 2202 793 2242 creatum
808 2202 924 2244 divinitus

81 2263 170 2312 datam,
188 2275 219 2303 an
235 2264 313 2314 potius
329 2263 405 2313 ipsam
422 2262 551 2313 gratuitam
568 2263 610 2304 Dei
627 2264 780 2313 voluntatem,
800 2266 815 2305 i.
833 2277 853 2306 e.
871 2277 924 2317 gra-

80 2326 138 2367 tiam
152 2327 248 2366 dantem
263 2328 293 2378 (v.
307 2338 330 2365 n.
344 2328 364 2373 5,
380 2329 389 2365 1
404 2326 427 2365 et
438 2325 561 2366 Sclceehea
573 2327 589 2366 l.
604 2339 623 2367 c.
638 2339 661 2366 n.
676 2328 720 2377 50).

79 2454 134 2494 489.
172 2452 312 2495 Scholastici
335 2453 450 2494 adhibitis
474 2454 626 2505 conceptibus
649 2453 798 2496 aristotelicis
820 2456 923 2506 gratiam
945 2473 946 2476 ¹

79 2517 157 2565 primo
175 2517 224 2557 tam
241 2516 359 2557 exclusive
382 2515 551 2567 intellegebant
573 2517 726 2566 habitualem,
752 2519 779 2559 ut
803 2518 922 2560 internam

79 2580 181 2629 gratiam
196 2580 312 2620 actualem
328 2579 475 2629 neglexerint
493 2581 531 2630 (ct.
548 2591 572 2620 n.
588 2582 659 2621 alass
673 2581 761 2631 34ssss).
780 2582 923 2623 Praesertim

44 2660 46 2663 ·
80 2642 188 2683 doctrina
205 2643 229 2683 S.
248 2643 370 2683 Thomae
388 2642 416 2682 de
435 2642 526 2691 duplici
544 2654 614 2684 sensu
631 2643 696 2683 vocis
713 2643 802 2694 gratiae
823 2644 923 2695 (donum

79 2704 201 2746 habituale
211 2705 234 2746 et
243 2705 374 2756 gratuitum
385 2704 503 2745 auxilium
514 2706 557 2747 Dei
567 2706 668 2746 interius
677 2707 783 2747 animam
794 2708 920 2759 mouentis)

79 2779 105 2808 eo
119 2769 194 2817 duxit,
209 2770 236 2810 ut
248 2770 333 2810 divisio
346 2767 434 2820 gratiae
448 2769 473 2808 in
486 2769 634 2809 habitualem
647 2768 669 2809 et
681 2769 798 2810 actualem
813 2770 923 2821 explicite

80 2830 229 2872 statueretur.
245 2833 304 2872 Eam
322 2829 477 2879 Capreolus
496 2832 519 2883 {t
536 2832 598 2883 1444)
617 2832 665 2872 iam
682 2833 726 2883 sub
743 2832 808 2873 hisce
824 2832 923 2874 vocibus

79 2895 198 2943 proponit
213 2895 253 2935 sed
266 2906 342 2945 usque
355 2894 384 2934 ad
398 2893 498 2934 aetatem
512 2895 719 2945 posttridentinam
734 2896 809 2945 gratia
823 2896 923 2937 actualis

80 2956 199 2996 ordinarie
216 2958 259 2997 sab
277 2957 330 2997 aliis
346 2956 484 2996 nominibus
501 2957 609 2997 occurrit.
627 2957 711 2998 Vocari
729 2958 788 2999 solet
805 2959 923 2999 ancilium
