2214 3350
197 134 234 177 322
319 135 375 172 Sect
386 136 424 171 ΙΙΙ.
438 130 484 171 Art.
497 136 526 171 II.
535 136 570 171 'De
583 134 647 170 donis
658 134 683 168 in
694 108 851 177 iustificatione
864 122 922 170 datis

197 242 324 288 sepelimur,
340 242 490 287 resurgimus,
501 241 651 287 glorificamur
668 242 732 287 (Rom
746 241 764 285 6,
780 242 829 285 155,
845 239 862 285 8,
879 234 910 285 '173
926 240 936 277 1
951 241 995 277 Cor
1011 241 1042 284 15,
1101 254 1102 257 ¹

196 293 227 337 4&
240 294 289 340 Eph
302 294 320 336 2,
334 295 346 331 5
359 288 415 341 etc).
430 295 488 330 Hinc
501 294 568 330 Pater
581 302 685 335 amorem,
701 302 744 337 quo
757 292 840 327 Filium
852 292 979 327 naturalem
992 292 1041 328 dili-

196 346 235 390 git,
252 346 281 381 ad
294 345 352 381 filios
367 346 482 392 adoptivos
496 346 593 394 extendit
609 344 685 391 (1017,
701 344 735 382 23:
754 343 874 380 «Dilexisti
888 353 931 388 eos,
948 344 1004 380 sicut
1020 344 1043 379 et

195 406 230 433 me
247 397 345 433 dilexisti
353 409 372 442 »;
390 399 416 434 cf.
435 399 484 433 Ber.
504 396 539 438 806
547 398 565 444 5)
584 406 664 441 eosque
681 396 753 431 nutrit
771 404 847 441 «pane
865 394 962 431 filiorum
979 396 1038 431 Dei»

197 449 254 494 (Vill.
272 458 293 486 n.
312 449 354 493 116;
370 451 418 486 Ber.
436 459 457 485 n.
474 448 517 492 8093
534 449 560 485 cf.
578 449 646 484 etiam
660 448 685 484 P.
694 449 718 484 A.
727 449 809 483 norsaz
825 449 848 485 C.
866 447 903 484 SSl.
920 448 953 492 R„
970 448 1041 484 Notre

194 501 287 547 parente
306 511 358 537 avec
376 501 407 537 les
425 510 546 546 personnes
565 500 650 536 divines
671 500 804 546 (Sss-Etienne
824 498 887 545 1921),
907 499 1040 545 praesertim

193 562 214 599 p.
233 552 257 589 64
264 563 287 588 55
304 553 374 590 192ss.
418 579 419 582 η

194 656 249 697 433.
286 657 349 696 Haec
365 655 459 706 adoptio
481 666 549 706 prae
571 655 695 695 humana
717 654 806 695 multas
821 654 894 695 habet
910 657 1039 706 praeroga

194 718 265 760 tiras:
287 719 309 770 a)
334 729 389 758 non
409 717 445 759 fit
465 730 498 759 ex
518 717 579 768 ulla
601 716 763 769 indigentia
784 716 926 767 adoptantis,
944 727 992 757 non
1009 728 1039 757 ex

194 781 287 823 defectu
300 781 347 821 filii
360 780 483 829 naturalis,
498 792 574 831 neque
588 792 617 821 ex
630 792 670 831 spe
683 779 758 821 ullius
770 779 887 829 utilitatis,
902 780 963 821 sicut
975 780 1040 820 inter

193 844 302 885 homines
317 844 390 884 moris
405 844 446 893 est,
463 844 504 885 sed
520 844 550 885 fit
564 855 593 884 ex
607 843 737 894 purissima
751 843 915 884 benevolentia
930 844 954 884 et
967 843 1037 883 mise·
1076 870 1079 873 -

192 907 295 948 ricordia
310 907 343 958 (S.
357 907 390 948 tt.
404 910 424 956 3,
438 918 461 958 q.
475 909 502 948 23
515 918 536 947 a.
551 910 563 947 1
576 908 608 947 ad
620 907 651 958 2).
666 908 727 957 Ergo
741 906 904 947 excellentiore
918 906 988 947 modo
1002 906 1038 947 est

157 990 159 992 ·
191 970 302 1021 gratuita.
316 995 348 1000 —
360 970 385 1021 b)
400 970 420 1009 N
425 981 459 1010 on
473 969 611 1020 supponit
624 969 684 1010 sicut
696 970 803 1010 humana
817 969 911 1023 adoptio
926 969 1036 1010 idonei-

191 1033 277 1073 tatem
294 1032 431 1083 adoptandi,
450 1033 466 1072 1.
485 1043 505 1073 e.
525 1031 708 1072 similitudinem
726 1032 824 1073 naturae
842 1032 865 1073 et
881 1032 1035 1082 capacitatem

190 1096 348 1144 hereditandi‚
375 1096 421 1136 sed
445 1107 506 1136 eam
529 1094 635 1144 efficit,
661 1094 875 1146 supernaturaliter
891 1094 1036 1136 conferendo

190 1159 336 1199 consortium
351 1158 462 1209 paternae
486 1157 585 1199 naturae
608 1169 707 1208 eamque
730 1158 906 1209 perfectionem,
925 1169 986 1209 quae
1004 1158 1035 1199 ad

190 1221 334 1272 possidenda
347 1221 409 1262 bona
422 1221 498 1272 patris
512 1220 643 1271 requiritur
659 1222 688 1273 (a.
705 1221 736 1272 1).
752 1247 783 1252 —
797 1221 817 1272 c)
835 1221 887 1260 Non
902 1221 937 1261 est
950 1221 1036 1262 relatio

189 1285 289 1339 rationis
300 1284 393 1325 tanturn
406 1296 482 1335 neque
496 1282 657 1334 denominatio
670 1279 809 1332 extrinseca,
823 1289 899 1334 neque
914 1294 956 1324 ens
968 1295 1035 1324 mere

189 1347 279 1388 morale
295 1347 319 1388 et
335 1344 471 1396 iuridicum,
491 1347 532 1387 sed
548 1346 583 1387 est
599 1346 682 1387 relatio
699 1346 788 1387 realis
804 1347 831 1387 in
848 1346 907 1396 filio,
926 1346 964 1387 cui
980 1358 1035 1398 per-

188 1410 316 1451 fectionem
327 1410 474 1461 physicam
487 1409 586 1458 coniert;
599 1421 675 1460 neque
687 1409 783 1464 vinculo
796 1421 861 1450 mere
873 1409 966 1459 morali,
980 1409 1031 1449 scil.

188 1473 278 1514 affectu
302 1473 394 1523 paterni
418 1472 514 1521 amoris,
535 1472 630 1523 supplet
647 1472 680 1521 id,
700 1483 748 1523 quo
766 1472 861 1523 adoptio
880 1472 915 1513 est
933 1472 1034 1513 inferior

187 1530 338 1586 generatione
354 1535 464 1584 naturali,
481 1535 505 1575 h.
522 1547 542 1576 e.
559 1536 648 1576 realem
663 1535 903 1575 communicationem
919 1534 1031 1585 paternae

187 1599 294 1647 naturae;
311 1599 351 1639 sed
366 1598 500 1649 adoptando
515 1597 632 1649 physice
646 1597 738 1639 mutat
751 1598 882 1638 naturam
897 1597 944 1638 filii
959 1598 1033 1648 adop-

186 1661 237 1710 tivi,
255 1672 307 1702 eam
324 1661 350 1701 in
366 1660 571 1711 supernaturalem
593 1660 671 1701 Patris
693 1660 823 1711 imaginem
840 1660 1030 1701 transmutando.

186 1725 235 1765 Hac
249 1736 278 1765 ex
291 1724 357 1775 parte
370 1724 480 1764 convenit
493 1735 548 1764 cum
563 1722 678 1764 filiatione
692 1724 804 1772 naturali,
820 1735 834 1764 a
848 1734 895 1773 qua
909 1723 991 1764 tamen
1003 1735 1032 1764 eo

186 1787 276 1836 differt,
294 1787 358 1838 quod
374 1787 460 1828 natura
475 1786 550 1837 patris
566 1797 614 1826 non
630 1786 823 1834 substantialiter,
842 1788 883 1827 sed
899 1787 1031 1826 occidentu-

134 1866 136 1870 ’
185 1850 239 1890 liter
255 1855 349 1890 tantum
363 1849 554 1890 communicatur
568 1849 628 1898 iili03
644 1860 701 1890 nam
717 1860 807 1890 novum
822 1859 879 1898 esse,
897 1849 961 1899 quod
976 1849 1030 1890 filio

185 1912 297 1963 adoptivo
314 1912 441 1961 confertur,
461 1923 509 1952 non
527 1912 563 1953 est
579 1912 659 1962 ipsum
677 1911 832 1952 substantiale
849 1922 898 1952 esse
916 1912 967 1961 Dei,
987 1912 1029 1952 sed

185 1975 283 2026 aliquod
299 1986 349 2015 esse
366 1974 517 2023 accidentale,
535 1986 582 2025 quo
600 1974 667 2014 iilius
683 1974 809 2025 adoptivus
826 1974 959 2025 specialiter
974 1986 1029 2026 par-

184 2038 259 2089 ticeps
272 2037 372 2078 efficitur
386 2036 596 2078 intellectualitatis
610 2037 708 2078 naturae
724 2037 826 2077 divinae.
842 2063 874 2068 -
887 2038 911 2089 d)
929 2037 1030 2088 Propter

183 2100 254 2141 istam
281 2100 405 2151 physicam
431 2098 628 2144 assimilationem
648 2100 678 2139 ad
699 2099 810 2140 naturam
836 2099 943 2145 divinam
970 2100 1028 2140 huic

183 2162 306 2214 adeptioni
326 2162 387 2203 recte
406 2162 494 2202 dantur
512 2161 689 2212 praedicata,
710 2173 770 2212 quae
791 2162 819 2203 de
840 2162 964 2212 adoptione
983 2164 1027 2203 hu-

183 2237 255 2266 mana
267 2225 324 2266 satis
336 2225 413 2275 inepte
426 2224 573 2265 dicerentur:
589 2225 652 2265 Deus
663 2224 740 2276 piqntt
752 2225 796 2265 hos
808 2224 873 2265 filios
886 2226 933 2277 (lac
946 2229 965 2277 1,
980 2225 1027 2277 18);

183 2289 229 2339 ipsi
244 2288 301 2329 sunt
314 2299 342 2328 cr
355 2288 404 2327 Deo
417 2289 469 2328 nan
485 2287 519 2338 (Io
534 2289 554 2336 1,
571 2288 615 2339 13);
631 2298 712 2327 semen
725 2288 770 2327 Det
784 2279 810 2327 in
824 2287 854 2328 iis
868 2288 949 2329 manet
964 2289 985 2340 (l
1001 2290 1028 2329 lo

182 2354 202 2400 3,
216 2352 249 2403 9);
262 2351 319 2392 sunt
329 2363 391 2391 neruo
403 2357 510 2391 creatura
524 2351 547 2402 (2
560 2350 637 2400 0015,
651 2352 685 2399 17;
700 2350 743 2391 Gal
755 2353 775 2399 6,
791 2353 824 2399 15;
839 2351 869 2391 cf.
884 2352 961 2392 Thera
972 2351 989 2391 l.
1004 2364 1026 2392 c.

182 2426 203 2455 a.
220 2418 241 2455 2.
256 2439 289 2445 —
304 2414 325 2465 e)
344 2414 425 2463 Quoad
442 2413 631 2454 hereditatem
647 2414 750 2454 habetur
765 2414 827 2454 illud
844 2413 979 2463 discrimen,
998 2414 1027 2454 ut

181 2488 229 2517 non
247 2476 390 2517 concedatur
406 2477 443 2516 ius
460 2477 486 2516 in
508 2482 603 2526 portem
625 2476 743 2517 honorum
766 2476 848 2526 patris,
875 2476 936 2518 inter
960 2477 1026 2517 filios
1104 2500 1105 2503 =

182 2540 408 2588 distribuendorum,
428 2539 469 2579 sed
485 2539 511 2578 in
528 2539 632 2590 inteqras
650 2545 672 2579 ct
688 2539 804 2580 indivisos
828 2539 923 2580 divitius
947 2540 1027 2581 Patris

181 2602 294 2651 caelestis,
310 2614 371 2653 quae
385 2613 428 2652 pro
443 2613 486 2642 sua
501 2600 667 2652 spiritualitate
683 2615 697 2643 a
711 2601 794 2643 multis
808 2601 956 2644 indeminute
971 2614 1024 2653 pos

181 2665 253 2705 sideri
268 2665 368 2715 possunt
382 2664 453 2705 simul
468 2675 523 2705 cum
539 2664 609 2706 Patre
624 2664 731 2714 Filioque
747 2663 851 2705 naturali
869 2666 898 2717 (a.
916 2668 927 2706 1
944 2666 974 2707 ad
989 2665 1023 2716 3),

179 2784 235 2825 434.
271 2787 291 2825 2.
315 2783 450 2837 Explicatur
472 2782 556 2824 relatio
579 2780 713 2836 adoptionis
736 2784 766 2824 ad
791 2783 893 2834 gratiam
915 2783 1023 2825 sanctifi:

180 2847 282 2888 cantem.
298 2847 321 2898 a)
337 2846 495 2898 Adoptionem
511 2846 591 2898 aliquo
606 2847 676 2887 modo
692 2847 824 2898 formaliter
839 2845 897 2886 effici
913 2858 956 2897 per
970 2858 1022 2897 gra

178 2910 237 2951 tiam
253 2909 390 2950 immediate
406 2909 512 2961 sequitur
527 2920 540 2950 e
555 2909 589 2950 th.
607 2912 641 2958 143
658 2921 714 2950 nam
731 2910 751 2949 si
766 2910 831 2950 Deus
845 2910 955 2960 producit
969 2921 1024 2961 gra-
