2214 3350
186 170 221 207 162
246 150 248 153 ι
371 171 426 207 Sect.
442 171 470 207 II.
486 171 530 207 Art.
547 171 564 207 I.
580 171 611 207 De
626 170 746 215 gratuitate
761 169 847 215 gratiae

187 293 197 313 a
207 279 344 325 Quicumque
365 280 437 325 legem
459 280 542 326 implet,
567 280 599 316 est
621 280 646 314 in
661 276 760 321 Christo,
785 278 807 314 et
828 278 894 313 datur
917 278 937 314 ei
950 277 1033 322 ,gratia

185 340 225 378 per
241 332 277 367 sui
293 332 489 378 praeparationem
505 333 534 368 ad
550 331 650 373 eandem,
669 330 777 375 quantum
794 329 858 365 inse
874 330 913 365 est.
923 342 933 363 1>
950 348 974 354 —
990 330 1033 365 Sed

184 392 278 430 prorsus
292 384 375 421 aliter
388 394 408 421 a.
425 383 472 421 1516
487 384 521 430 (la
534 383 592 419 Rom
605 383 642 419 fol,
658 382 694 419 278
708 383 742 428 bi:
761 381 985 417 «Absurdissima
999 382 1033 417 est

185 435 207 472 ct
222 435 371 482 pelagiano
388 436 474 471 errori
490 433 799 480 vehementerpatrona
812 433 924 469 sententia
939 432 1031 475 usitata,

186 496 231 532 qua
248 488 340 525 dicitur:
360 487 460 523 Facienti
476 496 495 531 q.
507 487 526 534 i,
546 496 563 522 s.
582 496 608 531 e.‚
625 486 774 522 infallibiliter
791 487 850 521 Deus
866 485 966 521 infundit
982 494 1033 530 gra-

185 539 248 582 tiam,
267 539 416 585 intellegendo
431 548 470 585 per
486 539 560 574 facere
577 547 595 583 q.
614 538 628 576 1,
646 547 663 573 s.
682 547 700 574 e.
718 537 804 582 aliquid
819 538 892 574 facere
908 537 943 572 vel
959 545 1037 584 posse..

186 591 241 627 Inde
258 592 317 627 enim
334 592 380 626 tota
396 590 494 626 Ecclesia
511 599 567 635 perce
584 589 691 625 subversa
709 591 747 634 est,
766 589 869 626 videlicet
886 590 954 625 huius
970 589 1032 625 verbi

184 642 281 679 fiducia,v
290 643 447 687 Unusquisque
460 641 551 677 interim
566 650 641 677 secure
656 641 738 687 peccat,
754 651 806 677 curn
820 641 881 677 omni
896 641 993 687 tempore
1007 641 1032 677 in

186 695 279 731 arbitrio
293 703 333 730 suo
347 694 377 730 sit
390 694 462 730 facere
476 702 496 739 q.
510 694 525 729 1,
542 703 559 730 s.
576 702 601 735 e.‚
618 702 670 739 ergo
685 693 707 730 et
720 693 801 739 gratie.
817 694 875 739 Ergo
890 694 938 729 sine
953 694 1032 730 timore

185 749 246 792 eunt,
263 748 308 784 scil.
326 757 367 784 suo
382 748 479 794 tempore
495 747 584 791 facturi,
601 747 660 792 quod
675 747 700 783 in
716 748 747 783 eis
764 748 803 791 est,
821 748 841 783 11
857 748 955 793 gratiam
969 748 1031 784 habi-

185 803 237 837 turi.
248 815 259 834 »
274 802 297 840 Α,
315 800 374 838 1519ε
393 801 501 847 «Oportet
517 810 570 846 ergo
583 801 697 837 hominem
711 802 737 837 de
753 802 801 837 suis
815 801 919 847 operibus
935 801 1033 837 diffidere

185 854 206 890 et
219 854 280 890 velut
292 854 442 900 paralyticum
455 854 555 889 remissis
569 855 674 890 manibus
685 855 708 890 et
720 854 814 900 pedibus
829 853 926 899 gratiam
940 861 1031 898 operum

185 907 293 943 artificem
310 907 449 954 implorare»
471 907 556 952 (Weim.
576 907 594 952 2,
613 907 665 955 420).
684 927 709 936 -
725 908 804 944 Adhuc
822 908 887 957 hodie
906 906 1032 943 calumniae
1066 931 1068 933 -

184 961 276 1004 Lutheri
295 962 432 1007 repetuntur.
453 962 491 998 Th.
512 962 606 1005 KoIde,
626 963 655 997 M.
676 962 759 998 Lutbcr
778 963 795 1006 I,
816 961 840 998 57
861 962 929 1008 (apud
947 961 1032 1006 Dcuifle

184 1016 201 1057 I,
216 1013 273 1060 579);
292 1015 386 1051 «Dahin
399 1015 453 1061 ging
467 1015 501 1051 die
515 1015 668 1052 kircblicbe
682 1016 775 1059 Lehre‚
791 1016 843 1052 dass
857 1015 909 1052 Gott
922 1024 981 1051 zwar
996 1015 1031 1051 die

183 1068 262 1104 Gnade
278 1067 382 1112 verleihe,
401 1069 432 1105 sie
450 1069 565 1114 eingiesse,
584 1070 623 1105 der
641 1070 732 1106 Mensch
755 1070 809 1105 aber
832 1071 935 1114 vermbge
949 1067 1032 1105 ‘'seiner

184 1120 328 1156 natiirlichen
344 1121 422 1157 Kraite
438 1121 486 1157 sich
502 1121 564 1158 ihrer
580 1122 668 1166 vviirdig
685 1122 780 1158 macheu
796 1122 868 1157 kbnne
885 1122 932 1157 und
949 1120 1008 1156 solie.
1019 1134 1030 1153 i>

184 1236 239 1277 243.
277 1236 379 1277 Omnem
394 1235 573 1287 dispositionem
587 1235 715 1287 positivam
728 1248 759 1277 ex
772 1235 864 1276 viribus
879 1235 977 1276 naturae
993 1246 1031 1274 ex-

183 1299 329 1349 plodendam
341 1310 400 1347 esse,
414 1300 455 1340 sed
469 1310 534 1340 mere
546 1298 683 1349 nepaticam
695 1299 746 1340 tuto
758 1298 853 1340 admitti
866 1309 941 1350 posse,
956 1298 1031 1339 maxi-

184 1373 222 1402 me
233 1361 356 1403 ostensum
369 1362 404 1403 est
413 1374 428 1402 a
439 1361 610 1403 Molinistis.
623 1363 676 1413 lpse
688 1361 744 1403 Lud.
758 1361 847 1403 Molina
860 1363 883 1403 S.
892 1362 913 1402 J.
928 1362 953 1414 (t
966 1361 1028 1414 1600)

183 1436 280 1465 omnem
291 1425 423 1475 positivam
434 1425 557 1465 influxum
570 1436 670 1476 operum
683 1424 830 1465 naturalium
843 1425 868 1464 in
881 1423 1031 1465 collationem

151 1498 152 1501 ¹
184 1487 274 1538 gratiae
290 1488 479 1538 supernaturalis
496 1487 651 1529 disertissime
668 1494 737 1538 crepat
762 1488 795 1541 [1,
812 1489 829 1527 P
847 1488 906 1539 215).
930 1487 1030 1528 Axioma

183 1560 257 1590 sensa
271 1551 350 1602 aliquo
366 1551 463 1601 speciali
476 1551 586 1592 adhibet:
604 1551 675 1592 Pater
688 1551 795 1592 caelestis
808 1552 831 1592 et
846 1550 954 1591 Christus
968 1550 1031 1591 inter

184 1613 248 1664 leges
265 1613 424 1654 distribuendi
442 1624 506 1654 mere
524 1612 599 1664 gratis
615 1613 711 1663 gratias,
729 1625 791 1664 quas
808 1613 917 1654 Christus
933 1612 1028 1662 meruit,

182 1675 255 1716 etiam
269 1676 331 1716 hanc
344 1675 488 1716 statuerunt:
507 1676 533 1717 Si
547 1675 641 1716 infideli
655 1676 717 1716 fides
727 1675 881 1727 praedicatur
893 1676 931 1716 vel
944 1676 964 1717 si
977 1688 1030 1728 pec·
1090 1675 1091 1679 ’

183 1739 249 1779 cator
265 1738 352 1789 cogitat
368 1739 397 1779 de
414 1738 513 1787 actibus,
532 1737 621 1789 quibus
638 1737 777 1779 iustificatio
794 1737 921 1787 obtinetur,
940 1738 969 1788 ei,
987 1739 1029 1790 qui

182 1807 281 1852 parcius
292 1807 328 1841 cst
339 1802 423 1851 facere,
439 1801 503 1852 qaod
514 1801 542 1841 in
554 1812 578 1841 sc
591 1807 632 1850 cst,
646 1802 662 1841 1.
677 1813 696 1843 e.
710 1802 834 1843 veritatem
846 1802 905 1843 fidei
918 1802 1029 1854 amplecti

182 1865 220 1904 vel
244 1864 311 1904 actus
333 1862 482 1905 contritionis
497 1862 541 1905 etc.
559 1863 652 1913 elicere,
677 1864 740 1905 Deus
763 1864 930 1915 praeveniente
953 1865 1030 1915 gratia

183 1926 361 1978 supernaturali
376 1925 408 1967 ita
423 1926 573 1978 praesideat,
588 1927 616 1968 ut
630 1928 656 1967 hi
672 1928 738 1969 actus
752 1926 913 1969 infallibiliter
927 1928 1030 1969 evadant

183 1989 307 2030 salutares.
323 2014 356 2019 —
371 1989 438 2029 Hanc
454 1989 531 2039 legem
548 1988 629 2030 valere
644 1990 818 2031 rationabiliter
835 1996 857 2031 cf
873 1990 1030 2042 probabiliter

183 2051 255 2092 statui
267 2050 351 2102 potest,
363 2051 387 2091 et
398 2050 451 2092 talis
462 2050 544 2102 opinio
556 2052 585 2092 ab
597 2062 676 2092 errore
688 2052 872 2103 semipelagiano
886 2053 921 2094 est
931 2054 1029 2095 omnino

183 2114 281 2162 remota,
298 2114 408 2165 quamvis
423 2114 482 2155 torte
498 2125 547 2154 non
561 2115 635 2165 possit
650 2126 677 2155 ea
692 2114 730 2156 lex
745 2112 824 2156 stricte
840 2116 944 2167 probari.

246 2201 396 2238 Banesiani
418 2200 536 2237 Molinae
559 2200 659 2236 multos
682 2210 789 2237 errores
811 2200 1028 2247 imputaverunt,

182 2265 238 2301 quos
249 2265 366 2301 nunquam
377 2255 458 2298 docuit
470 2264 489 2291 1.
502 2255 527 2291 A.
540 2254 653 2290 Astrain
665 2255 685 2292 St
699 2255 725 2298 1.,
737 2256 795 2291 Hist.
809 2254 835 2290 dc
848 2256 870 2291 tc
884 2256 955 2300 Compi.
970 2255 996 2292 de
1009 2257 1026 2292 J.

181 2310 219 2351 IV,
240 2308 338 2354 Append.
357 2308 374 2352 1,
396 2317 446 2354 pag.
463 2307 537 2351 799ss;
558 2317 630 2354 praes.
648 2317 669 2354 p.
685 2307 732 2345 803:
758 2308 795 2345 «5.
818 2308 900 2344 Dicunt
921 2308 1029 2345 Molinam

181 2371 263 2408 ponere
281 2361 393 2405 meritum,
411 2361 512 2398 valorem
530 2361 551 2398 et
568 2361 670 2406 vigorem
686 2362 710 2397 in
729 2361 815 2398 actibus
834 2362 982 2406 naturalibus
1003 2364 1029 2399 ut

180 2415 272 2461 propter
284 2415 335 2452 illos
348 2415 383 2451 vel
396 2424 472 2451 eorum
485 2414 571 2450 intuitu
583 2416 648 2451 detur
661 2415 807 2461 praeveniens
820 2415 900 2461 gratia.
916 2416 961 2452 Nos
976 2416 1028 2453 dici-

180 2477 232 2504 mus
249 2469 320 2504 totum
338 2468 476 2505 contrarium
493 2469 595 2504 docuisse
613 2468 726 2505 Molinam.
745 2487 772 2501 -1
788 2469 805 2506 8,
825 2469 942 2506 Affirmant
960 2470 1028 2507 etiam

181 2521 315 2558 sententiam
331 2522 428 2559 Molinae
444 2531 491 2559 esse
506 2521 595 2558 nullum
609 2523 736 2569 praeveniri
752 2522 827 2567 gratia
841 2523 888 2567 Dei,
904 2524 949 2560 nisi
964 2524 1029 2571 prius

181 2575 276 2611 naturae
291 2576 377 2611 viribus
391 2575 466 2620 faciat,
482 2576 542 2621 quod
556 2576 581 2611 in
595 2585 617 2612 se
633 2576 671 2613 est.
688 2578 733 2614 Nos
748 2585 857 2622 negamus
872 2576 913 2614 hoc
928 2587 1028 2623 unquam

182 2628 264 2664 dixisse
278 2628 393 2672 Molinam,
408 2629 447 2665 sed
460 2628 536 2675 potius
550 2629 693 2666 contrarium.
708 2651 735 2660 -
750 2629 779 2667 10.
795 2631 876 2666 Dicunt
891 2630 998 2669 affirmari
1013 2642 1029 2668 a

181 2681 267 2717 Molina
281 2681 394 2719 hominem
410 2692 434 2718 se
450 2683 567 2729 disponere
585 2684 613 2719 ad
629 2683 727 2728 gratiam
742 2684 845 2720 iaciendo
862 2684 915 2720 solis
932 2686 1027 2722 naturae

180 2735 274 2779 viribus,
290 2735 349 2780 quod
362 2736 387 2772 in
400 2745 423 2773 se
438 2737 476 2772 est.
492 2737 539 2772 Nos
554 2736 648 2772 dicimus
662 2737 727 2783 longe
742 2737 784 2773 hoc
799 2738 876 2773 abesse
891 2747 905 2774 a
919 2740 991 2775 mente
1007 2740 1028 2775 et

180 2789 256 2824 verbis
269 2788 428 2825 1111111111.»-
441 2790 610 2826 Conveniunt
624 2791 719 2827 Iesuitae
734 2800 785 2827 cum
798 2791 949 2829 Dominicanis
965 2793 1027 2838 (ibid.

180 2852 201 2887 p.
220 2841 276 2888 raet:
296 2842 332 2878 «7.
350 2843 382 2879 Ex
396 2844 432 2880 his
446 2844 558 2890 operibus,
576 2854 632 2890 quae
649 2845 767 2881 arbitrium
782 2846 854 2892 potest
870 2855 893 2883 se
908 2847 954 2883 solo
970 2848 1028 2884 iace-

180 2905 211 2938 re,
220 2922 225 2930 .
235 2923 239 2931 .
249 2924 254 2932 .
266 2895 355 2931 nullum
366 2906 419 2942 esse,
432 2898 491 2944 quod
502 2909 526 2934 se
538 2899 619 2935 habeat
631 2900 746 2945 tamquam
758 2900 862 2936 meritum
874 2901 908 2937 vel
920 2910 1029 2937 commen-

181 2949 261 2986 surata
274 2950 389 2997 dispositio
403 2952 432 2988 ad
444 2952 543 2997 gratiam
555 2954 590 2989 vel
603 2953 670 2989 finem
684 2954 884 3001 supernaturalem,
899 2957 938 2991 sed
952 2956 1030 2992 omnia
