2214 3350
166 151 202 187 302
284 152 339 187 Sect.
353 152 392 187 ΙΙΙ.
406 152 450 187 Α11.
464 152 492 187 II.
506 152 537 187 De
550 151 614 187 donis
625 151 650 186 in
661 149 817 186 iustificatione
831 150 889 186 datis

139 247 141 249 ’
166 260 189 301 11
207 260 324 300 formulis
336 260 441 311 inopine,
462 271 532 310 porro
551 260 616 310 apud
635 244 734 300 ludaeos
752 259 911 300 hellenisticos
922 259 1008 299 >Philo-

166 334 229 371 nenc,
247 324 281 363 De
296 324 375 364 Decal.
393 327 419 364 21
439 324 495 375 (Mo
512 327 531 371 1,
550 323 607 374 198),
625 324 667 363 ubi
684 323 713 363 de
730 322 832 373 planetis
848 322 1007 373 praedicatur,

167 387 189 427 et
202 386 338 436 Iosephnnc,
355 387 378 427 C.
394 387 479 437 Apion.
496 390 515 435 1,
531 386 581 426 261.

166 518 220 559 ilo.
257 516 435 569 Argumentum.
451 518 474 558 S.
490 517 575 557 Petrus
588 517 671 557 asserit
683 516 780 568 aliquod
796 516 939 558 consortium
952 515 1007 558 divi=

167 592 211 621 uae
234 581 343 627 naturae,
367 580 429 631 quod
452 591 494 631 per
517 578 620 629 pretiosa
641 579 684 619 Dei
706 580 770 620 dona
792 579 934 619 conteratur.
959 581 1008 621 Hoc

167 644 323 684 consortium:
962 655 963 658 ¹

236 739 256 775 1.
280 746 326 774 non
350 734 495 784 intellegitur
518 745 588 774 sensu
610 733 803 782 pantheistioo
825 735 863 774 vel
887 734 1005 785 magico.

168 798 233 838 Talis
251 798 303 838 idea
321 798 450 848 generatim
469 809 483 837 a
503 797 525 838 S.
547 797 669 847 Scriptura
688 797 757 848 longe
776 796 848 838 abest.
870 796 1009 848 Specialiter
1040 808 1048 817 *

167 861 192 900 in
205 861 249 901 hac
261 860 371 910 pericopa
382 860 417 900 est
430 871 507 900 sermo
521 860 549 900 de
562 859 642 909 aliqua
656 857 843 911 participatione,
859 871 931 911 quam
944 858 1009 900 Deus

166 935 209 973 per
220 922 341 964 Christum
352 923 425 962 libere
437 929 459 963 et
469 924 572 973 qrctnito
586 923 632 963 dat.
646 922 740 973 Optime
753 922 933 974 distinguuntur
945 923 1010 964 Deus

167 997 254 1036 magna
268 987 329 1026 dona
343 986 402 1026 dans
417 987 447 1038 (v.
462 985 512 1037 3s),
526 986 598 1026 homo
612 984 715 1026 fideliter
729 996 857 1037 cooperans
872 987 902 1037 (v.
917 986 1007 1037 5-10),

166 1050 230 1090 Deus
248 1043 373 1089 adiuvans
382 1049 405 1089 et
422 1059 578 1089 remunerans
599 1049 628 1099 (r.
650 1051 674 1089 11
695 1049 739 1101 12).
760 1050 828 1090 Dona
846 1049 901 1089 sunt
920 1050 1007 1089 summi

167 1101 281 1153 momenti
301 1112 379 1160 ethici,
399 1110 525 1152 conferunt
544 1111 575 1152 ad
594 1111 668 1152 vitam
688 1111 711 1153 et
730 1112 849 1162 pietatem,
871 1112 977 1163 eripiunt
995 1124 1009 1153 e

167 1174 316 1225 corruptione
333 1175 356 1214 et
371 1173 559 1225 concupiscentia
575 1174 667 1215 mundi.

235 1270 256 1307 2.
275 1267 363 1306 Tamen
381 1277 427 1306 non
444 1265 480 1306 est
496 1265 641 1306 consortium
665 1277 738 1307 mere
762 1266 868 1307 morale
892 1265 940 1307 sive
959 1267 1008 1307 sola

167 1332 305 1372 assimilatio
328 1331 404 1372 ethica
420 1332 449 1371 ad
466 1332 551 1380 Deum,
577 1331 686 1372 exercitio
709 1331 826 1372 virtutum
849 1330 1006 1382 procuranda.

167 1398 215 1437 Hoc
239 1396 336 1446 quidem
360 1395 498 1436 exercitium
522 1394 607 1436 fideles
630 1395 756 1446 diligenter
779 1396 898 1446 praestare
923 1395 1010 1437 debent

170 1463 200 1512 (v.
219 1462 251 1513 5),
270 1460 297 1501 ut
314 1460 406 1501 tructus
423 1460 527 1500 habeant
546 1460 575 1512 (8)
596 1459 619 1501 et
636 1461 724 1501 certam
743 1461 844 1501 reddant
861 1460 1007 1501 vocationem

168 1537 235 1566 suam
252 1525 305 1577 (10),
320 1526 360 1565 sed
372 1526 402 1566 ab
416 1526 499 1566 eodem
513 1524 693 1575 distinguuntur
707 1525 769 1566 dona
782 1525 831 1566 iarn
845 1526 1009 1565 antecedenter

167 1591 192 1630 in
205 1592 270 1631 hunc
283 1590 357 1631 iinem
370 1590 460 1639 collata,
476 1590 539 1631 inter
551 1601 611 1641 quae
624 1589 742 1630 habentur
755 1591 899 1631 consortium
914 1591 1009 1631 divinae

167 1656 266 1696 naturae
280 1656 303 1696 et
316 1655 404 1705 ereptio
417 1667 430 1696 e
444 1652 595 1704 corruptione
609 1655 701 1695 mundi.
717 1655 780 1696 Haec
795 1656 856 1696 dona
871 1656 926 1696 sunt
940 1656 1006 1704 ratio,

167 1733 209 1760 eur
223 1721 324 1761 debeant
338 1720 431 1760 studere
445 1718 611 1760 assimilationi
626 1719 710 1760 morali
725 1730 768 1770 per
782 1720 920 1761 exercitium
935 1720 1009 1760 virtu-

168 1786 219 1826 tum
236 1787 267 1837 (v.
284 1787 297 1825 5
312 1784 382 1836 init).

235 1880 255 1917 3.
272 1877 324 1917 Non
338 1877 374 1917 est
387 1887 460 1917 mere
474 1874 727 1925 eschatologicum.
744 1876 831 1916 Divina
844 1875 921 1917 virtus
938 1877 968 1928 (1.
984 1877 1007 1927 3)

168 1943 216 1982 iam
234 1941 300 1982 dedit
315 1941 402 1988 omnia,
421 1952 481 1990 quae
499 1940 529 1979 ad
546 1940 620 1980 uitam
638 1940 661 1981 11
676 1940 795 1991 pietatem,
814 1941 829 1980 i.
848 1952 867 1980 e.
887 1942 917 1981 ad
934 1940 1008 1981 vitam

166 2018 221 2047 1111
231 2006 386 2047 christianam
397 2006 423 2044 in
434 2005 477 2044 boc
489 2005 582 2044 saeculo
594 2004 728 2055 gerendam,
743 2005 854 2055 speciant.
869 2006 1010 2056 Gorrespon-

168 2071 251 2111 denter
271 2071 327 2119 iuga
346 2077 386 2126 eng
399 2071 427 2110 ἐν
439 2068 550 2122 ἐπιθυμίᾳ
564 2068 658 2123 φθορᾶς
676 2070 706 2120 (v.
727 2071 749 2121 4)
771 2063 903 2118 nondicit,
926 2069 1008 2110 saltem

167 2147 215 2176 non
230 2135 353 2186 primario,
370 2134 524 2175 salvationem
540 2146 568 2175 ex
584 2135 627 2174 hoc
642 2135 732 2175 mundo
747 2135 844 2185 physice
860 2134 1008 2185 corruptibili

167 2212 210 2251 per
222 2201 355 2250 ingressum
368 2202 393 2241 in
405 2199 479 2241 vitam
493 2198 698 2250 incorruptibilem
711 2201 789 2251 futuri
802 2198 896 2248 saeculi,
911 2201 952 2240 sed
965 2200 1009 2240 sal-
1054 2190 1056 2193 ”

167 2266 285 2306 rationem
304 2277 333 2305 ex
351 2265 501 2315 corruptione
526 2265 612 2304 moreti
636 2265 838 2315 concupiscentiae
864 2266 1007 2310 mundanae,

168 2342 227 2381 quae
246 2342 261 2370 a
279 2331 327 2370 Deo
345 2341 387 2380 per
404 2330 506 2381 gratiam
526 2328 695 2370 iustificantem
712 2330 789 2370 datur.
818 2329 941 2380 Corruptio
961 2341 1010 2370 non

168 2395 244 2435 solum
257 2395 381 2435 diciturne
392 2394 581 2444 concupiscentia
592 2394 649 2443 orta,
662 2395 702 2435 sed
714 2394 785 2436 etiam
796 2395 822 2435 in
833 2406 861 2435 ea
871 2394 1009 2443 consistens,

167 2460 341 2511 opponiturque
358 2459 434 2500 «vitae
447 2462 470 2501 et
483 2459 590 2510 pietati».
605 2459 634 2498 ln
648 2459 690 2499 hoc
704 2466 814 2500 contentu
827 2459 914 2500 donata
928 2458 1009 2500 dicun·
1023 2472 1025 2475 ⁴

168 2525 207 2565 tur
220 2526 250 2576 (v.
264 2526 285 2576 1)
299 2525 401 2575 pretiosa
413 2525 530 2575 promissa
545 2523 602 2575 (sive
614 2524 790 2575 promissiones)
805 2525 912 2565 adhunc
925 2525 1008 2572 finem,

229 2658 236 2679 ²
251 2657 281 2692 Ci.
295 2666 363 2703 supra
374 2666 395 2692 n.
405 2656 490 2700 alceia
502 2676 525 2682 -
536 2657 674 2700 1110111111,
689 2656 850 2702 Terminologie
863 2658 901 2693 der
913 2657 1011 2693 Wieder-

168 2706 247 2749 gehurt
259 2714 279 2749 p.
295 2704 327 2742 131
341 2705 384 2740 not.
399 2706 418 2748 43
430 2724 453 2729 -
464 2704 620 2747 Reitzenstein,
635 2705 673 2739 Die
686 2704 867 2740 hellenistischen
881 2704 1009 2749 Mysterien·

168 2753 297 2797 religionen,
314 2753 331 2788 2.
349 2753 403 2789 Aufl.
423 2753 520 2798 (Leipzig
536 2752 591 2798 meo)
609 2752 632 2788 13
647 2752 676 2795 aa
691 2772 715 2778 —
731 2753 822 2789 chartea
837 2754 900 2797 Biqp,
920 2753 1009 2789 Critical

168 2801 214 2836 and
235 2800 354 2844 exegetical
374 2801 532 2845 *Commentary
554 2809 583 2835 on
603 2800 638 2836 the
660 2800 757 2846 Epistles
779 2802 801 2835 oi
825 2801 853 2837 St.
878 2800 943 2836 Peter
965 2802 1010 2836 and
1074 2808 1079 2816 ’“

169 2850 198 2885 st.
214 2848 277 2890 Jude,
293 2848 323 2883 ed.
340 2848 574 2894 2(Ecinnurgh1902)
590 2848 648 2885 255s.
664 2868 687 2874 -
699 2849 798 2885 Gentiles
812 2848 938 2895 philosophi
952 2850 1009 2885 hanc

168 2896 329 2933 deificationem
342 2906 408 2931 sensu
420 2897 567 2941 pantheictico
580 2896 742 2940 intellegebant.
757 2897 861 2940 —Quale
875 2898 1011 2933 consortium

169 2947 188 2982 s.
204 2946 285 2981 Petrus
299 2946 383 2980 asserat
397 2946 418 2980 11
432 2946 540 2990 quomodo
555 2954 569 2981 a
583 2945 688 2981 Patribus
701 2945 827 2982 intellectus
841 2945 876 2990 sit,
891 2955 911 2982 1.
929 2946 1008 2982 Gnriel.
