2214 3350
196 153 241 190 171
330 154 385 191 Sect.
401 155 428 191 ΙΙ.
444 155 489 190 Art.
506 156 533 190 HL
548 156 579 191 De
593 154 806 200 supernaturalitate
819 154 906 199 gratiae

195 262 265 303 tenus
291 263 541 313 supernaturalitatem
562 264 698 303 mediorum
718 253 904 314 independenter
931 263 961 304 ab
988 262 1043 315 ipsa

195 325 325 376 probamus
339 325 362 367 et
377 326 449 367 simul
463 325 612 367 ostendimus
625 326 688 366 dona
701 324 754 366 viae
768 326 790 367 et
804 325 895 377 patriae
908 327 1040 367 secundum

195 388 272 429 fontes
289 389 319 429 ad
336 390 447 430 ordinem
463 389 617 429 essentialiter
634 390 737 429 eundem
754 389 878 440 pertinere.

195 516 251 557 260.
288 519 308 557 3.
326 515 468 558 Adversarii.
487 517 509 567 a]
529 516 702 565 Manichaei,
720 516 913 558 Emanatistae
930 516 954 558 et
969 517 1042 558 Pan-

195 579 318 624 theistae
339 579 438 620 naturae
460 577 586 629 spirituali,
604 590 664 630 quae
686 580 717 621 sit
738 580 849 620 divinum
870 578 935 631 quid,
958 580 1040 621 deberi

194 643 288 693 putant,
301 643 327 683 ut
339 643 370 683 ad
383 653 503 682 summam
516 642 637 693 quandam
650 642 820 693 perlectionem
834 643 857 683 et
867 642 1040 683 beatitudinem

195 705 272 745 divini
291 705 382 746 ordinis
399 704 568 755 perducatur1.
586 731 618 736 -
636 706 660 757 b)
682 705 825 756 Regnandi
849 707 872 747 et
896 706 1041 756 Beguinae

195 767 346 809 affirmabant
360 767 483 809 hominem
500 768 526 807 in
541 769 585 808 hac
601 767 650 809 vita
666 779 734 819 posse
751 780 805 809 eum
821 767 972 820 perfectionis
988 781 1040 820 gra-

196 831 255 871 dum
274 831 404 882 acquirere,
425 831 466 882 qui
486 842 500 871 a
519 831 664 872 beatitudine
684 831 778 872 caelesti
798 831 846 873 iam
867 843 914 873 non
934 832 1041 881 differat

195 894 271 933 immo
284 894 416 945 quamlibet
430 893 615 935 intellectualem
629 893 741 934 naturam
755 894 781 934 in
795 906 820 935 se
834 895 886 946 ipsa
900 895 1041 936 naturaiiter

194 967 244 997 esse
260 956 354 996 beatam
377 968 420 996 nec
442 955 550 1007 indigere
566 956 658 998 lumine
674 956 764 1007 gloriae
786 957 863 1008 ipsam
886 957 992 999 elevante
1009 958 1040 999 ad

194 1019 272 1059 Deum
289 1019 423 1060 uidendum
442 1020 485 1070 (Da
502 1021 541 1059 471
550 1019 590 1070 ss).
610 1044 641 1048 -
658 1021 678 1072 c)
699 1020 723 1060 S.
744 1019 900 1069 Anselrnus,
920 1021 955 1061 De
974 1033 1038 1062 conc.

194 1082 255 1132 cira.
276 1093 326 1133 cap.
349 1085 375 1122 13
398 1083 458 1141 (Mb
471 1084 519 1130 158,
540 1083 604 1134 448);
631 1083 799 1134 «Quapropter
818 1083 890 1125 etiam
911 1084 930 1125 si
950 1095 1039 1136 purum

194 1144 317 1185 hominem
334 1144 368 1186 sie
384 1145 472 1186 taceret
488 1145 558 1193 Deus,
577 1146 604 1186 ut
620 1144 711 1187 dict-um
727 1146 763 1187 est
780 1147 931 1193 [miraculose
947 1159 976 1196 ea
993 1148 1040 1189 vir-

194 1208 270 1258 ginet,
290 1219 384 1249 necesse
402 1208 462 1249 esset
479 1219 534 1248 eum
554 1219 602 1248 non
620 1210 708 1250 minori
727 1210 863 1260 praeditum
881 1221 931 1251 esse
949 1210 1040 1251 iustitia

195 1271 218 1311 et
235 1269 389 1320 beatitudine,
409 1283 483 1322 quem
501 1270 548 1312 11111
566 1271 651 1321 Adam,
671 1283 726 1313 curn
744 1273 851 1323 primum
870 1273 946 1314 tactus
964 1273 1017 1314 tuit.
1028 1287 1039 1306 ¹>

195 1333 274 1373 Simili
288 1334 360 1374 modo
373 1345 443 1385 saepe
456 1346 505 1374 non
519 1333 575 1375 satis
588 1334 715 1386 distinguit
728 1334 789 1375 inter
802 1334 917 1390 tristitiem
931 1336 954 1377 et
967 1336 1039 1377 beati-

195 1396 303 1437 tudinem
327 1396 462 1436 naturalem
485 1398 509 1437 et
532 1398 746 1447 supernaturalem.
772 1397 849 1439 Etiam
874 1399 925 1439 alii
949 1399 1038 1449 prisci

196 1459 321 1510 theologi
339 1460 422 1500 eodem
440 1460 490 1500 tere
508 1460 578 1500 modo
596 1459 736 1510 loquuntum
755 1471 831 1511 neque
849 1472 931 1503 omnes
947 1462 1039 1513 poste-

196 1522 286 1562 riores
300 1533 394 1572 semper
409 1522 465 1562 satis
480 1522 547 1563 caute
563 1523 591 1563 de
607 1522 713 1574 appetitu
729 1523 833 1563 naturali
850 1524 1001 1565 beatitudinis
1017 1525 1040 1566 et

157 1578 160 1580 ’
195 1584 315 1625 similibus
333 1584 513 1636 quaestionibus
529 1584 602 1625 locuti
621 1585 676 1626 sunt
696 1587 727 1637 (v.
747 1597 769 1626 o.
787 1586 894 1637 Schmid,
914 1588 996 1628 Sestilr'
1014 1589 1039 1628 in

195 1648 250 1689 nota
263 1648 293 1688 ad
306 1659 330 1687 n.
344 1650 386 1689 285
400 1648 458 1699 cit).
472 1674 505 1679 -
517 1648 541 1699 d)
557 1648 724 1690 Protestantes
741 1649 771 1699 (r.
787 1651 805 1689 P
821 1649 883 1701 113):
902 1650 1039 1692 Secundum

194 1711 349 1751 Lutherum
365 1709 456 1752 iustitia
471 1710 557 1751 Adami
573 1723 621 1752 non
636 1711 688 1752 erat
704 1712 843 1763 «quoddam
859 1713 957 1763 donum,
974 1715 1039 1765 quod

256 1847 264 1867 1
282 1846 301 1883 St
320 1846 501 1890 Augustinus,
526 1845 547 1881 C.
564 1846 577 1881 2
594 1853 625 1889 ep.
644 1845 688 1882 Pel.
707 1845 721 1882 1.
739 1846 751 1882 2
767 1855 783 1883 c.
803 1844 838 1889 ls,
861 1846 963 1890 ostendit,
988 1855 1040 1891 quo-

193 1892 259 1927 modo
271 1892 293 1927 et
304 1891 459 1928 Manichaei
472 1892 492 1927 et
505 1891 658 1936 Pelagium,
671 1892 723 1927 licet
737 1892 828 1927 «modis
839 1892 956 1937 causisque
970 1892 1040 1927 diver-

194 1939 252 1979 sis»,
271 1937 416 1982 gratuitatem
432 1937 520 1982 gratiae
538 1938 660 1980 destruant
680 1937 826 1973 «Manichaei
842 1938 928 1973 meritis
943 1940 1040 1974 naturae

194 1984 272 2025 bonae,
291 1983 409 2027 Pelagiani
428 1983 504 2019 autem
521 1983 606 2019 meritis
624 1983 746 2018 voluntatis
764 1984 834 2019 bonae
851 1984 967 2028 perhibent
986 1984 1040 2020 divi-

195 2031 256 2066 nitus
275 2031 394 2068 subveniri.
415 2029 451 2065 1111
470 2029 557 2066 dicunt:
579 2030 647 2066 Debet
664 2029 706 2065 hoc
724 2030 783 2065 Deus
801 2029 914 2066 laboribus
932 2029 1040 2065 membro-

194 2085 246 2111 rum
263 2085 362 2118 suorum;
381 2076 419 2111 isti
437 2075 524 2112 dicunt:
552 2075 620 2111 Debet
643 2075 685 2111 hoc
709 2075 768 2112 Deus
785 2075 905 2111 virtutibus
925 2085 1040 2111 seruorum

195 2131 292 2158 suorum.
310 2122 415 2167 Utrisque
430 2130 484 2166 ergo
499 2130 582 2157 merces
597 2130 643 2156 non
656 2120 781 2168 imputatur
797 2122 919 2157 secundum
934 2122 1038 2167 gratiam,

195 2169 233 2204 sed
250 2169 372 2204 secundum
394 2167 519 2203 debitum.»
541 2188 565 2193 -
585 2167 703 2212 Pelagiani
719 2167 800 2211 tamen,
818 2167 919 2213 quamvis
942 2169 1039 2213 aliquem

194 2214 368 2250 naturalisrnum
383 2214 480 2250 ethicum
495 2215 589 2260 professi
605 2214 656 2258 sint,
673 2223 720 2249 non
735 2223 822 2249 omnem
837 2222 928 2259 prorsus
943 2215 1039 2251 naturae

195 2262 340 2298 elevationem
358 2271 398 2307 per
417 2261 477 2297 dona
495 2270 509 2297 a
527 2260 614 2297 Christo
633 2260 705 2297 allata
722 2260 841 2305 negarunt
861 2260 887 2296 ct.
907 2260 1039 2296 caelestii

195 2308 359 2344 distinctionem
376 2308 434 2343 uitae
451 2308 561 2350 aeternae,
580 2316 637 2352 quae
653 2307 722 2343 etiam
738 2306 839 2352 parvulis
855 2306 973 2352 baptizatis
990 2316 1040 2343 con-

194 2354 281 2390 ceditur
297 2353 318 2389 01
335 2354 363 2389 ab
380 2353 464 2390 adultis
481 2353 576 2399 propriis
594 2353 689 2389 naturae
706 2352 791 2388 viribus
809 2352 903 2388 obtineri
920 2352 999 2398 potest,
1018 2353 1040 2389 et

194 2401 258 2443 ream
274 2400 392 2444 caetorum,
409 2400 434 2435 in
449 2409 493 2444 quo
509 2399 568 2436 beati
585 2409 636 2435 cum
650 2399 740 2435 Christo
756 2399 851 2443 regnant
868 2399 968 2444 quodque
985 2398 1040 2435 solis

194 2446 312 2491 baptizatis
340 2446 467 2482 reservatur
498 2445 522 2490 (P
545 2455 566 2482 n.
591 2444 621 2488 813
644 2445 746 2489 Arausa,
775 2446 844 2481 Serm.
869 2445 911 2482 294v
934 2447 985 2492 [ML
1007 2445 1037 2488 38,

195 2492 243 2529 1335
250 2492 291 2537 ss])
308 2493 329 2527 et
343 2491 447 2528 Iuliani
462 2492 531 2527 verba
544 2492 570 2527 de
586 2490 699 2527 effectibus
714 2491 820 2537 baptismi
837 2492 882 2537 (Op.
900 2492 952 2537 imp.
968 2492 986 2535 5,
1004 2491 1037 2538 9)ss

195 2551 206 2570 κ
214 2538 260 2574 Nos
271 2547 321 2573 vero
334 2538 422 2573 renasci
435 2547 511 2574 omnes
522 2538 655 2584 baptismate
668 2538 747 2574 debere
755 2565 759 2573 .
768 2563 772 2572 .
782 2566 786 2574 .
801 2537 915 2581 testamur,
924 2565 928 2573 .
938 2565 942 2573 .
952 2567 957 2575 .
971 2537 1038 2575 111...

194 2585 233 2630 qui
246 2585 369 2621 nascuntur
384 2585 463 2628 oit'ter,
479 2585 614 2620 nontamen
628 2585 698 2628 noxie,
714 2584 862 2620 renascantur
876 2584 977 2628 pretiose,
993 2593 1039 2620 non
1057 2618 1064 2623 ,

193 2633 270 2668 tamen
283 2631 426 2674 calumniose,
442 2631 523 2676 quique
537 2630 647 2676 prodeunt
662 2640 688 2666 ex
702 2629 811 2666 institutis
827 2629 872 2673 Dei,
888 2630 1040 2675 provehantur

192 2676 308 2722 mysteriis
321 2677 368 2720 Dei,
385 2678 460 2722 etqui
476 2677 572 2713 atterunt
586 2686 654 2722 opera
669 2676 771 2718 naturae,
788 2675 847 2711 dona
864 2676 948 2720 arettae
965 2686 1039 2712 conse-

193 2723 297 2768 quantur,
317 2732 343 2759 ac
361 2724 465 2759 dominus
483 2732 543 2766 suus,
563 2723 601 2767 qui
619 2732 655 2759 eos
673 2723 725 2759 tecit
744 2722 857 2758 condendo
875 2723 949 2765 honos,
969 2723 1039 2759 100101

193 2769 320 2805 innovando
337 2769 507 2814 adoptandoque
522 2770 650 2805 meliores.»
667 2770 732 2805 Hanc
747 2777 799 2805 vere
815 2769 909 2805 naturae
926 2769 1038 2805 exaltatio-

193 2825 245 2851 nem
264 2814 382 2859 Pelagiani
401 2825 446 2851 non
467 2815 638 2851 considerabant
656 2815 772 2859 tamquam
792 2814 948 2858 obligatoriam
967 2824 1038 2860 neque

193 2863 223 2898 ad
242 2861 338 2898 salutem
357 2861 378 2897 et
396 2861 557 2898 beatitudinem
575 2861 635 2896 vitae
654 2861 758 2897 aeternae
777 2860 920 2896 obtinendam
939 2869 1039 2897 necessa-

193 2909 258 2950 riam,
273 2907 311 2944 sed
324 2906 398 2953 potius
412 2908 437 2943 ut
449 2907 542 2943 maioris
557 2907 682 2943 ornamenti
695 2907 742 2943 sive
756 2906 870 2951 augendae
885 2906 969 2951 gloriae
984 2906 1040 2942 acci-

194 2953 289 2990 dentalis
303 2962 373 2989 causa
388 2953 555 2999 superadditam
572 2953 651 2999 (textus
665 2962 685 2990 u.
703 2954 721 2989 P
736 2951 774 2999 81).
