<?xml version="1.0" encoding="UTF-8"?>
<!DOCTYPE html PUBLIC "-//W3C//DTD XHTML 1.0 Transitional//EN"
    "http://www.w3.org/TR/xhtml1/DTD/xhtml1-transitional.dtd">
<html xmlns="http://www.w3.org/1999/xhtml" xml:lang="en" lang="en">
 <head>
  <title>
</title>
<meta http-equiv="Content-Type" content="text/html;charset=utf-8" />
  <meta name='ocr-system' content='tesseract 3.04.00' />
  <meta name='ocr-capabilities' content='ocr_page ocr_carea ocr_par ocr_line ocrx_word'/>
</head>
<body>
  <div class='ocr_page' id='page_1' title='image "./MN41637ucmf_2_0222.png"; bbox 0 0 2214 3350; ppageno 0'>
   <div class='ocr_carea' id='block_1_1' title="bbox 175 174 885 251">
    <p class='ocr_par' dir='ltr' id='par_1_1' title="bbox 175 174 885 251">
     <span class='ocr_line' id='line_1_1' title="bbox 175 174 885 251; baseline 0 -19"><span class='ocrx_word' id='word_1_1' title='bbox 175 196 209 233; x_wconf 78' lang='lat'>188</span> <span class='ocrx_word' id='word_1_2' title='bbox 310 174 406 251; x_wconf 62' lang='lat' dir='ltr'>secan.</span> <span class='ocrx_word' id='word_1_3' title='bbox 422 197 467 232; x_wconf 75' lang='lat' dir='ltr'>uri.</span> <span class='ocrx_word' id='word_1_4' title='bbox 483 197 510 233; x_wconf 86' lang='lat'>11.</span> <span class='ocrx_word' id='word_1_5' title='bbox 526 198 557 233; x_wconf 74' lang='lat' dir='ltr'>ne</span> <span class='ocrx_word' id='word_1_6' title='bbox 570 195 784 241; x_wconf 65' lang='lat' dir='ltr'>supernaturalitas</span> <span class='ocrx_word' id='word_1_7' title='bbox 798 195 885 240; x_wconf 75' lang='lat' dir='ltr'>gratiae</span> 
     </span>
    </p>
   </div>
   <div class='ocr_carea' id='block_1_2' title="bbox 120 303 1020 731">
    <p class='ocr_par' dir='ltr' id='par_1_2' title="bbox 120 303 1020 731">
     <span class='ocr_line' id='line_1_2' title="bbox 171 303 1020 358; baseline -0.005 -12"><span class='ocrx_word' id='word_1_8' title='bbox 171 304 230 358; x_wconf 69' lang='grc' dir='ltr'>θεὸς</span> <span class='ocrx_word' id='word_1_9' title='bbox 249 305 399 347; x_wconf 77' lang='grc' dir='ltr'><em>ἀποτελεῖται</em></span> <span class='ocrx_word' id='word_1_10' title='bbox 425 305 520 357; x_wconf 86' lang='lat' dir='ltr'>(Strom.</span> <span class='ocrx_word' id='word_1_11' title='bbox 534 306 554 353; x_wconf 83' lang='grc'>7,</span> <span class='ocrx_word' id='word_1_12' title='bbox 568 307 588 352; x_wconf 93' lang='grc'>1,</span> <span class='ocrx_word' id='word_1_13' title='bbox 600 307 621 353; x_wconf 87' lang='grc'>3,</span> <span class='ocrx_word' id='word_1_14' title='bbox 634 307 655 352; x_wconf 77' lang='lat'>63</span> <span class='ocrx_word' id='word_1_15' title='bbox 667 307 687 352; x_wconf 86' lang='grc'>4,</span> <span class='ocrx_word' id='word_1_16' title='bbox 700 306 734 352; x_wconf 81' lang='lat'>23,</span> <span class='ocrx_word' id='word_1_17' title='bbox 748 306 796 352; x_wconf 86' lang='grc'>149,</span> <span class='ocrx_word' id='word_1_18' title='bbox 809 306 829 351; x_wconf 84' lang='grc'>8;</span> <span class='ocrx_word' id='word_1_19' title='bbox 842 305 863 353; x_wconf 80' lang='lat'>7,</span> <span class='ocrx_word' id='word_1_20' title='bbox 876 306 910 352; x_wconf 85' lang='grc'>16,</span> <span class='ocrx_word' id='word_1_21' title='bbox 922 305 956 353; x_wconf 83' lang='grc'>95,</span> <span class='ocrx_word' id='word_1_22' title='bbox 969 303 1020 354; x_wconf 79' lang='lat'>2)1.</span> 
     </span>
     <span class='ocr_line' id='line_1_3' title="bbox 170 366 1019 420; baseline -0.004 -11"><span class='ocrx_word' id='word_1_23' title='bbox 170 394 201 399; x_wconf 87' lang='grc'><strong>-</strong></span> <span class='ocrx_word' id='word_1_24' title='bbox 216 369 353 420; x_wconf 74' lang='lat' dir='ltr'>Origenes</span> <span class='ocrx_word' id='word_1_25' title='bbox 368 369 445 420; x_wconf 86' lang='lat' dir='ltr'>magis</span> <span class='ocrx_word' id='word_1_26' title='bbox 459 368 560 409; x_wconf 87' lang='lat' dir='ltr'>attendit</span> <span class='ocrx_word' id='word_1_27' title='bbox 573 369 605 409; x_wconf 82' lang='lat' dir='ltr'>ad</span> <span class='ocrx_word' id='word_1_28' title='bbox 620 366 720 408; x_wconf 82' lang='lat' dir='ltr'>liberam</span> <span class='ocrx_word' id='word_1_29' title='bbox 736 367 843 408; x_wconf 85' lang='lat' dir='ltr'>hominis</span> <span class='ocrx_word' id='word_1_30' title='bbox 856 367 1019 419; x_wconf 68' lang='lat' dir='ltr'>operationem</span> 
     </span>
     <span class='ocr_line' id='line_1_4' title="bbox 172 432 1018 475; baseline -0.005 -1"><span class='ocrx_word' id='word_1_31' title='bbox 172 434 194 475; x_wconf 88' lang='lat' dir='ltr'>et</span> <span class='ocrx_word' id='word_1_32' title='bbox 208 433 312 474; x_wconf 75' lang='lat' dir='ltr'>ethicam</span> <span class='ocrx_word' id='word_1_33' title='bbox 326 446 381 475; x_wconf 89' lang='lat' dir='ltr'>cum</span> <span class='ocrx_word' id='word_1_34' title='bbox 395 435 442 474; x_wconf 90' lang='lat' dir='ltr'>Deo</span> <span class='ocrx_word' id='word_1_35' title='bbox 457 434 577 473; x_wconf 88' lang='lat' dir='ltr'>unionem.</span> <span class='ocrx_word' id='word_1_36' title='bbox 595 433 641 473; x_wconf 89' lang='lat' dir='ltr'>Sed</span> <span class='ocrx_word' id='word_1_37' title='bbox 656 434 715 473; x_wconf 87' lang='lat' dir='ltr'>bene</span> <span class='ocrx_word' id='word_1_38' title='bbox 730 433 798 473; x_wconf 89' lang='lat' dir='ltr'>novit</span> <span class='ocrx_word' id='word_1_39' title='bbox 811 432 884 473; x_wconf 84' lang='lat' dir='ltr'>etiam</span> <span class='ocrx_word' id='word_1_40' title='bbox 898 434 1018 473; x_wconf 79' lang='lat' dir='ltr'>internam</span> 
     </span>
     <span class='ocr_line' id='line_1_5' title="bbox 171 497 1020 548; baseline 0.001 -11"><span class='ocrx_word' id='word_1_41' title='bbox 171 498 287 538; x_wconf 84' lang='lat' dir='ltr'>anienem</span> <span class='ocrx_word' id='word_1_42' title='bbox 303 499 392 538; x_wconf 82' lang='lat' dir='ltr'>realem</span> <span class='ocrx_word' id='word_1_43' title='bbox 408 509 462 539; x_wconf 87' lang='lat' dir='ltr'>curn</span> <span class='ocrx_word' id='word_1_44' title='bbox 479 499 536 546; x_wconf 85' lang='lat' dir='ltr'>Deo,</span> <span class='ocrx_word' id='word_1_45' title='bbox 554 509 616 547; x_wconf 79' lang='lat' dir='ltr'>quae</span> <span class='ocrx_word' id='word_1_46' title='bbox 632 498 748 548; x_wconf 85' lang='lat' dir='ltr'>primario</span> <span class='ocrx_word' id='word_1_47' title='bbox 764 497 791 537; x_wconf 91' lang='lat' dir='ltr'>in</span> <span class='ocrx_word' id='word_1_48' title='bbox 807 498 915 539; x_wconf 81' lang='lat' dir='ltr'>bumana</span> <span class='ocrx_word' id='word_1_49' title='bbox 931 498 1020 539; x_wconf 83' lang='lat' dir='ltr'>natura</span> 
     </span>
     <span class='ocr_line' id='line_1_6' title="bbox 173 555 1017 613; baseline -0.002 -10"><span class='ocrx_word' id='word_1_50' title='bbox 173 555 268 612; x_wconf 74' lang='lat' dir='ltr'>Christi,</span> <span class='ocrx_word' id='word_1_51' title='bbox 287 563 342 604; x_wconf 92' lang='lat' dir='ltr'>dein</span> <span class='ocrx_word' id='word_1_52' title='bbox 361 562 499 604; x_wconf 81' lang='lat' dir='ltr'>secundario</span> <span class='ocrx_word' id='word_1_53' title='bbox 518 562 543 602; x_wconf 86' lang='lat' dir='ltr'>in</span> <span class='ocrx_word' id='word_1_54' title='bbox 562 561 650 602; x_wconf 81' lang='lat' dir='ltr'>Christi</span> <span class='ocrx_word' id='word_1_55' title='bbox 667 561 782 611; x_wconf 68' lang='lat' dir='ltr'>fidelibus</span> <span class='ocrx_word' id='word_1_56' title='bbox 801 561 922 603; x_wconf 87' lang='lat' dir='ltr'>invenitur</span> <span class='ocrx_word' id='word_1_57' title='bbox 942 563 973 613; x_wconf 85' lang='lat' dir='ltr'>(v.</span> <span class='ocrx_word' id='word_1_58' title='bbox 992 574 1017 612; x_wconf 82' lang='lat' dir='ltr'>g.</span> 
     </span>
     <span class='ocr_line' id='line_1_7' title="bbox 172 627 1019 678; baseline -0.001 -11"><span class='ocrx_word' id='word_1_59' title='bbox 172 628 197 667; x_wconf 78' lang='lat' dir='ltr'>G.</span> <span class='ocrx_word' id='word_1_60' title='bbox 213 627 310 668; x_wconf 81' lang='lat' dir='ltr'>Celsum</span> <span class='ocrx_word' id='word_1_61' title='bbox 322 630 342 675; x_wconf 82' lang='lat'>3,</span> <span class='ocrx_word' id='word_1_62' title='bbox 357 627 403 678; x_wconf 76' lang='lat'>28).</span> <span class='ocrx_word' id='word_1_63' title='bbox 418 652 449 657; x_wconf 84' lang='lat'>—-</span> <span class='ocrx_word' id='word_1_64' title='bbox 463 628 498 668; x_wconf 75' lang='lat' dir='ltr'>Gi.</span> <span class='ocrx_word' id='word_1_65' title='bbox 514 627 612 676; x_wconf 78' lang='lat' dir='ltr'>Striter,</span> <span class='ocrx_word' id='word_1_66' title='bbox 628 627 825 678; x_wconf 77' lang='lat' dir='ltr'>Erldsungslehre</span> <span class='ocrx_word' id='word_1_67' title='bbox 840 628 882 668; x_wconf 87' lang='lat' dir='ltr'>des</span> <span class='ocrx_word' id='word_1_68' title='bbox 895 628 929 667; x_wconf 88' lang='lat' dir='ltr'>bl.</span> <span class='ocrx_word' id='word_1_69' title='bbox 945 627 1019 667; x_wconf 87' lang='lat' dir='ltr'>Atha-</span> 
     </span>
     <span class='ocr_line' id='line_1_8' title="bbox 120 690 346 731; baseline -0.004 -1"><span class='ocrx_word' id='word_1_70' title='bbox 120 716 122 719; x_wconf 88' lang='lat'>·</span> <span class='ocrx_word' id='word_1_71' title='bbox 171 690 253 731; x_wconf 89' lang='lat' dir='ltr'>nasius</span> <span class='ocrx_word' id='word_1_72' title='bbox 268 691 346 730; x_wconf 86' lang='grc'>7-10.</span> 
     </span>
    </p>
   </div>
   <div class='ocr_carea' id='block_1_3' title="bbox 150 813 1066 2535">
    <p class='ocr_par' dir='ltr' id='par_1_3' title="bbox 150 813 1066 2535">
     <span class='ocr_line' id='line_1_9' title="bbox 170 813 1017 871; baseline 0 -15"><span class='ocrx_word' id='word_1_73' title='bbox 170 814 224 856; x_wconf 79' lang='grc'>274.</span> <span class='ocrx_word' id='word_1_74' title='bbox 261 814 414 871; x_wconf 76' lang='lat' dir='ltr'>Athanasius,</span> <span class='ocrx_word' id='word_1_75' title='bbox 428 815 453 854; x_wconf 91' lang='lat' dir='ltr'>in</span> <span class='ocrx_word' id='word_1_76' title='bbox 464 813 616 865; x_wconf 74' lang='lat' dir='ltr'>philosophie</span> <span class='ocrx_word' id='word_1_77' title='bbox 626 814 746 864; x_wconf 82' lang='lat' dir='ltr'>platonica</span> <span class='ocrx_word' id='word_1_78' title='bbox 756 815 816 855; x_wconf 87' lang='lat' dir='ltr'>bene</span> <span class='ocrx_word' id='word_1_79' title='bbox 827 815 934 856; x_wconf 86' lang='lat' dir='ltr'>versatus</span> <span class='ocrx_word' id='word_1_80' title='bbox 945 815 1017 865; x_wconf 80' lang='lat' dir='ltr'>atque</span> 
     </span>
     <span class='ocr_line' id='line_1_10' title="bbox 170 878 1016 929; baseline -0.005 -9"><span class='ocrx_word' id='word_1_81' title='bbox 170 879 289 920; x_wconf 84' lang='lat' dir='ltr'>doctrinas</span> <span class='ocrx_word' id='word_1_82' title='bbox 306 878 414 929; x_wconf 75' lang='lat' dir='ltr'>Oripcnis</span> <span class='ocrx_word' id='word_1_83' title='bbox 430 879 453 920; x_wconf 90' lang='lat' dir='ltr'>et</span> <span class='ocrx_word' id='word_1_84' title='bbox 467 879 560 919; x_wconf 78' lang='lat' dir='ltr'>irenaei</span> <span class='ocrx_word' id='word_1_85' title='bbox 575 879 677 928; x_wconf 85' lang='lat' dir='ltr'>secutus,</span> <span class='ocrx_word' id='word_1_86' title='bbox 695 879 771 920; x_wconf 87' lang='lat' dir='ltr'>multa</span> <span class='ocrx_word' id='word_1_87' title='bbox 788 879 900 920; x_wconf 87' lang='lat' dir='ltr'>disseruit</span> <span class='ocrx_word' id='word_1_88' title='bbox 916 879 944 920; x_wconf 86' lang='lat' dir='ltr'>de</span> <span class='ocrx_word' id='word_1_89' title='bbox 962 878 1016 920; x_wconf 89' lang='lat' dir='ltr'>inti.</span> 
     </span>
     <span class='ocr_line' id='line_1_11' title="bbox 169 943 1017 995; baseline 0.002 -12"><span class='ocrx_word' id='word_1_90' title='bbox 169 955 209 983; x_wconf 86' lang='lat' dir='ltr'>ma</span> <span class='ocrx_word' id='word_1_91' title='bbox 226 956 281 984; x_wconf 83' lang='grc'>011111</span> <span class='ocrx_word' id='word_1_92' title='bbox 298 944 377 984; x_wconf 88' lang='lat' dir='ltr'>Verbo</span> <span class='ocrx_word' id='word_1_93' title='bbox 393 943 476 985; x_wconf 84' lang='lat' dir='ltr'>divine</span> <span class='ocrx_word' id='word_1_94' title='bbox 492 955 536 995; x_wconf 88' lang='lat' dir='ltr'>per</span> <span class='ocrx_word' id='word_1_95' title='bbox 553 943 670 994; x_wconf 86' lang='lat' dir='ltr'>Spiritum</span> <span class='ocrx_word' id='word_1_96' title='bbox 689 944 803 984; x_wconf 87' lang='lat' dir='ltr'>Sanctum</span> <span class='ocrx_word' id='word_1_97' title='bbox 821 945 917 994; x_wconf 89' lang='lat' dir='ltr'>unione,</span> <span class='ocrx_word' id='word_1_98' title='bbox 936 944 1017 994; x_wconf 86' lang='lat' dir='ltr'>primo</span> 
     </span>
     <span class='ocr_line' id='line_1_12' title="bbox 170 1008 1016 1061; baseline 0.001 -13"><span class='ocrx_word' id='word_1_99' title='bbox 170 1008 314 1059; x_wconf 78' lang='lat' dir='ltr'>apoiopetice</span> <span class='ocrx_word' id='word_1_100' title='bbox 328 1009 358 1048; x_wconf 86' lang='lat' dir='ltr'>ad</span> <span class='ocrx_word' id='word_1_101' title='bbox 373 1008 473 1058; x_wconf 83' lang='lat' dir='ltr'>gentiles</span> <span class='ocrx_word' id='word_1_102' title='bbox 490 1010 511 1061; x_wconf 70' lang='grc' dir='ltr'>(α</span> <span class='ocrx_word' id='word_1_103' title='bbox 520 1009 599 1049; x_wconf 86' lang='lat' dir='ltr'>Oratio</span> <span class='ocrx_word' id='word_1_104' title='bbox 616 1015 696 1048; x_wconf 86' lang='lat' dir='ltr'>contra</span> <span class='ocrx_word' id='word_1_105' title='bbox 711 1015 820 1060; x_wconf 68' lang='lat' dir='ltr'>pentes»,</span> <span class='ocrx_word' id='word_1_106' title='bbox 840 1011 891 1050; x_wconf 81' lang='lat' dir='ltr'>«De</span> <span class='ocrx_word' id='word_1_107' title='bbox 907 1011 1016 1050; x_wconf 85' lang='lat' dir='ltr'>incarna-</span> 
     </span>
     <span class='ocr_line' id='line_1_13' title="bbox 169 1072 1015 1124; baseline 0.001 -11"><span class='ocrx_word' id='word_1_108' title='bbox 169 1074 232 1113; x_wconf 83' lang='lat' dir='ltr'>tione</span> <span class='ocrx_word' id='word_1_109' title='bbox 245 1073 354 1124; x_wconf 66' lang='lat' dir='ltr'>Veron),</span> <span class='ocrx_word' id='word_1_110' title='bbox 370 1072 424 1113; x_wconf 91' lang='lat' dir='ltr'>dein</span> <span class='ocrx_word' id='word_1_111' title='bbox 435 1073 552 1124; x_wconf 81' lang='lat' dir='ltr'>polemice</span> <span class='ocrx_word' id='word_1_112' title='bbox 565 1074 680 1115; x_wconf 81' lang='lat' dir='ltr'>aduersus</span> <span class='ocrx_word' id='word_1_113' title='bbox 692 1073 800 1115; x_wconf 82' lang='lat' dir='ltr'>Arianos.</span> <span class='ocrx_word' id='word_1_114' title='bbox 815 1074 888 1115; x_wconf 87' lang='lat' dir='ltr'>Docet</span> <span class='ocrx_word' id='word_1_115' title='bbox 900 1073 1015 1116; x_wconf 87' lang='lat' dir='ltr'>unionem</span> 
     </span>
     <span class='ocr_line' id='line_1_14' title="bbox 169 1137 1015 1190; baseline -0.002 -10"><span class='ocrx_word' id='word_1_116' title='bbox 169 1151 223 1181; x_wconf 88' lang='lat' dir='ltr'>cum</span> <span class='ocrx_word' id='word_1_117' title='bbox 239 1140 354 1179; x_wconf 78' lang='lat' dir='ltr'>moralem</span> <span class='ocrx_word' id='word_1_118' title='bbox 370 1138 421 1179; x_wconf 87' lang='lat' dir='ltr'>tum</span> <span class='ocrx_word' id='word_1_119' title='bbox 438 1139 526 1179; x_wconf 88' lang='lat' dir='ltr'>realem</span> <span class='ocrx_word' id='word_1_120' title='bbox 543 1137 565 1179; x_wconf 91' lang='lat' dir='ltr'>et</span> <span class='ocrx_word' id='word_1_121' title='bbox 580 1138 712 1190; x_wconf 83' lang='lat' dir='ltr'>myst-icam.</span> <span class='ocrx_word' id='word_1_122' title='bbox 730 1140 759 1179; x_wconf 86' lang='lat' dir='ltr'>In</span> <span class='ocrx_word' id='word_1_123' title='bbox 775 1138 923 1189; x_wconf 86' lang='lat' dir='ltr'>prioribus</span> <span class='ocrx_word' id='word_1_124' title='bbox 939 1138 1015 1190; x_wconf 91' lang='lat' dir='ltr'>operi-</span> 
     </span>
     <span class='ocr_line' id='line_1_15' title="bbox 168 1202 1014 1255; baseline 0 -11"><span class='ocrx_word' id='word_1_125' title='bbox 168 1205 213 1245; x_wconf 88' lang='lat' dir='ltr'>bus</span> <span class='ocrx_word' id='word_1_126' title='bbox 231 1216 280 1244; x_wconf 80' lang='lat' dir='ltr'>rien</span> <span class='ocrx_word' id='word_1_127' title='bbox 300 1210 349 1244; x_wconf 83' lang='lat' dir='ltr'>tarn</span> <span class='ocrx_word' id='word_1_128' title='bbox 368 1202 430 1243; x_wconf 79' lang='lat' dir='ltr'>ctare</span> <span class='ocrx_word' id='word_1_129' title='bbox 449 1203 574 1254; x_wconf 80' lang='lat' dir='ltr'>distinpait</span> <span class='ocrx_word' id='word_1_130' title='bbox 593 1202 656 1243; x_wconf 87' lang='lat' dir='ltr'>inter</span> <span class='ocrx_word' id='word_1_131' title='bbox 675 1203 736 1245; x_wconf 83' lang='lat' dir='ltr'>dona</span> <span class='ocrx_word' id='word_1_132' title='bbox 755 1209 854 1244; x_wconf 82' lang='lat' dir='ltr'>naturae</span> <span class='ocrx_word' id='word_1_133' title='bbox 873 1204 897 1245; x_wconf 89' lang='lat' dir='ltr'>et</span> <span class='ocrx_word' id='word_1_134' title='bbox 914 1205 1014 1255; x_wconf 63' lang='lat' dir='ltr'>cratiae,</span> 
     </span>
     <span class='ocr_line' id='line_1_16' title="bbox 169 1264 1015 1317; baseline -0.001 -9"><span class='ocrx_word' id='word_1_135' title='bbox 169 1267 234 1308; x_wconf 82' lang='lat' dir='ltr'>Sient</span> <span class='ocrx_word' id='word_1_136' title='bbox 249 1267 381 1308; x_wconf 85' lang='lat' dir='ltr'>secundum</span> <span class='ocrx_word' id='word_1_137' title='bbox 396 1265 520 1307; x_wconf 88' lang='lat' dir='ltr'>Platonem</span> <span class='ocrx_word' id='word_1_138' title='bbox 535 1277 573 1306; x_wconf 88' lang='lat' dir='ltr'>res</span> <span class='ocrx_word' id='word_1_139' title='bbox 587 1264 769 1317; x_wconf 82' lang='lat' dir='ltr'>participatione</span> <span class='ocrx_word' id='word_1_140' title='bbox 785 1266 935 1307; x_wconf 83' lang='lat' dir='ltr'>aeternarum</span> <span class='ocrx_word' id='word_1_141' title='bbox 951 1267 1015 1308; x_wconf 83' lang='lat' dir='ltr'>idea-</span> 
     </span>
     <span class='ocr_line' id='line_1_17' title="bbox 167 1330 1013 1381; baseline -0.001 -11"><span class='ocrx_word' id='word_1_142' title='bbox 167 1342 221 1371; x_wconf 85' lang='lat' dir='ltr'>rum</span> <span class='ocrx_word' id='word_1_143' title='bbox 234 1330 358 1379; x_wconf 80' lang='lat' dir='ltr'>exsistunt,</span> <span class='ocrx_word' id='word_1_144' title='bbox 375 1330 409 1371; x_wconf 87' lang='lat' dir='ltr'>sic</span> <span class='ocrx_word' id='word_1_145' title='bbox 422 1330 569 1371; x_wconf 68' lang='lat' dir='ltr'>Athanasius</span> <span class='ocrx_word' id='word_1_146' title='bbox 582 1330 664 1370; x_wconf 86' lang='lat' dir='ltr'>omnia</span> <span class='ocrx_word' id='word_1_147' title='bbox 678 1330 748 1378; x_wconf 83' lang='lat' dir='ltr'>bona,</span> <span class='ocrx_word' id='word_1_148' title='bbox 765 1340 825 1381; x_wconf 86' lang='lat' dir='ltr'>quae</span> <span class='ocrx_word' id='word_1_149' title='bbox 841 1330 965 1379; x_wconf 84' lang='lat' dir='ltr'>habemus,</span> <span class='ocrx_word' id='word_1_150' title='bbox 981 1330 1013 1370; x_wconf 85' lang='lat' dir='ltr'>ad</span> 
     </span>
     <span class='ocr_line' id='line_1_18' title="bbox 150 1392 1015 1448; baseline -0.003 -14"><span class='ocrx_word' id='word_1_151' title='bbox 150 1393 372 1445; x_wconf 83' lang='lat' dir='ltr'>participationem</span> <span class='ocrx_word' id='word_1_152' title='bbox 396 1402 438 1435; x_wconf 79' lang='lat' dir='ltr'>roc</span> <span class='ocrx_word' id='word_1_153' title='bbox 456 1393 537 1448; x_wconf 68' lang='grc' dir='ltr'><em>Λόγου</em></span> <span class='ocrx_word' id='word_1_154' title='bbox 554 1392 652 1433; x_wconf 88' lang='lat' dir='ltr'>reducit.</span> <span class='ocrx_word' id='word_1_155' title='bbox 668 1394 799 1434; x_wconf 82' lang='lat' dir='ltr'>Possumus</span> <span class='ocrx_word' id='word_1_156' title='bbox 813 1392 893 1433; x_wconf 86' lang='lat' dir='ltr'>tamen</span> <span class='ocrx_word' id='word_1_157' title='bbox 909 1393 1015 1433; x_wconf 81' lang='lat' dir='ltr'>diuersos</span> 
     </span>
     <span class='ocr_line' id='line_1_19' title="bbox 166 1457 1013 1509; baseline 0.001 -12"><span class='ocrx_word' id='word_1_158' title='bbox 166 1459 254 1508; x_wconf 74' lang='lat' dir='ltr'>prades</span> <span class='ocrx_word' id='word_1_159' title='bbox 271 1458 460 1509; x_wconf 75' lang='lat' dir='ltr'>participationis</span> <span class='ocrx_word' id='word_1_160' title='bbox 476 1457 634 1509; x_wconf 69' lang='lat' dir='ltr'>distinguere:</span> <span class='ocrx_word' id='word_1_161' title='bbox 655 1457 762 1498; x_wconf 88' lang='lat' dir='ltr'>inomni</span> <span class='ocrx_word' id='word_1_162' title='bbox 779 1457 912 1507; x_wconf 85' lang='lat' dir='ltr'>exsistente,</span> <span class='ocrx_word' id='word_1_163' title='bbox 930 1458 956 1497; x_wconf 89' lang='lat' dir='ltr'>in</span> <span class='ocrx_word' id='word_1_164' title='bbox 972 1459 1013 1498; x_wconf 75' lang='lat' dir='ltr'>lio</span> 
     </span>
     <span class='ocr_line' id='line_1_20' title="bbox 168 1518 1066 1572; baseline -0.001 -10"><span class='ocrx_word' id='word_1_165' title='bbox 168 1522 233 1563; x_wconf 88' lang='lat' dir='ltr'>mine</span> <span class='ocrx_word' id='word_1_166' title='bbox 252 1522 370 1571; x_wconf 86' lang='lat' dir='ltr'>rationali,</span> <span class='ocrx_word' id='word_1_167' title='bbox 392 1523 416 1562; x_wconf 92' lang='lat' dir='ltr'>in</span> <span class='ocrx_word' id='word_1_168' title='bbox 436 1522 504 1570; x_wconf 88' lang='lat' dir='ltr'>iusto,</span> <span class='ocrx_word' id='word_1_169' title='bbox 527 1522 565 1562; x_wconf 83' lang='lat' dir='ltr'>cui</span> <span class='ocrx_word' id='word_1_170' title='bbox 584 1518 688 1572; x_wconf 73' lang='lat' dir='ltr'>Spiritus</span> <span class='ocrx_word' id='word_1_171' title='bbox 708 1521 810 1563; x_wconf 75' lang='lat' dir='ltr'>Saucius</span> <span class='ocrx_word' id='word_1_172' title='bbox 829 1521 1013 1563; x_wconf 86' lang='lat' dir='ltr'>similitudinem</span> <span class='ocrx_word' id='word_1_173' title='bbox 1059 1537 1066 1542; x_wconf 95' lang='lat'><em>·</em></span> 
     </span>
     <span class='ocr_line' id='line_1_21' title="bbox 166 1585 1013 1637; baseline -0.001 -10"><span class='ocrx_word' id='word_1_174' title='bbox 166 1588 237 1628; x_wconf 84' lang='lat' dir='ltr'>Verbi</span> <span class='ocrx_word' id='word_1_175' title='bbox 252 1587 396 1637; x_wconf 76' lang='lat' dir='ltr'>impressit2.</span> <span class='ocrx_word' id='word_1_176' title='bbox 411 1610 442 1615; x_wconf 87' lang='lat'><em>-</em></span> <span class='ocrx_word' id='word_1_177' title='bbox 457 1588 484 1627; x_wconf 90' lang='lat' dir='ltr'>In</span> <span class='ocrx_word' id='word_1_178' title='bbox 498 1585 592 1637; x_wconf 88' lang='lat' dir='ltr'>scriptis</span> <span class='ocrx_word' id='word_1_179' title='bbox 606 1585 756 1637; x_wconf 73' lang='lat' dir='ltr'>polemicis</span> <span class='ocrx_word' id='word_1_180' title='bbox 771 1585 875 1637; x_wconf 80' lang='lat' dir='ltr'>gratuita</span> <span class='ocrx_word' id='word_1_181' title='bbox 888 1599 902 1627; x_wconf 79' lang='lat' dir='ltr'>a</span> <span class='ocrx_word' id='word_1_182' title='bbox 916 1586 1013 1627; x_wconf 85' lang='lat' dir='ltr'>natura-</span> 
     </span>
     <span class='ocr_line' id='line_1_22' title="bbox 165 1650 1012 1704; baseline 0.001 -14"><span class='ocrx_word' id='word_1_183' title='bbox 165 1651 228 1692; x_wconf 89' lang='lat' dir='ltr'>libus</span> <span class='ocrx_word' id='word_1_184' title='bbox 243 1651 340 1692; x_wconf 88' lang='lat' dir='ltr'>omnino</span> <span class='ocrx_word' id='word_1_185' title='bbox 356 1651 488 1702; x_wconf 78' lang='lat' dir='ltr'>distinguit,</span> <span class='ocrx_word' id='word_1_186' title='bbox 505 1663 527 1691; x_wconf 84' lang='lat' dir='ltr'>u.</span> <span class='ocrx_word' id='word_1_187' title='bbox 544 1663 566 1701; x_wconf 80' lang='lat' dir='ltr'>g.</span> <span class='ocrx_word' id='word_1_188' title='bbox 583 1650 643 1690; x_wconf 74' lang='lat' dir='ltr'>Acie.</span> <span class='ocrx_word' id='word_1_189' title='bbox 660 1650 741 1691; x_wconf 73' lang='lat' dir='ltr'>Arias.</span> <span class='ocrx_word' id='word_1_190' title='bbox 758 1663 791 1691; x_wconf 90' lang='lat' dir='ltr'>or.</span> <span class='ocrx_word' id='word_1_191' title='bbox 808 1651 840 1692; x_wconf 85' lang='lat' dir='ltr'>IV</span> <span class='ocrx_word' id='word_1_192' title='bbox 854 1654 875 1700; x_wconf 82' lang='lat'>2,</span> <span class='ocrx_word' id='word_1_193' title='bbox 892 1653 938 1691; x_wconf 84' lang='grc'>585</span> <span class='ocrx_word' id='word_1_194' title='bbox 955 1652 1012 1704; x_wconf 72' lang='grc'>(11111</span> 
     </span>
     <span class='ocr_line' id='line_1_23' title="bbox 165 1715 1011 1767; baseline 0 -11"><span class='ocrx_word' id='word_1_195' title='bbox 165 1719 198 1764; x_wconf 78' lang='grc'>26,</span> <span class='ocrx_word' id='word_1_196' title='bbox 216 1718 284 1764; x_wconf 77' lang='lat' dir='ltr'>272s3</span> <span class='ocrx_word' id='word_1_197' title='bbox 302 1716 332 1756; x_wconf 83' lang='lat' dir='ltr'>ct.</span> <span class='ocrx_word' id='word_1_198' title='bbox 350 1717 372 1757; x_wconf 80' lang='lat' dir='ltr'>R</span> <span class='ocrx_word' id='word_1_199' title='bbox 387 1717 451 1767; x_wconf 63' lang='lat' dir='ltr'>idib:</span> <span class='ocrx_word' id='word_1_200' title='bbox 472 1716 536 1756; x_wconf 79' lang='lat' dir='ltr'>Deos</span> <span class='ocrx_word' id='word_1_201' title='bbox 553 1716 676 1755; x_wconf 85' lang='lat' dir='ltr'>bominem</span> <span class='ocrx_word' id='word_1_202' title='bbox 693 1726 741 1756; x_wconf 89' lang='lat' dir='ltr'>non</span> <span class='ocrx_word' id='word_1_203' title='bbox 759 1716 837 1756; x_wconf 87' lang='lat' dir='ltr'>solum</span> <span class='ocrx_word' id='word_1_204' title='bbox 855 1715 950 1765; x_wconf 85' lang='lat' dir='ltr'>creavit,</span> <span class='ocrx_word' id='word_1_205' title='bbox 970 1716 1011 1756; x_wconf 89' lang='lat' dir='ltr'>sed</span> 
     </span>
     <span class='ocr_line' id='line_1_24' title="bbox 163 1777 1013 1835; baseline 0.002 -17"><span class='ocrx_word' id='word_1_206' title='bbox 163 1779 235 1819; x_wconf 87' lang='lat' dir='ltr'>etiam</span> <span class='ocrx_word' id='word_1_207' title='bbox 247 1778 330 1830; x_wconf 84' lang='lat' dir='ltr'>genuit</span> <span class='ocrx_word' id='word_1_208' title='bbox 341 1779 364 1819; x_wconf 90' lang='lat' dir='ltr'>et</span> <span class='ocrx_word' id='word_1_209' title='bbox 376 1778 504 1829; x_wconf 62' lang='lat' dir='ltr'>adoptavit</span> <span class='ocrx_word' id='word_1_210' title='bbox 518 1777 551 1819; x_wconf 89' lang='lat' dir='ltr'>sio</span> <span class='ocrx_word' id='word_1_211' title='bbox 565 1781 639 1835; x_wconf 73' lang='grc' dir='ltr'><strong><em>πατὴρ</em></strong></span> <span class='ocrx_word' id='word_1_212' title='bbox 652 1780 711 1819; x_wconf 78' lang='lat' dir='ltr'>nard</span> <span class='ocrx_word' id='word_1_213' title='bbox 721 1780 792 1835; x_wconf 75' lang='grc' dir='ltr'><em>χάριν</em></span> <span class='ocrx_word' id='word_1_214' title='bbox 805 1780 905 1832; x_wconf 73' lang='grc' dir='ltr'><em>ὕστερον</em></span> <span class='ocrx_word' id='word_1_215' title='bbox 915 1782 1013 1834; x_wconf 75' lang='grc' dir='ltr'>γίνεται.</span> 
     </span>
     <span class='ocr_line' id='line_1_25' title="bbox 164 1843 1010 1895; baseline -0.001 -12"><span class='ocrx_word' id='word_1_216' title='bbox 164 1844 242 1884; x_wconf 81' lang='lat' dir='ltr'>Etiam</span> <span class='ocrx_word' id='word_1_217' title='bbox 255 1843 290 1882; x_wconf 86' lang='lat' dir='ltr'>De</span> <span class='ocrx_word' id='word_1_218' title='bbox 304 1844 396 1883; x_wconf 82' lang='lat' dir='ltr'>incarn.</span> <span class='ocrx_word' id='word_1_219' title='bbox 411 1846 424 1883; x_wconf 80' lang='lat'><strong>3</strong></span> <span class='ocrx_word' id='word_1_220' title='bbox 441 1843 496 1894; x_wconf 74' lang='lat' dir='ltr'>(lis</span> <span class='ocrx_word' id='word_1_221' title='bbox 511 1845 546 1891; x_wconf 78' lang='lat'>25,</span> <span class='ocrx_word' id='word_1_222' title='bbox 563 1844 611 1895; x_wconf 80' lang='lat' dir='ltr'>lei)</span> <span class='ocrx_word' id='word_1_223' title='bbox 628 1843 735 1894; x_wconf 81' lang='lat' dir='ltr'>loquitur</span> <span class='ocrx_word' id='word_1_224' title='bbox 750 1843 779 1884; x_wconf 88' lang='lat' dir='ltr'>de</span> <span class='ocrx_word' id='word_1_225' title='bbox 794 1843 952 1884; x_wconf 89' lang='lat' dir='ltr'>similitudine</span> <span class='ocrx_word' id='word_1_226' title='bbox 966 1844 1010 1884; x_wconf 88' lang='lat' dir='ltr'>Dei</span> 
     </span>
     <span class='ocr_line' id='line_1_26' title="bbox 164 1906 1011 1959; baseline 0.002 -13"><span class='ocrx_word' id='word_1_227' title='bbox 164 1908 304 1948; x_wconf 84' lang='lat' dir='ltr'>hominibus</span> <span class='ocrx_word' id='word_1_228' title='bbox 318 1918 434 1955; x_wconf 84' lang='lat' dir='ltr'>concessa,</span> <span class='ocrx_word' id='word_1_229' title='bbox 452 1907 480 1947; x_wconf 90' lang='lat' dir='ltr'>de</span> <span class='ocrx_word' id='word_1_230' title='bbox 496 1906 679 1958; x_wconf 83' lang='lat' dir='ltr'>participatione</span> <span class='ocrx_word' id='word_1_231' title='bbox 693 1907 765 1948; x_wconf 85' lang='lat' dir='ltr'>Verbi</span> <span class='ocrx_word' id='word_1_232' title='bbox 780 1908 823 1948; x_wconf 87' lang='lat' dir='ltr'>etc.</span> <span class='ocrx_word' id='word_1_233' title='bbox 841 1908 964 1959; x_wconf 82' lang='lat' dir='ltr'>tamquam</span> <span class='ocrx_word' id='word_1_234' title='bbox 980 1908 1011 1948; x_wconf 86' lang='lat' dir='ltr'>de</span> 
     </span>
     <span class='ocr_line' id='line_1_27' title="bbox 165 1970 1010 2013; baseline -0.001 -1"><span class='ocrx_word' id='word_1_235' title='bbox 165 1972 233 2012; x_wconf 88' lang='lat' dir='ltr'>donis</span> <span class='ocrx_word' id='word_1_236' title='bbox 248 1971 368 2011; x_wconf 69' lang='lat' dir='ltr'>indebitis,</span> <span class='ocrx_word' id='word_1_237' title='bbox 385 1997 416 2002; x_wconf 93' lang='lat'><em>-</em></span> <span class='ocrx_word' id='word_1_238' title='bbox 430 1971 542 2011; x_wconf 86' lang='lat' dir='ltr'>Libenter</span> <span class='ocrx_word' id='word_1_239' title='bbox 556 1971 641 2012; x_wconf 81' lang='lat' dir='ltr'>tractat</span> <span class='ocrx_word' id='word_1_240' title='bbox 656 1972 685 2012; x_wconf 91' lang='lat' dir='ltr'>de</span> <span class='ocrx_word' id='word_1_241' title='bbox 701 1970 889 2013; x_wconf 75' lang='lat' dir='ltr'>deificatione</span> <span class='ocrx_word' id='word_1_242' title='bbox 905 1973 1010 2012; x_wconf 88' lang='lat' dir='ltr'>heminis</span> 
     </span>
     <span class='ocr_line' id='line_1_28' title="bbox 164 2035 1010 2088; baseline 0 -11"><span class='ocrx_word' id='word_1_243' title='bbox 164 2048 264 2088; x_wconf 81' lang='lat' dir='ltr'>eamque</span> <span class='ocrx_word' id='word_1_244' title='bbox 287 2048 341 2077; x_wconf 86' lang='lat' dir='ltr'>cum</span> <span class='ocrx_word' id='word_1_245' title='bbox 364 2036 527 2076; x_wconf 68' lang='lat' dir='ltr'>incarnatione</span> <span class='ocrx_word' id='word_1_246' title='bbox 543 2035 615 2076; x_wconf 86' lang='lat' dir='ltr'>Verbi</span> <span class='ocrx_word' id='word_1_247' title='bbox 632 2036 694 2076; x_wconf 85' lang='lat' dir='ltr'>arcte</span> <span class='ocrx_word' id='word_1_248' title='bbox 712 2036 841 2086; x_wconf 82' lang='lat' dir='ltr'>coniungit.</span> <span class='ocrx_word' id='word_1_249' title='bbox 865 2037 901 2076; x_wconf 85' lang='lat' dir='ltr'>De</span> <span class='ocrx_word' id='word_1_250' title='bbox 916 2038 963 2078; x_wconf 85' lang='lat' dir='ltr'>iric.</span> <span class='ocrx_word' id='word_1_251' title='bbox 982 2039 1010 2077; x_wconf 82' lang='grc'>54</span> 
     </span>
     <span class='ocr_line' id='line_1_29' title="bbox 166 2098 1010 2157; baseline 0 -16"><span class='ocrx_word' id='word_1_252' title='bbox 166 2101 194 2151; x_wconf 88' lang='lat' dir='ltr'>(R</span> <span class='ocrx_word' id='word_1_253' title='bbox 207 2101 272 2152; x_wconf 74' lang='lat'>752):</span> <span class='ocrx_word' id='word_1_254' title='bbox 293 2101 373 2153; x_wconf 73' lang='grc' dir='ltr'><em>Αὐτὸς</em></span> <span class='ocrx_word' id='word_1_255' title='bbox 391 2101 439 2154; x_wconf 67' lang='grc' dir='ltr'>γὰρ</span> <span class='ocrx_word' id='word_1_256' title='bbox 458 2098 651 2156; x_wconf 54' lang='lat' dir='ltr'>aequiperasse,</span> <span class='ocrx_word' id='word_1_257' title='bbox 675 2101 714 2139; x_wconf 76' lang='lat' dir='ltr'>tra</span> <span class='ocrx_word' id='word_1_258' title='bbox 733 2102 801 2156; x_wconf 73' lang='grc' dir='ltr'><em>ἡμεῖς</em></span> <span class='ocrx_word' id='word_1_259' title='bbox 819 2099 1010 2157; x_wconf 55' lang='lat' dir='ltr'>&amp;sanctificium</span> 
     </span>
     <span class='ocr_line' id='line_1_30' title="bbox 163 2164 1008 2216; baseline 0.002 -12"><span class='ocrx_word' id='word_1_260' title='bbox 163 2165 197 2204; x_wconf 85' lang='lat' dir='ltr'>De</span> <span class='ocrx_word' id='word_1_261' title='bbox 212 2165 274 2204; x_wconf 87' lang='lat' dir='ltr'>decr.</span> <span class='ocrx_word' id='word_1_262' title='bbox 290 2165 340 2205; x_wconf 90' lang='lat' dir='ltr'>Nic.</span> <span class='ocrx_word' id='word_1_263' title='bbox 356 2165 415 2215; x_wconf 74' lang='lat' dir='ltr'>Spa</span> <span class='ocrx_word' id='word_1_264' title='bbox 431 2167 457 2205; x_wconf 93' lang='grc'>14</span> <span class='ocrx_word' id='word_1_265' title='bbox 474 2164 530 2216; x_wconf 81' lang='lat' dir='ltr'>(Me</span> <span class='ocrx_word' id='word_1_266' title='bbox 544 2166 578 2212; x_wconf 76' lang='lat'>25,</span> <span class='ocrx_word' id='word_1_267' title='bbox 594 2164 658 2214; x_wconf 83' lang='grc'>448);</span> <span class='ocrx_word' id='word_1_268' title='bbox 678 2164 784 2205; x_wconf 88' lang='lat' dir='ltr'>Verbum</span> <span class='ocrx_word' id='word_1_269' title='bbox 800 2164 950 2205; x_wconf 83' lang='lat' dir='ltr'>incarnatum</span> <span class='ocrx_word' id='word_1_270' title='bbox 966 2165 1008 2212; x_wconf 85' lang='lat' dir='ltr'>est,</span> 
     </span>
     <span class='ocr_line' id='line_1_31' title="bbox 162 2227 1009 2279; baseline 0.001 -11"><span class='ocrx_word' id='word_1_271' title='bbox 162 2229 248 2277; x_wconf 83' lang='grc'>1111105,</span> <span class='ocrx_word' id='word_1_272' title='bbox 262 2228 380 2278; x_wconf 86' lang='lat' dir='ltr'>Spiritum</span> <span class='ocrx_word' id='word_1_273' title='bbox 392 2228 442 2268; x_wconf 89' lang='lat' dir='ltr'>eius</span> <span class='ocrx_word' id='word_1_274' title='bbox 453 2227 629 2279; x_wconf 85' lang='lat' dir='ltr'>participantes,</span> <span class='ocrx_word' id='word_1_275' title='bbox 643 2227 751 2269; x_wconf 79' lang='lat' dir='ltr'>deificari</span> <span class='ocrx_word' id='word_1_276' title='bbox 762 2239 893 2279; x_wconf 88' lang='lat' dir='ltr'>possemus.</span> <span class='ocrx_word' id='word_1_277' title='bbox 905 2253 937 2258; x_wconf 91' lang='lat'><em>-</em></span> <span class='ocrx_word' id='word_1_278' title='bbox 947 2231 1009 2269; x_wconf 83' lang='lat' dir='ltr'>Fuse</span> 
     </span>
     <span class='ocr_line' id='line_1_32' title="bbox 161 2292 1009 2345; baseline 0.002 -12"><span class='ocrx_word' id='word_1_279' title='bbox 161 2295 195 2334; x_wconf 89' lang='lat' dir='ltr'>De</span> <span class='ocrx_word' id='word_1_280' title='bbox 210 2294 257 2335; x_wconf 86' lang='lat' dir='ltr'>inc.</span> <span class='ocrx_word' id='word_1_281' title='bbox 274 2294 318 2333; x_wconf 85' lang='lat' dir='ltr'>Dei</span> <span class='ocrx_word' id='word_1_282' title='bbox 336 2292 406 2334; x_wconf 82' lang='lat' dir='ltr'>Verbi</span> <span class='ocrx_word' id='word_1_283' title='bbox 422 2298 445 2333; x_wconf 89' lang='lat' dir='ltr'>et</span> <span class='ocrx_word' id='word_1_284' title='bbox 461 2305 479 2333; x_wconf 90' lang='lat' dir='ltr'>c.</span> <span class='ocrx_word' id='word_1_285' title='bbox 496 2294 537 2334; x_wconf 79' lang='lat' dir='ltr'>Ar.</span> <span class='ocrx_word' id='word_1_286' title='bbox 555 2296 567 2333; x_wconf 86' lang='lat'>8</span> <span class='ocrx_word' id='word_1_287' title='bbox 585 2294 615 2345; x_wconf 87' lang='lat' dir='ltr'>(R</span> <span class='ocrx_word' id='word_1_288' title='bbox 631 2294 689 2345; x_wconf 81' lang='lat'>788),</span> <span class='ocrx_word' id='word_1_289' title='bbox 707 2294 749 2334; x_wconf 88' lang='lat' dir='ltr'>ubi</span> <span class='ocrx_word' id='word_1_290' title='bbox 766 2294 929 2334; x_wconf 70' lang='lat' dir='ltr'>differentiam</span> <span class='ocrx_word' id='word_1_291' title='bbox 946 2295 1009 2335; x_wconf 87' lang='lat' dir='ltr'>inter</span> 
     </span>
     <span class='ocr_line' id='line_1_33' title="bbox 163 2355 1011 2410; baseline 0.001 -14"><span class='ocrx_word' id='word_1_292' title='bbox 163 2356 283 2397; x_wconf 81' lang='lat' dir='ltr'>Christum</span> <span class='ocrx_word' id='word_1_293' title='bbox 308 2355 331 2396; x_wconf 91' lang='lat' dir='ltr'>et</span> <span class='ocrx_word' id='word_1_294' title='bbox 355 2367 399 2396; x_wconf 88' lang='lat' dir='ltr'>nos</span> <span class='ocrx_word' id='word_1_295' title='bbox 422 2355 537 2396; x_wconf 85' lang='lat' dir='ltr'>ostendit:</span> <span class='ocrx_word' id='word_1_296' title='bbox 559 2356 638 2408; x_wconf 75' lang='grc' dir='ltr'><strong><em>Αὐτὸς</em></strong></span> <span class='ocrx_word' id='word_1_297' title='bbox 660 2355 702 2398; x_wconf 75' lang='grc' dir='ltr'>οὖν</span> <span class='ocrx_word' id='word_1_298' title='bbox 723 2358 784 2397; x_wconf 75' lang='lat' dir='ltr'>aare</span> <span class='ocrx_word' id='word_1_299' title='bbox 806 2358 875 2410; x_wconf 75' lang='lat' dir='ltr'>eicie</span> <span class='ocrx_word' id='word_1_300' title='bbox 895 2358 1011 2410; x_wconf 75' lang='grc' dir='ltr'>1111ςέ011</span> 
     </span>
     <span class='ocr_line' id='line_1_34' title="bbox 162 2418 1005 2476; baseline 0.002 -15"><span class='ocrx_word' id='word_1_301' title='bbox 162 2425 203 2461; x_wconf 76' lang='grc' dir='ltr'>τοῦ</span> <span class='ocrx_word' id='word_1_302' title='bbox 223 2418 291 2469; x_wconf 73' lang='grc' dir='ltr'>θεοῦ,</span> <span class='ocrx_word' id='word_1_303' title='bbox 314 2421 381 2475; x_wconf 71' lang='grc' dir='ltr'><em>ἡμεῖς</em></span> <span class='ocrx_word' id='word_1_304' title='bbox 403 2419 508 2476; x_wconf 23' lang='lat' dir='ltr'>&amp;elcard</span> <span class='ocrx_word' id='word_1_305' title='bbox 525 2420 604 2475; x_wconf 75' lang='grc' dir='ltr'>χάριν,</span> <span class='ocrx_word' id='word_1_306' title='bbox 631 2419 684 2469; x_wconf 84' lang='lat' dir='ltr'>Ipse</span> <span class='ocrx_word' id='word_1_307' title='bbox 709 2419 744 2460; x_wconf 87' lang='lat' dir='ltr'>est</span> <span class='ocrx_word' id='word_1_308' title='bbox 767 2419 826 2472; x_wconf 73' lang='grc' dir='ltr'>θεὸς</span> <span class='ocrx_word' id='word_1_309' title='bbox 847 2423 1005 2476; x_wconf 71' lang='grc' dir='ltr'>σαρκοφόρος,</span> 
     </span>
     <span class='ocr_line' id='line_1_35' title="bbox 161 2478 1007 2535; baseline 0.002 -13"><span class='ocrx_word' id='word_1_310' title='bbox 161 2492 262 2532; x_wconf 79' lang='lat' dir='ltr'>persona</span> <span class='ocrx_word' id='word_1_311' title='bbox 277 2481 365 2530; x_wconf 78' lang='lat' dir='ltr'>diuina,</span> <span class='ocrx_word' id='word_1_312' title='bbox 382 2492 443 2532; x_wconf 87' lang='lat' dir='ltr'>quae</span> <span class='ocrx_word' id='word_1_313' title='bbox 457 2481 562 2532; x_wconf 83' lang='lat' dir='ltr'>gratuito</span> <span class='ocrx_word' id='word_1_314' title='bbox 575 2482 599 2523; x_wconf 86' lang='lat' dir='ltr'>et</span> <span class='ocrx_word' id='word_1_315' title='bbox 613 2482 741 2523; x_wconf 82' lang='lat' dir='ltr'>accessorio</span> <span class='ocrx_word' id='word_1_316' title='bbox 756 2493 852 2523; x_wconf 87' lang='lat' dir='ltr'>carnem</span> <span class='ocrx_word' id='word_1_317' title='bbox 868 2478 1007 2535; x_wconf 61' lang='lat' dir='ltr'>assumpsit</span> 
     </span>
    </p>
   </div>
   <div class='ocr_carea' id='block_1_4' title="bbox 228 2629 777 2678">
    <p class='ocr_par' dir='ltr' id='par_1_4' title="bbox 228 2629 777 2678">
     <span class='ocr_line' id='line_1_36' title="bbox 228 2629 777 2678; baseline -0.004 -11"><span class='ocrx_word' id='word_1_318' title='bbox 228 2634 235 2654; x_wconf 84' lang='lat'>1</span> <span class='ocrx_word' id='word_1_319' title='bbox 255 2632 288 2668; x_wconf 57' lang='lat' dir='ltr'>«Cf.</span> <span class='ocrx_word' id='word_1_320' title='bbox 305 2632 379 2667; x_wconf 88' lang='lat' dir='ltr'>Faller</span> <span class='ocrx_word' id='word_1_321' title='bbox 397 2630 593 2678; x_wconf 81' lang='lat' dir='ltr'>(Gregorianumc</span> <span class='ocrx_word' id='word_1_322' title='bbox 610 2629 677 2677; x_wconf 75' lang='lat'>[1925]</span> <span class='ocrx_word' id='word_1_323' title='bbox 695 2629 731 2666; x_wconf 70' lang='grc'>427</span> <span class='ocrx_word' id='word_1_324' title='bbox 738 2630 777 2676; x_wconf 82' lang='lat' dir='ltr'>ss).</span> 
     </span>
    </p>
   </div>
   <div class='ocr_carea' id='block_1_5' title="bbox 159 2694 1010 3027">
    <p class='ocr_par' dir='ltr' id='par_1_5' title="bbox 159 2694 1010 3027">
     <span class='ocr_line' id='line_1_37' title="bbox 228 2694 1010 2740; baseline -0.004 -9"><span class='ocrx_word' id='word_1_325' title='bbox 228 2698 238 2718; x_wconf 83' lang='lat'>2</span> <span class='ocrx_word' id='word_1_326' title='bbox 253 2696 303 2732; x_wconf 88' lang='lat' dir='ltr'>Non</span> <span class='ocrx_word' id='word_1_327' title='bbox 317 2697 392 2730; x_wconf 84' lang='lat' dir='ltr'>omnis</span> <span class='ocrx_word' id='word_1_328' title='bbox 404 2695 477 2739; x_wconf 78' lang='lat' dir='ltr'>effata,</span> <span class='ocrx_word' id='word_1_329' title='bbox 491 2703 549 2740; x_wconf 87' lang='lat' dir='ltr'>quae</span> <span class='ocrx_word' id='word_1_330' title='bbox 560 2694 633 2739; x_wconf 87' lang='lat' dir='ltr'>primo</span> <span class='ocrx_word' id='word_1_331' title='bbox 647 2695 737 2740; x_wconf 85' lang='lat' dir='ltr'>aspectu</span> <span class='ocrx_word' id='word_1_332' title='bbox 749 2694 808 2729; x_wconf 87' lang='lat' dir='ltr'>inter</span> <span class='ocrx_word' id='word_1_333' title='bbox 822 2695 881 2730; x_wconf 88' lang='lat' dir='ltr'>dona</span> <span class='ocrx_word' id='word_1_334' title='bbox 893 2694 1010 2731; x_wconf 86' lang='lat' dir='ltr'>naturalia</span> 
     </span>
     <span class='ocr_line' id='line_1_38' title="bbox 161 2742 1007 2789; baseline -0.004 -9"><span class='ocrx_word' id='word_1_335' title='bbox 161 2745 182 2780; x_wconf 87' lang='lat' dir='ltr'>et</span> <span class='ocrx_word' id='word_1_336' title='bbox 198 2743 344 2789; x_wconf 88' lang='lat' dir='ltr'>superaddita</span> <span class='ocrx_word' id='word_1_337' title='bbox 361 2743 496 2788; x_wconf 86' lang='lat' dir='ltr'>distinguere</span> <span class='ocrx_word' id='word_1_338' title='bbox 513 2743 623 2784; x_wconf 86' lang='lat' dir='ltr'>videntur,</span> <span class='ocrx_word' id='word_1_339' title='bbox 642 2742 767 2777; x_wconf 84' lang='lat' dir='ltr'>necessario</span> <span class='ocrx_word' id='word_1_340' title='bbox 785 2742 844 2778; x_wconf 85' lang='lat' dir='ltr'>hunc</span> <span class='ocrx_word' id='word_1_341' title='bbox 862 2751 952 2778; x_wconf 87' lang='lat' dir='ltr'>sensum</span> <span class='ocrx_word' id='word_1_342' title='bbox 968 2743 1007 2777; x_wconf 81' lang='lat' dir='ltr'>ha-</span> 
     </span>
     <span class='ocr_line' id='line_1_39' title="bbox 160 2790 1006 2833; baseline -0.002 -5"><span class='ocrx_word' id='word_1_343' title='bbox 160 2792 216 2828; x_wconf 82' lang='lat' dir='ltr'>bent.</span> <span class='ocrx_word' id='word_1_344' title='bbox 236 2805 246 2825; x_wconf 75' lang='lat' dir='ltr'>a</span> <span class='ocrx_word' id='word_1_345' title='bbox 254 2792 342 2827; x_wconf 83' lang='lat' dir='ltr'>Natura</span> <span class='ocrx_word' id='word_1_346' title='bbox 350 2804 360 2823; x_wconf 68' lang='grc'>1)</span> <span class='ocrx_word' id='word_1_347' title='bbox 378 2791 436 2826; x_wconf 89' lang='lat' dir='ltr'>enim</span> <span class='ocrx_word' id='word_1_348' title='bbox 452 2790 607 2827; x_wconf 84' lang='lat' dir='ltr'>creaturarum</span> <span class='ocrx_word' id='word_1_349' title='bbox 622 2790 743 2826; x_wconf 87' lang='lat' dir='ltr'>secundum</span> <span class='ocrx_word' id='word_1_350' title='bbox 759 2790 909 2826; x_wconf 82' lang='lat' dir='ltr'>Athanasium</span> <span class='ocrx_word' id='word_1_351' title='bbox 925 2791 963 2833; x_wconf 86' lang='lat' dir='ltr'>est,</span> <span class='ocrx_word' id='word_1_352' title='bbox 981 2791 1006 2826; x_wconf 89' lang='lat' dir='ltr'>ut</span> 
     </span>
     <span class='ocr_line' id='line_1_40' title="bbox 160 2837 1007 2883; baseline -0.001 -9"><span class='ocrx_word' id='word_1_353' title='bbox 160 2840 256 2875; x_wconf 82' lang='lat' dir='ltr'>nibilum</span> <span class='ocrx_word' id='word_1_354' title='bbox 273 2839 325 2881; x_wconf 82' lang='lat' dir='ltr'>sint,</span> <span class='ocrx_word' id='word_1_355' title='bbox 343 2839 363 2873; x_wconf 89' lang='lat' dir='ltr'>et</span> <span class='ocrx_word' id='word_1_356' title='bbox 380 2839 487 2882; x_wconf 82' lang='lat' dir='ltr'>quidquid</span> <span class='ocrx_word' id='word_1_357' title='bbox 503 2838 703 2873; x_wconf 83' lang='lat' dir='ltr'>communicatione</span> <span class='ocrx_word' id='word_1_358' title='bbox 720 2838 787 2874; x_wconf 84' lang='lat' dir='ltr'>Verbi</span> <span class='ocrx_word' id='word_1_359' title='bbox 803 2837 920 2883; x_wconf 79' lang='lat' dir='ltr'>recipiunt,</span> <span class='ocrx_word' id='word_1_360' title='bbox 939 2839 1007 2874; x_wconf 85' lang='lat' dir='ltr'>eiiam</span> 
     </span>
     <span class='ocr_line' id='line_1_41' title="bbox 160 2886 1008 2930; baseline -0.001 -7"><span class='ocrx_word' id='word_1_361' title='bbox 160 2896 222 2923; x_wconf 85' lang='lat' dir='ltr'>mera</span> <span class='ocrx_word' id='word_1_362' title='bbox 235 2886 364 2923; x_wconf 81' lang='lat' dir='ltr'>exsistentia</span> <span class='ocrx_word' id='word_1_363' title='bbox 378 2886 487 2922; x_wconf 79' lang='lat' dir='ltr'>creatione</span> <span class='ocrx_word' id='word_1_364' title='bbox 501 2886 588 2929; x_wconf 81' lang='lat' dir='ltr'>collata,</span> <span class='ocrx_word' id='word_1_365' title='bbox 604 2887 637 2922; x_wconf 88' lang='lat' dir='ltr'>est</span> <span class='ocrx_word' id='word_1_366' title='bbox 652 2898 662 2918; x_wconf 76' lang='lat' dir='ltr'>a</span> <span class='ocrx_word' id='word_1_367' title='bbox 671 2895 739 2930; x_wconf 81' lang='lat' dir='ltr'>supra</span> <span class='ocrx_word' id='word_1_368' title='bbox 751 2888 858 2921; x_wconf 81' lang='lat' dir='ltr'>naturam</span> <span class='ocrx_word' id='word_1_369' title='bbox 866 2898 883 2921; x_wconf 73' lang='grc'>1),</span> <span class='ocrx_word' id='word_1_370' title='bbox 901 2886 1008 2923; x_wconf 82' lang='lat' dir='ltr'>Similiter</span> 
     </span>
     <span class='ocr_line' id='line_1_42' title="bbox 161 2933 1007 2981; baseline 0 -11"><span class='ocrx_word' id='word_1_371' title='bbox 161 2934 266 2981; x_wconf 80' lang='lat' dir='ltr'>explicari</span> <span class='ocrx_word' id='word_1_372' title='bbox 282 2934 360 2980; x_wconf 82' lang='lat' dir='ltr'>potest,</span> <span class='ocrx_word' id='word_1_373' title='bbox 379 2934 436 2977; x_wconf 73' lang='lat' dir='ltr'>quod</span> <span class='ocrx_word' id='word_1_374' title='bbox 452 2935 482 2969; x_wconf 87' lang='lat' dir='ltr'>De</span> <span class='ocrx_word' id='word_1_375' title='bbox 499 2935 586 2970; x_wconf 83' lang='lat' dir='ltr'>incarn.</span> <span class='ocrx_word' id='word_1_376' title='bbox 604 2935 617 2970; x_wconf 88' lang='grc'>4</span> <span class='ocrx_word' id='word_1_377' title='bbox 635 2935 663 2980; x_wconf 87' lang='lat' dir='ltr'>(R</span> <span class='ocrx_word' id='word_1_378' title='bbox 678 2933 721 2980; x_wconf 82' lang='grc'>749)</span> <span class='ocrx_word' id='word_1_379' title='bbox 740 2933 766 2970; x_wconf 87' lang='lat' dir='ltr'>de</span> <span class='ocrx_word' id='word_1_380' title='bbox 782 2934 862 2979; x_wconf 86' lang='lat' dir='ltr'>primis</span> <span class='ocrx_word' id='word_1_381' title='bbox 878 2934 1007 2971; x_wconf 74' lang='lat' dir='ltr'>boniinibus</span> 
     </span>
     <span class='ocr_line' id='line_1_43' title="bbox 159 2979 953 3027; baseline -0.004 -9"><span class='ocrx_word' id='word_1_382' title='bbox 159 2983 221 3019; x_wconf 87' lang='lat' dir='ltr'>dicii:</span> <span class='ocrx_word' id='word_1_383' title='bbox 242 2996 252 3015; x_wconf 71' lang='lat' dir='ltr'>a</span> <span class='ocrx_word' id='word_1_384' title='bbox 261 2982 377 3027; x_wconf 78' lang='lat' dir='ltr'>Praecepit</span> <span class='ocrx_word' id='word_1_385' title='bbox 393 2981 541 3026; x_wconf 82' lang='lat' dir='ltr'>transgressio</span> <span class='ocrx_word' id='word_1_386' title='bbox 558 2981 607 3017; x_wconf 86' lang='lat' dir='ltr'>illos</span> <span class='ocrx_word' id='word_1_387' title='bbox 626 2984 654 3024; x_wconf 76' lang='grc' dir='ltr'>εἰς</span> <span class='ocrx_word' id='word_1_388' title='bbox 666 2979 689 3017; x_wconf 76' lang='grc' dir='ltr'>τὸ</span> <span class='ocrx_word' id='word_1_389' title='bbox 702 2981 752 3018; x_wconf 71' lang='grc' dir='ltr'>κατὰ</span> <span class='ocrx_word' id='word_1_390' title='bbox 766 2981 826 3027; x_wconf 69' lang='grc' dir='ltr'><em>φύσιν</em></span> <span class='ocrx_word' id='word_1_391' title='bbox 840 2982 953 3018; x_wconf 72' lang='lat' dir='ltr'>reduxit»</span> 
     </span>
    </p>
   </div>
   <div class='ocr_carea' id='block_1_6' title="bbox 0 0 1112 3350">
    <p class='ocr_par' dir='ltr' id='par_1_6' title="bbox 0 0 1112 3350">
     <span class='ocr_line' id='line_1_44' title="bbox 0 0 1112 3350; baseline 0 3"><span class='ocrx_word' id='word_1_392' title='bbox 0 0 1112 3350; x_wconf 95' lang='lat' dir='ltr'> </span> 
     </span>
    </p>
   </div>
  </div>
 </body>
</html>
