2214 3350
191 183 231 222 ’576
271 221 273 224 ,
492 184 546 221 Seot.
560 184 608 221 VII.
620 185 652 220 De
664 183 743 220 merito
794 199 796 202 v

192 291 304 337 baptismo
327 291 461 328 tristificatus
484 292 582 337 gratiam
607 289 782 327 sanctificantem
807 299 931 336 numquam
956 290 1055 333 amisit„
1084 328 1086 330 ,

190 344 290 390 primam
310 343 416 389 gloriam,
442 344 509 389 prout
533 344 643 380 secundae
668 342 793 388 opponitur,
820 351 866 383 non
889 341 971 379 meruit
995 344 1040 379 nisi
1086 378 1088 381 ,

194 395 289 439 secundo
309 396 372 431 titulo
390 397 419 432 ad
435 396 526 432 titulum
542 396 654 441 gratiosae
671 394 799 430 donationis
816 394 901 444 addito,
914 392 976 441 'Ergo
993 397 1040 433 Tri-

191 447 311 483 dentinum
324 447 383 483 nihil
397 448 460 484 aliud
475 448 500 484 de
516 459 526 480 u
534 448 608 494 prima
619 446 692 490 gloria
700 460 710 480 ιι
727 446 804 482 docere
818 446 866 482 vult
883 446 918 491 (oi.
935 447 1037 493 Ripuldeu
1051 444 1052 447 ’

193 500 224 534 De
239 500 287 534 ente
303 502 417 544 supernat.
432 500 446 536 1.
461 500 473 536 1
487 500 542 545 disp.
559 498 617 535 8911
634 497 670 541 9s;
685 496 734 549 Ber.
751 507 772 534 n.
790 497 851 544 1016).

262 576 283 614 2.
301 573 380 616 Gloria
395 573 556 628 accidentalis,
574 579 690 625 quotenus
705 573 731 613 in
745 573 788 613 hoc
803 572 887 613 ordine
902 584 931 613 ex
946 571 1039 611 institu-

190 636 257 677 tione
273 636 297 678 ei
310 637 466 688 promissione
488 635 570 676 divina
592 637 723 677 necessario
745 648 800 676 enne
821 635 897 692 plocio
920 634 1040 690 essentiali

191 692 354 751 eoniunpitur,
367 700 482 741 rationem
496 699 574 740 meriti
590 700 618 740 de
633 698 750 753 condigno
765 697 899 749 participat.
914 696 1039 738 Eiusmodi

190 763 250 804 :sunt
266 763 409 813 glorificatio
424 762 535 812 corporis,
555 762 661 802 amicitia
677 757 809 810 hestorum,
829 761 928 802 societas
946 759 1039 811 angelo-

194 836 256 871 rum,
273 825 370 865 aureola
383 825 523 877 martyrum,
541 824 672 873 doctorum,
689 824 819 875 virginum,
835 850 868 855 -
882 824 936 864 Alia
951 823 1039 875 gaudia

189 888 459 928 Ἰ161116111111110111551
472 900 485 928 s
498 888 547 928 Deo
560 899 589 928 ex
601 886 743 928 liberalitate
754 887 877 928 adduntur
890 887 941 928 sine
953 887 1038 927 merito

190 951 222 991 rie
237 950 354 1001 condigno
372 951 411 1003 (ci.
426 951 478 990 Ber.
495 950 566 1001 1030).
595 965 596 968 ¹

261 1038 281 1076 3.
298 1034 395 1077 Gratiae
411 1035 526 1084 actuales,
544 1035 627 1077 saltem
643 1034 761 1085 quatenus
774 1035 921 1075 necessariae
937 1035 1038 1076 suntad
1101 1063 1104 1069 -

159 1118 161 1121 v
189 1104 332 1149 potestatem
347 1099 523 1150 perseverandi,
542 1099 603 1140 sicut
620 1098 780 1140 infallibiliter
797 1098 887 1140 orando
905 1097 1036 1150 impetrari,

189 1161 226 1202 sic
239 1161 433 1212 probabiliter
449 1161 521 1202 etiam
540 1161 609 1204 titulo
626 1162 704 1202 meriti
722 1162 751 1202 de
769 1161 887 1212 condigno
904 1160 1037 1212 comparari

189 1224 299 1274 possunt·
323 1224 507 1265 connaturalia
528 1225 593 1264 euim
607 1224 772 1275 'augmentum
794 1223 883 1275 gratiae
906 1224 1038 1275 sequuntur

194 1287 291 1337 [Sineres
306 1287 324 1327 1.
341 1291 368 1327 12
382 1288 443 1338 disp.
459 1291 487 1328 26
501 1299 525 1327 n.
543 1290 578 1336 273
595 1288 735 1328 adversatur
749 1287 852 1338 Ripoldo
868 1288 884 1327 l.
901 1290 915 1329 4
932 1287 991 1336 disp.
1010 1289 1037 1327 93

189 1350 247 1390 sect.
262 1352 274 1390 1
289 1361 312 1390 n.
327 1351 358 1401 3).
877 1373 879 1375 -

189 1525 245 1566 ¹715.
282 1525 313 1566 11.
330 1525 490 1567 Excluduntur
507 1524 629 1566 aratione
644 1524 723 1566 meriti
738 1525 767 1567 de
782 1524 909 1577 condigno:

259 1614 280 1677 1.
296 1636 463 1689 Quaecumque
478 1618 591 1689 peccator
605 1635 664 1677 iacit
679 1637 710 1677 ad
724 1635 787 1677 dona
801 1635 1036 1685 supernaturalia

186 1700 214 1741 -et
230 1699 351 1750 imprimis
373 1700 404 1740 ad
427 1699 670 1740 iustificationem
691 1699 846 1740 obtinendam
872 1701 898 1751 (P
917 1701 966 1748 4193
981 1700 1034 1740 Ber.

191 1762 282 1819 1037s).
300 1763 349 1804 Hoc
365 1764 443 1814 quoad
459 1762 562 1813 gratiam
578 1762 756 1803 iustificationis
778 1763 813 1804 est
836 1764 864 1803 cle
887 1763 948 1814 sicle:
975 1762 1036 1802 Tri-

191 1825 341 1866 dentinum
357 1836 375 1865 s.
390 1828 402 1866 6
418 1836 469 1876 cap.
486 1828 499 1866 8
517 1826 560 1877 (Du
576 1826 639 1877 801):
665 1842 675 1861 <c
683 1825 749 1865 Nihil
766 1835 856 1873 eorum,
874 1836 935 1875 quae
950 1824 1036 1866 iustifi-

187 1887 308 1929 eetionem
326 1888 477 1939 praecedunt,
499 1887 548 1928 sive
567 1887 636 1936 fides,
657 1888 707 1929 sive
725 1899 804 1938 opera,
825 1888 903 1938 ipsam
922 1886 1035 1928 iust'iica-

187 1950 261 1991 tionis
282 1950 384 2001 gratiam
406 1949 581 2001 promeretur.»
604 1950 711 1991 Verbum
735 1950 928 2001 “promeremur
949 1950 984 1991 uti
1007 1962 1036 1992 ex

190 2013 248 2054 actis
260 2014 355 2054 concilii
369 2013 451 2062 elucet,
466 2013 580 2064 exprimit
592 2014 707 2054 meritum
720 2014 748 2054 de
763 2014 879 2065 condique
895 2015 926 2065 [v.
940 2014 1036 2054 Riviere

186 2077 308 2129 751754),
328 2077 363 2117 Ci.
383 2077 444 2117 Baii
462 2089 498 2127 pr.
519 2079 588 2117 1217
607 2080 632 2117 18
653 2077 695 2128 (Dz
714 2077 816 2128 1012ss).
836 2103 867 2108 -
885 2078 909 2117 S.
928 2077 1036 2117 Pectus

189 2139 327 2189 saepissime
340 2139 407 2180 docet
417 2139 564 2189 peccatorem
576 2151 625 2179 non
636 2151 665 2180 ex
674 2139 793 2189 operibus
807 2141 849 2180 sed
860 2140 934 2189 gratis
945 2152 974 2180 ex
985 2139 1035 2180 fide

190 2201 325 2249 iustificari;
341 2213 365 2241 v.
381 2213 403 2252 g.
420 2202 481 2241 Rom
498 2204 519 2249 4,
537 2204 580 2241 is:
601 2201 715 2250 operanti
731 2212 822 2242 merces
837 2213 885 2242 non
902 2201 1035 2252 imputatur

190 2264 322 2305 secundum
337 2264 445 2315 gratiam,
463 2263 503 2304 sed
519 2264 650 2304 secundum
664 2263 780 2312 debitum
795 2274 845 2304 non
858 2264 973 2316 operanti,
987 2276 1035 2306 cre-

186 2327 254 2369 denti
267 2328 347 2369 autem
359 2327 384 2367 in
396 2328 473 2368 Deum
485 2326 655 2368 iustificantem
667 2326 791 2377 reputatur
803 2328 865 2369 iides
876 2329 907 2369 ed
919 2327 1035 2369 iustitiam

190 2391 322 2431 secundum
337 2390 485 2441 propositum
500 2390 589 2440 gratiae
605 2390 648 2431 Dei
665 2390 704 2441 (ei.
720 2390 781 2431 Rom
793 2393 814 2440 3,
831 2393 866 2440 243
880 2394 901 2440 9,
918 2394 944 2432 30
952 2403 982 2440 ss3
1000 2394 1032 2439 11,

185 2456 209 2501 ·«6;
225 2454 278 2504 Eph
293 2456 314 2502 2,
328 2453 377 2504 8s).
393 2479 424 2485 »-
438 2452 619 2503 Augustinus
634 2454 664 2505 (R
679 2455 733 2494 1446
748 2454 820 2505 1449).
837 2480 868 2485 -
882 2455 917 2496 De
931 2454 1035 2506 primis

189 2515 379 2557 Scholasticis
400 2528 422 2556 v.
440 2516 468 2557 A.
485 2516 607 2567 Landgraf
628 2517 654 2557 in
677 2517 749 2557 ZkTh
772 2520 798 2559 51
823 2517 894 2570 (1927)
913 2517 987 2558 1721.
1003 2542 1035 2548 —-

186 2580 297 2626 Tuom,
313 2580 338 2620 S.
356 2580 389 2619 tn.
406 2582 425 2628 1,
442 2582 455 2621 2
470 2591 493 2629 q.
511 2581 552 2620 114
564 2591 585 2620 a.
602 2582 622 2620 5.
638 2605 669 2611 —-
684 2580 778 2621 Retio:
799 2580 860 2621 Cum
875 2582 906 2622 ed
920 2580 1034 2622 meritum

188 2642 217 2682 <le
232 2642 351 2692 condigno
364 2642 437 2683 etism
449 2641 531 2683 debita
545 2640 648 2693 dignitus
661 2652 776 2693 personae
791 2642 934 2692 requiretur,
951 2655 1033 2684 servus

185 2704 211 2745 et
225 2715 239 2744 s
253 2705 345 2745 fortiori
360 2705 455 2745 rebellis
470 2705 501 2745 de
514 2705 632 2755 condigno
644 2706 730 2747 mereri
746 2707 830 2756 nequit
844 2705 996 2757 adoptionem
1010 2707 1034 2748 et

186 2767 251 2807 ‘bona
263 2766 322 2807 iiliis
334 2767 452 2808 exclusive
464 2767 569 2818 propria.
582 2767 667 2809 Valore
679 2768 757 2819 operis
768 2768 794 2808 in
807 2769 860 2810 aotu
873 2770 951 2820 primo
963 2780 1033 2820 prop-

184 2829 224 2870 ter
237 2828 404 2880 indignitatem
419 2840 535 2881 personae
547 2830 680 2880 deficiente,
696 2831 746 2873 sola
758 2831 802 2873 Dei
816 2832 943 2883 promissio
957 2833 1033 2873 homi-

185 2903 243 2932 nem
264 2891 368 2942 perieote
390 2892 518 2933 contritum
543 2892 690 2934 iustificandi
713 2905 761 2935 non
784 2895 861 2945 potest
884 2906 962 2937 creare
986 2907 1033 2936 me-

185 2954 262 2994 ritum
276 2955 305 2995 de
320 2955 444 3006 condigno.
461 2955 548 2996 Merite
563 2956 758 3006 testificationem
773 2959 940 3009 consequentia
955 2970 970 3000 a
985 2959 1033 3000 Deo
