2214 3350
199 183 223 218 22
272 180 326 219 Seei.
341 184 357 218 Ι,
372 176 416 219 Art.
431 184 448 219 Ι.
461 173 492 220 De
504 184 634 220 necessitate
647 183 734 227 gratias
747 185 776 219 ed
788 169 850 220 actus
864 184 974 220 salutares

272 291 408 337 Thesisl.
434 292 470 333 At
490 297 582 333 emnem
603 271 683 333 ectum
703 263 832 333 salutarem
852 292 946 334 iuterna
966 292 1046 345 gretia

197 354 385 407 supernaturalis
401 356 440 396 est
455 355 563 410 absolute
579 355 603 398 et
618 354 714 407 physice
730 354 876 396 necessarie.

198 451 236 491 33.
270 452 288 487 Ρ
302 461 335 497 pr.
352 451 368 488 7.
384 472 407 477 -
419 436 535 488 patruit.
551 451 576 488 22
589 451 613 487 ra
627 451 659 488 aa
672 472 696 477 -
708 453 823 497 iiazzspr.
840 452 896 488 7,-
909 453 962 488 Lau.
978 453 1009 489 tu.
1026 453 1042 488 1.

196 524 221 531 a
235 503 309 539 sehse.
326 504 357 540 tu.
374 505 384 541 5
399 504 416 540 e,
432 525 458 531 -
468 504 519 539 ¹iser.
535 512 556 538 n.
575 502 610 539 iao
624 502 660 539 eus
674 503 716 540 210.
883 525 885 527 .

205 590 206 593 ¹
270 595 310 640 St.
327 609 374 652 qu,
392 599 412 636 i.
429 595 510 636 Naxus
526 594 548 645 a)
567 600 680 634 tractatus
696 595 725 635 de
741 593 817 644 giutia
832 604 888 634 cum
904 592 958 633 aliis
973 591 1045 643 perti-

199 659 244 709 bus
255 659 386 710 theologiae
399 671 420 699 v.
435 670 458 698 n.
472 661 492 712 t3
503 658 528 709 b)
543 657 654 697 sectionis
665 658 677 696 l
689 657 719 697 ἃᾶ
731 656 820 697 ceteras
831 669 854 697 r.
868 667 891 697 n.
906 659 939 704 193
954 655 974 705 e)
990 654 1045 694 arii-

198 721 270 761 auli]
284 722 315 761 acl
328 722 351 762 li
359 735 362 761 z
380 721 450 761 Prius
464 721 494 761 de
506 720 600 760 actibus
613 719 759 760 salutaribus
773 719 875 770 agimus,
891 718 948 770 quia
962 719 991 759 de
1006 717 1045 758 bis

198 785 301 825 niaxime
317 784 367 824 erat
380 782 486 834 quaestio
500 783 526 822 in
541 782 646 839 antiquis
662 781 828 823 controversiis
842 783 871 823 de
887 781 971 832 grat-im
988 781 1044 822 dein

198 848 227 887 de
244 846 337 887 actibus
352 846 492 886 naturaliter
509 840 621 893 horiestis,
639 846 668 886 de
686 844 774 895 quibus
791 845 920 895 posteriore
937 845 1043 895 tempore

197 910 274 961 magis
286 909 432 964 litigabatuu
446 909 469 960 d)
484 908 548 949 iutra
560 909 624 948 huuc
638 906 766 959 articulum
779 905 848 958 prius
859 907 1001 959 aeaeraliter
1014 907 1044 947 de

198 973 264 1012 omui
278 972 331 1013 actu
346 972 444 1012 salutari
460 971 549 1022 (tbi),
566 971 620 1011 dein
635 971 769 1021 specialiter
782 967 812 1011 'de
827 971 973 1024 quibusdam
988 969 1043 1011 eeti-

197 1036 243 1075 bus
256 1034 389 1074 initialibus
406 1034 449 1085 (tu.
466 1033 496 1084 2).

197 1149 235 1190 34.
272 1151 293 1189 2.
309 1147 406 1190 Sensus.
422 1149 444 1199 a)
460 1149 497 1188 Ad
511 1158 622 1188 omnem
636 1139 779 1198 generaliter
793 1148 897 1196 aetum,
914 1147 962 1188 sire
977 1147 1041 1187 mere

197 1210 326 1259 internum,
346 1211 395 1260 sive
413 1222 468 1251 euni
487 1210 585 1251 externo
602 1222 673 1261 apere
691 1210 854 1259 eouiuueturm
874 1209 1041 1257 salutarem,

196 1275 247 1315 i.·e.
263 1274 370 1325 positive,
387 1285 436 1313 non
451 1285 515 1314 mere
532 1273 641 1323 negative
658 1274 714 1324 (riou
731 1274 892 1325 impediendo)
911 1273 1042 1313 conduceti-

153 1346 154 1349 ’
196 1342 243 1376 tem
259 1337 290 1376 acl
306 1337 408 1376 salutem
424 1337 525 1383 animae,
544 1337 593 1377 sive
610 1336 749 1377 immediate
765 1337 870 1377 rueretur
893 1347 1041 1376 cousumma-

196 1405 245 1440 tam
263 1399 363 1440 salutem
381 1399 539 1440 beatitudinis
563 1398 677 1448 caelestis,
704 1399 754 1451 sire
778 1399 862 1440 saitem
887 1399 993 1450 disponit
1010 1400 1041 1439 ed

195 1462 331 1502 inchoatam
350 1462 452 1503 salutem
473 1462 658 1503 iustificationis.
681 1462 746 1515 Talis
768 1461 834 1503 ectus
854 1461 987 1502 necessaria
1007 1462 1042 1502 est

195 1525 345 1574 deliberatus,
364 1524 433 1573 iiber³¹
452 1517 573 1566 honestus.
593 1524 636 1565 Hie
654 1536 701 1565 nou
719 1524 798 1575 agitur
817 1526 845 1566 de
864 1535 981 1566 concursu
997 1524 1041 1565 Dei

194 1589 311 1638 generati,
327 1586 369 1638 qui
387 1589 419 1628 ad
437 1599 521 1628 omues
539 1588 639 1628 omuino
657 1588 761 1628 actiones
785 1588 885 1636 nostras,
911 1588 984 1629 etiam
1010 1589 1040 1628 ad

194 1652 276 1699 malas,
294 1651 425 1701 requiritur
439 1662 515 1701 neque
530 1651 560 1691 ob
576 1651 661 1691 merita
677 1650 764 1691 Christi
780 1650 858 1691 datur.

262 1726 286 1776 b)
307 1725 406 1766 Gratia
422 1736 492 1765 sensu
509 1725 636 1766 allectiva:
658 1724 748 1765 dorium
765 1724 839 1775 gratis
855 1725 879 1766 et
895 1736 924 1765 ex
941 1725 1040 1765 beneve-

193 1788 266 1829 lentia
282 1788 366 1829 datum
384 1789 417 1840 (n.
435 1788 466 1839 6t3
483 1787 610 1829 interna:
631 1788 677 1839 ipsi
694 1788 789 1829 animae
806 1787 925 1839 spirituali
941 1788 1041 1838 eiusque

193 1850 304 1901 potentiis
321 1850 484 1901 superioribus
500 1850 588 1891 directe
605 1850 721 1899 immissa,
739 1861 788 1889 hou
805 1851 883 1891 sotum
901 1857 997 1891 emerita
1013 1851 1041 1890 ut

191 1913 345 1964 *riraedieatia
364 1913 504 1962 admonitio,
525 1913 601 1962 lectio,
621 1912 750 1964 applicatio
767 1913 828 1954 ritus
848 1914 881 1964 (n.
902 1911 924 1961 5,
944 1913 976 1963 7);
996 1924 1040 1953 su-

194 1976 401 2026 pernaturalis:
420 1976 516 2016 interim
530 1987 590 2027 vaae
604 1987 676 2016 seusu
691 1975 810 2017 intellecta
824 1976 947 2026 tamquam
963 1987 1041 2027 neque

193 2050 221 2078 ex
238 2038 363 2089 principiis
381 2039 480 2080 naturae
496 2038 628 2089 procedens
645 2049 722 2089 neque
739 2040 769 2079 eb
788 2039 871 2079 eadem
890 2039 978 2088 exacta,
998 2039 1040 2079 sed
1072 2055 1073 2058 ¹

193 2100 291 2142 naturae
308 2101 381 2142 libere
399 2101 560 2151 superaddita,
578 2102 641 2141 vires
658 2101 708 2141 eius
724 2113 822 2151 augens,
840 2102 937 2153 propter
954 2101 1039 2142 merita

194 2163 282 2204 Christi
300 2176 315 2204 a
332 2165 355 2205 S,
376 2163 468 2214 Spiritu
492 2163 586 2205 collata.
612 2164 751 2204 Accuratiur
776 2164 942 2206 determinatio
966 2164 1039 2210 huius

194 2226 426 2276 superuaturalitatis
441 2227 522 2277 postea
538 2227 651 2276 sequetur
668 2227 710 2278 (th.
728 2228 759 2277 9).
777 2228 859 2278 Neque
875 2237 940 2267 nune
957 2225 1039 2268 distin-

193 2288 290 2339 guimus
307 2289 367 2329 inter
383 2289 486 2341 gratiam
503 2289 651 2329 habitualem
668 2290 692 2330 et
708 2290 826 2330 actualem
846 2289 885 2341 (ei.
905 2301 928 2329 n.
948 2292 987 2330 531
996 2290 1037 2341 ss).

262 2362 282 2412 c)
303 2363 481 2404 Necessarie:
510 2362 605 2413 agimus
624 2364 653 2403 de
672 2354 810 2404 necessitate
835 2362 933 2414 gratiae;
959 2363 1038 2403 abso-

192 2424 262 2483 lute,
279 2424 499 2476 usurpatoriae,
517 2424 532 2464 i.
549 2437 569 2465 e.
587 2425 709 2476 supposito
725 2426 770 2466 hoc
785 2426 869 2467 ordine
886 2425 976 2475 salutis,
994 2426 1038 2466 uti-

191 2499 238 2538 que
255 2498 303 2527 non
319 2488 424 2529 absolute
442 2488 581 2536 necessarie,
599 2489 666 2529 aetus
684 2489 795 2529 salutaris
811 2489 879 2529 uuila
897 2490 940 2530 sub
958 2490 1038 2529 cendi-

191 2551 260 2591 cione
271 2550 325 2590 fieri
337 2551 413 2601 potest
424 2552 475 2592 siue
487 2551 529 2592 tali
541 2551 625 2602 gratia.
639 2551 675 2592 Ab
688 2553 733 2592 hoc
745 2552 828 2592 ordine
842 2552 941 2593 naturae
954 2551 1038 2593 buma-

191 2624 237 2654 nae
247 2612 327 2663 lapsae
338 2613 361 2653 et
372 2624 386 2653 a
397 2613 491 2654 Ciuisto
500 2614 625 2664 reparatae
634 2614 716 2664 postea
727 2614 796 2655 tacite
808 2613 885 2656 illatio
896 2614 950 2656 fieri
962 2615 1039 2665 potest

191 2676 222 2716 ad
235 2674 326 2726 primos
338 2676 448 2725 parentes
459 2676 483 2717 et
496 2676 592 2727 angelos
607 2677 650 2728 (th.
664 2678 696 2728 9);
711 2676 838 2727 physice,
854 2689 902 2717 non
915 2678 1038 2717 moraliter

115 2756 119 2760 ⁴
191 2739 294 2785 tantum,
310 2736 326 2776 i.
341 2749 361 2777 e.
378 2738 440 2778 vires
454 2738 566 2790 physicae
581 2739 680 2780 naturae
695 2750 743 2779 non
759 2739 836 2780 solum
851 2739 949 2791 propter
963 2741 1037 2780 maxi-

190 2813 256 2842 mam
270 2800 440 2850 difficultatem
453 2802 574 2842 rarissime
588 2802 613 2842 in
627 2802 707 2843 aetum
720 2802 875 2850 reducuntur,
891 2804 932 2843 sed
947 2803 1038 2853 simpli-

190 2864 250 2905 eiter
268 2874 316 2903 nen
336 2862 455 2903 sufficiunt
474 2864 504 2904 ad
524 2865 596 2905 talem
616 2865 703 2913 aetum,
724 2876 784 2916 quae
804 2864 879 2915 igitur
897 2865 1038 2916 impotentia

188 2927 262 2968 etiam
276 2925 390 2966 omnibus
402 2926 530 2967 obstaculis
544 2926 641 2967 remotis
654 2927 677 2968 et
690 2927 804 2968 omuibus
816 2927 949 2969 moralibus
962 2929 1037 2969 admi-

190 2989 278 3030 niculis
293 2987 409 3029 adhibitis
425 2998 473 3027 uon
489 2989 570 3029 cesset.
