2214 3350
247 129 249 131 V
299 150 330 184 De
343 149 450 193 conceptu
463 147 562 184 iustitiae
577 147 598 182 et
611 146 776 183 iustificationis
923 145 960 183 225

112 258 164 300 erat
182 255 316 305 declaratio,
337 268 384 308 qua
403 256 466 297 Deus
485 232 601 296 iustitiam
619 255 756 305 agnosceret
774 255 797 296 et
814 254 907 296 aditum
925 254 957 295 ad

113 324 176 363 bona
194 319 313 372 messiane
331 318 476 360 concederet.
498 319 545 359 Sed
565 319 588 359 S.
609 317 707 367 Paulus,
727 316 790 358 inter
808 318 915 369 primum
934 317 957 359 et

111 383 244 426 secundum
258 382 358 424 Messiae
372 381 503 424 adventum
517 380 673 431 distinguens,
689 379 759 421 istam
774 380 956 421 declarationem

112 457 160 488 non
178 445 347 497 esebataloqire
364 445 464 493 tantum,
485 445 526 486 sed
543 444 614 485 etiam
629 444 760 495 proleptire
777 455 821 494 pro
838 443 953 495 praesent

110 511 169 551 aevo
185 508 258 550 sumit
274 506 342 560 eique
357 509 421 550 hunc
438 508 522 550 tribuit
538 507 658 556 effectum,
676 508 703 549 ut
718 508 791 548 homo
807 506 956 558 plenitudine

111 574 230 614 bonorum
244 571 417 613 messianornm
431 583 474 623 per
488 571 563 612 iidem
577 570 672 621 accepta
686 581 768 611 revera
781 571 858 611 iustus
873 569 956 611 efficia-

110 637 157 677 tur.
180 635 265 676 Feine
287 634 368 676 statuit
382 634 489 686 aliquam
505 633 626 683 iustitiam,
644 645 705 685 quae
720 633 817 674 interim
839 645 868 674 er
887 639 956 685 parta

111 709 175 738 mere
186 698 304 748 imputata
315 697 338 738 et
350 697 375 738 in
387 698 436 739 fine
449 697 537 738 saecuti
548 696 695 748 perficienda
708 695 745 746 sit,
760 698 800 738 sed
814 696 862 738 iam
873 707 955 738 veram

0 751 8 783 ³³
64 765 80 814 j
111 761 230 803 internam
248 761 425 803 renovationem
443 760 568 801 contineat.
587 784 618 789 —
636 761 656 812 a)
677 759 724 801 Alii
743 759 884 811 simpliciter
902 770 955 801 con-

108 823 196 866 cedunt
214 824 287 865 verbo
307 823 415 866 δικαιοῦν
436 824 502 875 apud
521 823 623 865 Paulum
643 823 776 875 significari
796 822 955 863 communica-

109 889 199 929 tionem
223 889 331 928 internae
354 887 465 929 iustitiae.
490 888 620 930 Jiilicher
647 888 751 940 (Komar.
777 900 834 928 zum
856 888 954 929 Rdrrier-

111 951 194 1003 briejt:
215 951 305 992 Paulus
322 951 419 993 reiceret
442 951 624 1002 imputationem
648 950 752 993 iust'tiae
775 950 854 992 ordini
872 962 953 992 rerum

108 1026 157 1056 non
172 1026 308 1056 consonam.
324 1015 496 1056 Iustiiicatione
510 1015 603 1056 homini
618 1016 690 1057 datur
705 1016 795 1057 donum
811 1028 840 1057 ex
854 1016 952 1067 propria

109 1079 152 1121 Dei
170 1079 279 1121 essentia.
304 1080 406 1121 Wrede
433 1080 539 1132 (Paulus,
558 1083 579 1120 2.
599 1080 664 1120 Aufl.
686 1080 782 1139 [1907]):
812 1080 837 1120 Si
862 1080 953 1122 Paulus

80 1172 82 1179 >
106 1144 213 1195 putasset
226 1143 301 1184 selam
314 1142 389 1184 fidem
402 1155 416 1184 a
429 1145 477 1185 Deo
491 1143 597 1195 reputari
610 1155 653 1195 pro
667 1143 765 1193 iustitia,
779 1144 887 1186 doctrina
901 1144 952 1185 eius

107 1207 205 1262 moralis
218 1206 312 1261 iudaice
325 1205 385 1248 esset
398 1206 505 1247 inferior.
520 1207 647 1248 Terminus
665 1207 779 1259 δικαιοῦν,
798 1219 869 1259 quem
883 1219 952 1258 prop-

107 1269 143 1311 ter
158 1269 257 1311 Iudaeos
271 1268 348 1321 elegit,
364 1270 430 1321 apud
444 1270 525 1320 ipsum
539 1271 605 1310 οιιικι·
619 1280 690 1310 seusu
700 1271 794 1321 ¹forensi
809 1276 880 1319 aaran
895 1269 954 1312 narn

106 1335 184 1376 Deum
201 1333 297 1376 exhibet
314 1333 341 1375 ut
359 1332 498 1375 donatorem
515 1333 611 1385 gratiae,
631 1345 679 1375 non
697 1333 725 1374 ut
741 1334 853 1375 iudicem.
874 1335 951 1384 Quare

107 1397 196 1438 Luther
213 1397 329 1438 formulas
346 1396 456 1448 paulinas
474 1396 582 1447 repetens
599 1396 732 1448 genuinum
750 1408 846 1438 sensum
864 1408 951 1448 nequa-

104 1472 179 1512 quam
189 1459 310 1501 assecutus
320 1460 362 1500 est.
375 1460 452 1501 Zahn
465 1459 737 1512 (DerBriesdesPauius
749 1473 780 1502 αιι
791 1461 946 1513 dieRdrrrer):

105 1523 179 1564 Paulo
195 1522 347 1565 δικαιοῦσθαι
358 1522 394 1563 est
407 1522 471 1563 idem
485 1534 512 1563 ac
525 1524 716 1577 καταλαμβάνειν
730 1523 890 1579 δικαιοσύνην,
903 1535 951 1565 non

106 1585 187 1627 autem
203 1585 294 1627 iustum
311 1585 435 1626 declarari.
453 1584 620 1627 Lietzmann
640 1586 687 1638 (Aa
704 1586 743 1626 die
760 1587 847 1628 thmer
865 1587 948 1646 [1906])

104 1650 175 1692 vertit
192 1649 300 1692 δικαιοῦν
316 1650 411 1701 aerarii
427 1650 529 1690 machere
544 1649 696 1701 admittitque
713 1651 738 1690 in
755 1651 851 1692 homine
867 1663 949 1693 veram

105 1712 228 1754 iustitiam.
240 1738 273 1744 -
284 1713 307 1764 d)
322 1713 400 1754 Etiam
413 1712 438 1761 ii,
451 1712 494 1764 qui
506 1712 586 1764 ipsum
598 1712 729 1754 terminum
749 1713 856 1756 δικαιοῦν
878 1725 949 1755 sensu

57 1828 59 1835 X
104 1778 195 1827 lorensi
207 1788 300 1818 sumere
314 1775 414 1825 malunt,
429 1776 509 1817 tamen
523 1776 637 1816 unionem
650 1776 763 1827 fideliam
777 1789 832 1817 ααιιι
846 1777 946 1826 Christo,

104 1853 178 1893 quam
193 1842 283 1882 Paulus
299 1841 373 1889 docet,
392 1851 462 1882 sensu
478 1840 547 1881 valde
563 1841 680 1886 realistico
696 1841 847 1894 interpretari
863 1841 946 1883 soient.

103 1931 135 1937 ᾖ
155 1906 300 1957 Lagrange
324 1905 440 1957 (113263)
466 1905 544 1956 sperat
560 1905 870 1957 exegetasindependentes
892 1918 948 1948 mox

102 1969 226 2021 agnituros
246 1981 296 2011 esse
316 1969 449 2010 doctrinam
470 1969 565 2010 concilii
587 1969 721 2010 Tridentini
742 1970 831 2020 optime
853 1982 948 2022 respon-

42 2045 43 2048 *
103 2033 159 2074 dere
172 2034 232 2075 ideis
246 2034 270 2074 S.
284 2031 377 2074 Paulil.

164 2181 172 2202 1
190 2180 282 2215 Praeter
299 2180 401 2216 auctores
419 2181 446 2215 ab
464 2179 513 2225 ipso
531 2179 612 2216 relatos
629 2180 724 2226 possunt
741 2181 853 2216 nominari
878 2183 901 2218 G.
921 2183 945 2217 Ρ.

104 2226 214 2269 Wetter,
229 2227 307 2263 Charis
321 2227 418 2272 (Leipzig
430 2225 485 2274 1913)
498 2236 518 2261 v.
531 2236 551 2272 g.
565 2227 594 2263 ad
605 2228 662 2263 Rom
673 2227 691 2268 3,
704 2227 759 2264 mss
772 2228 801 2274 (p.
814 2229 858 2275 ab:
875 2231 948 2266 «Dem

99 2282 188 2324 *genien
206 2275 402 2319 zusammenhang
420 2274 479 2310 nach
498 2274 527 2309 ist
546 2284 569 2310 es
587 2275 721 2320 notwendig,
743 2276 802 2312 diese
821 2277 888 2313 verse
907 2278 948 2313 aut

103 2321 151 2356 eine
173 2321 287 2357 wirkliche
311 2322 359 2357 Tat
381 2321 462 2363 cortes,
481 2322 543 2357 nicht
560 2323 599 2357 auf
617 2323 653 2358 ein
670 2323 786 2367 gbttlicbes
809 2324 897 2360 Urteil
920 2335 948 2360 zu

101 2367 233 2411 beziehert»;
258 2369 284 2404 ad
303 2370 360 2405 Rom
378 2369 396 2412 5,
417 2367 469 2404 1253
496 2368 524 2413 (p.
543 2368 567 2404 41
575 2369 606 2414 s):
636 2367 685 2405 «Ἠ
696 2370 761 2414 δωρεὰ
773 2372 809 2417 τῆς
822 2371 947 2419 δικαιοσδνης
974 2416 976 2418 v

101 2414 209 2458 sedenter,
227 2416 279 2451 dass
301 2416 333 2451 sie
354 2415 443 2460 geraeht
459 2416 582 2460 gemacht
597 2418 692 2460 werden,
709 2418 744 2454 eis
761 2418 808 2455 eine
825 2419 945 2465 wirkliche‚

34 2504 35 2508 Ἰ
101 2461 161 2497 reale
176 2463 241 2506 Gaba,
258 2463 319 2498 nicht
333 2472 377 2498 nur
391 2464 439 2499 eine
454 2463 638 2510 Freisprechung,
655 2465 716 2500 nicht
730 2475 774 2501 nur
789 2466 826 2502 ein
840 2466 947 2503 Erlassen

100 2508 140 2544 der
153 2510 233 2546 Siinde.
248 2512 294 2546 Das
306 2510 334 2546 ist
346 2510 387 2546 mit
400 2508 457 2555 χάρις
473 2511 524 2546 weit
536 2513 599 2548 mehr
612 2513 651 2548 der
663 2513 717 2548 Feli.
728 2527 738 2546 ν
751 2533 774 2538 -
786 2515 840 2558 Aug.
854 2516 947 2550 Dieck-

102 2563 191 2599 mann,
216 2558 255 2593 Die
274 2558 355 2595 christi.
374 2558 443 2593 Lebre
461 2567 504 2592 voa
521 2558 559 2594 der
577 2558 652 2595 Gnade
678 2560 762 2605 (Berlin
779 2560 834 2607 1901)
853 2564 880 2599 ob
897 2572 947 2608 prc-

100 2611 190 2645 gressus
207 2614 321 2649 exegeseos
338 2606 358 2641 et
373 2604 498 2650 theologiae
512 2606 605 2642 biblicae
621 2607 708 2652 tempus
724 2617 771 2644 esse
787 2610 867 2653 censet,
886 2611 945 2646 «das

100 2651 284 2694 protestantische
302 2652 473 2697 Zentraidogma
492 2662 535 2689 von
552 2654 590 2690 der
607 2655 792 2700 Rechttertigung
810 2666 851 2693 aus
870 2658 945 2694 Gnade

100 2698 147 2750 und
159 2699 243 2735 Giaube
255 2700 279 2735 in
292 2700 364 2736 seiner
378 2700 514 2736 orthodoxen
523 2703 628 2747 ¹Fassung
641 2703 702 2738 einer
714 2703 820 2739 Revision
832 2715 859 2740 zu
872 2706 945 2742 unter-

100 2744 195 2799 menen»
213 2746 247 2791 (7).
264 2748 290 2782 In
304 2748 345 2783 hac
359 2747 454 2783 materia
468 2748 565 2786 recidere
579 2750 604 2784 in
618 2750 796 2787 catholicismum
811 2753 831 2787 et
845 2753 945 2788 mutuari

101 2789 213 2829 doctrinas
227 2802 361 2838 magnorum
374 2795 474 2830 virorum
489 2797 574 2833 mediae
589 2797 669 2833 aetatis
684 2797 788 2835 ecclesiae
804 2797 944 2844 etangelicae

101 2837 121 2872 et
135 2838 253 2876 honestum
268 2842 288 2876 et
300 2841 355 2878 utile
370 2842 407 2878 est.
425 2843 587 2890 «Ueberhaupt
600 2845 629 2880 ist
644 2845 679 2881 die
694 2847 794 2891 Auigabe
809 2848 946 2894 heineswegs

49 2917 50 2920 ,
100 2886 194 2938 vender
206 2888 273 2923 Hand
285 2898 312 2924 zu
323 2888 411 2932 weisen
425 2890 477 2925 dass
490 2899 534 2926 von
546 2892 585 2927 der
597 2892 662 2929 Basis
675 2893 713 2929 der
726 2894 807 2939 richtig
821 2896 945 2932 erhebenen

100 2930 223 2969 biblrschsn
233 2935 386 2972 Gnadenlehre
398 2945 438 2972 aus
449 2937 498 2972 eine
508 2939 689 2985 Verstandiguug
699 2942 810 2978 zwischen
820 2943 857 2978 der
869 2943 946 2979 katho-

141 3010 201 3042 Iienos,
212 3013 236 3039 De
247 3014 308 3041 Gratia.
887 3023 908 3053 15
