2214 3350
251 139 327 174 Thesis
340 139 357 174 8.
372 136 492 183 Dispositio
504 137 602 189 positiva
615 137 636 171 et
649 136 754 180 negativa
892 133 927 171 145

76 247 169 282 arvinae
181 246 274 291 gratiae,
284 247 305 283 et
317 248 349 283 est
362 246 457 283 contra
470 221 628 295 Apostolum
642 243 787 289 (Putea...
808 245 880 280 Homo
893 243 929 278 in.»

79 299 139 343 diget
150 298 233 334 auxilio
240 299 327 342 gratiae
333 308 380 334 non
387 298 459 333 solum
470 298 499 334 ad
509 296 646 338 merendum,
655 296 694 330 sed
701 295 804 341 etiamad
811 296 859 339 hoc,
868 295 927 340 quod

78 359 102 385 se
113 350 143 386 ad
154 349 251 394 gratiam
262 352 389 395 praeparat,
402 349 467 385 aliter
478 349 553 385 tamen
564 348 586 384 et
598 347 695 383 aliter...
708 348 741 382 Ad
752 347 882 383 merendum
894 356 927 382 re-

75 401 177 447 quiritur
186 401 369 438 habitualiter
380 402 462 447 gratia;
474 401 512 436 sed
523 401 553 436 ad
563 401 612 443 hoa
625 399 684 444 quod
695 399 760 434 homo
772 399 891 444 praeparet
902 407 925 434 se

78 454 108 489 ad
121 452 223 489 habitum
236 455 421 499 consequendum,
437 462 483 489 non
495 453 580 498 indiget
595 451 639 488 alio
653 450 739 493 habitu,
755 451 808 495 quia
822 451 854 486 sic
869 450 926 487 esset

75 506 196 550 procedere
213 505 238 540 in
253 505 372 545 infinitum,
391 506 479 550 indiget
495 505 570 540 autem
587 503 680 539 divino
698 502 811 547 auxilio,
830 511 876 537 non
893 511 926 537 so·

30 582 31 585 η
75 557 126 592 lum
141 556 250 601 quantum
265 558 294 593 ad
310 558 447 593 exteriora
461 557 579 599 moventia,
597 556 664 602 prout
679 554 725 590 scil.
743 564 769 591 ex
785 554 861 591 divina
877 563 926 600 pro-

74 608 177 644 videntia
192 610 341 654 procurantur
358 609 443 644 homini
460 609 587 644 occasiones
603 607 691 650 salutis,
708 607 764 653 puta
780 605 926 652 praedicatio-

75 668 124 703 nes,
137 659 237 705 exempla
248 660 270 696 et
280 661 394 707 interdum
405 660 556 705 aegritudines
568 660 590 696 et
601 658 698 704 flagella,
712 659 751 695 sed
763 658 845 695 etiam
858 666 926 703 quan-

77 712 126 746 tum
144 711 173 747 ad
190 711 350 748 interiorem
367 713 476 756 motum,
495 712 561 758 prout
579 713 638 747 Deus
657 719 695 746 eor
713 710 810 746 hominis
830 709 925 745 interius

77 764 152 798 movet
164 763 193 798 ad
206 763 289 799 honum
303 765 425 800 secundum
437 764 493 799 illud
506 764 569 800 Proe.
583 763 615 806 ri,
631 762 653 799 1:
669 764 713 798 *Cor
726 771 804 807 regum
818 763 843 797 in
855 770 925 797 mauu

75 815 123 857 Dei,
138 823 275 860 quocumque
286 815 388 859 voluerit,
401 816 471 851 vertet
482 815 544 851 illud.
558 816 586 851 Et
599 816 657 860 quod
669 815 711 850 hoc
723 815 876 850 necessarium
888 814 923 856 sit,

77 866 174 912 prohat
191 866 375 913 Philosophus
393 868 418 903 in
436 868 532 912 quodam
551 867 624 913 capite
642 867 673 903 De
694 866 751 902 bonu
769 866 862 912 fortuna
883 868 925 913 [se-

74 919 154 965 quitur
167 919 239 955 textus
253 929 278 955 ex
291 920 340 956 Eth.
355 919 460 966 Eadem]
518 920 579 956 Sicut
593 928 645 964 ergo
659 920 733 955 omnis
746 918 820 954 motus
835 918 925 954 inferio-

76 980 128 1006 rum
142 979 266 1017 corporum,
282 980 338 1017 quae
352 980 399 1007 non
412 980 498 1017 semper
512 971 635 1014 moventur,
651 970 787 1017 principium
802 971 835 1007 est
850 970 924 1005 motus

74 1023 140 1065 caeli,
153 1023 185 1058 ita
197 1022 297 1059 omnium
308 1024 409 1058 motuum
415 1022 548 1058 interiorum
554 1023 663 1058 mentium
669 1022 805 1068 principium
818 1023 851 1058 est
859 1022 924 1058 aDeo
959 1032 961 1035 ’

73 1074 183 1121 mouente.
197 1075 235 1111 JSic
249 1083 301 1120 ergo
314 1074 391 1111 nullus
403 1074 476 1120 potest
489 1083 511 1109 se
526 1074 555 1110 ad
568 1074 666 1119 gratiam
679 1082 815 1120 praeparare
830 1083 870 1109 nec
884 1073 925 1109 ali-

70 1126 196 1171 quidboni
210 1127 284 1163 :iacere
298 1126 342 1161 nisi
356 1135 396 1173 per
410 1126 510 1176 divinum
525 1126 660 1162 auxilium.»
676 1144 702 1156 -«
715 1127 774 1171 Ergo
786 1127 810 1165 ,S.
828 1127 924 1162 Thomas

75 1177 262 1225 uuncpersperit
277 1177 343 1214 fidem
358 1177 492 1214 catholicam
507 1179 586 1214 contra
601 1177 792 1223 semipelagianos
809 1176 924 1213 definitam

74 1229 154 1265 docere
170 1229 269 1274 gratiam
285 1229 386 1275 aliquam
401 1229 534 1266 internam
550 1230 597 1265 iam
615 1230 644 1265 ad
661 1228 858 1276 praeparationem
875 1237 925 1274 gra·

76 1283 121 1318 tiae
133 1282 223 1328 requiri.
237 1282 397 1318 Necessitatem
407 1291 460 1327 vero
473 1282 539 1318 huius
552 1282 631 1318 auxilii
643 1281 727 1317 interni
740 1281 808 1317 etiam
821 1291 851 1317 ex
863 1281 925 1317 Phi—

75 1334 187 1380 losopho
202 1335 293 1381 probari
306 1342 372 1380 posse
386 1333 493 1372 autumat.
510 1334 569 1378 Ergo
584 1343 612 1368 ne
626 1342 686 1369 nunc
702 1334 790 1378 quidem
806 1333 832 1369 de
847 1333 924 1378 aliqua

74 1385 151 1430 gratia
164 1386 249 1421 actuali
263 1385 409 1422 eutitative
424 1385 449 1421 et
464 1385 628 1431 simpliciter
642 1383 852 1431 supernaturali
866 1385 924 1430 cogi-

74 1438 136 1473 tasse
148 1438 243 1473 videtur.
256 1437 318 1473 Idem
330 1437 424 1484 apparet
436 1447 462 1473 er
474 1446 493 1474 a.
507 1437 519 1474 8
531 1438 561 1473 ad
573 1438 595 1474 2:
611 1438 701 1473 Primus
713 1436 785 1481 homo,
800 1438 820 1473 si
832 1438 924 1483 ponitur

74 1490 100 1524 in
117 1489 178 1525 statu
195 1489 335 1525 innocentiae
353 1498 399 1525 uon
416 1489 493 1525 statim
510 1489 616 1525 habuisse
634 1489 738 1534 gratiam,
757 1490 835 1526 tamen
851 1489 923 1535 potuit

74 1541 146 1577 Deum
157 1549 224 1586 super
236 1541 312 1577 omnia
323 1541 416 1586 diligere
429 1541 450 1577 et
462 1550 485 1577 se
497 1541 526 1577 ad
539 1541 636 1586 gratiam
647 1541 750 1587 pluribus
763 1541 849 1578 actibus
861 1551 924 1587 prae·

75 1601 163 1638 parare;
175 1602 229 1628 uam
242 1592 385 1628 «naturali
397 1592 553 1642 dilectione,
567 1602 611 1638 qua
622 1595 681 1629 Deus
693 1603 760 1639 super
772 1593 848 1629 omnia
859 1594 923 1629 natu-

75 1644 153 1679 raliter
168 1644 277 1689 diligitur,
294 1644 366 1690 potest
382 1644 464 1690 aliquis
478 1644 552 1690 magis
569 1645 590 1681 et
605 1645 681 1681 mimis
696 1646 736 1690 uti,
755 1646 776 1680 et
792 1646 882 1690 quando
898 1646 923 1681 in

66 1704 161 1731 ¹summo
172 1695 246 1739 tuerit,
259 1696 311 1731 tunc
322 1696 356 1731 est
366 1705 455 1731 summa
464 1697 607 1742 praeparatio
618 1698 648 1733 ad
659 1698 755 1741 gratiam
766 1698 894 1734 habendam
902 1711 920 1734 n.

74 1812 130 1853 223.
164 1810 186 1847 S.
198 1809 270 1848 theol.
286 1811 304 1855 1,
319 1811 334 1847 2
351 1821 372 1857 q.
388 1810 431 1848 109
447 1822 466 1847 a.
482 1810 508 1847 62
529 1811 676 1857 Praeparatic
688 1811 812 1848 voluntatis
824 1813 854 1848 ad
866 1812 922 1849 hene

74 1863 213 1909 operandum
229 1863 250 1898 et
265 1863 294 1899 ad
309 1864 354 1899 Deo
370 1863 489 1900 fruendum
504 1871 550 1899 non
565 1863 638 1909 potest
652 1861 701 1898 fieri
718 1863 766 1900 sine
781 1863 921 1900 habituali

74 1915 161 1959 gratiae
174 1915 238 1951 dono.
255 1927 266 1948 u
273 1915 307 1951 Ad
320 1915 361 1951 hoc
375 1915 455 1957 autem,
470 1915 528 1959 quod
541 1916 661 1961 praeparet
674 1924 698 1951 se
711 1915 776 1952 homo
791 1917 821 1952 ad
835 1925 922 1963 suscep-

74 1967 156 2002 tionem
167 1966 236 2002 huius
247 1967 306 2010 doni,
318 1976 366 2002 non
375 1967 459 2012 oportet
469 1975 649 2012 praesupponere
661 1966 752 2013 aliquod
764 1967 827 2005 aliud
839 1968 922 2004 donum

73 2018 188 2054 habituale
201 2018 226 2054 in
238 2018 321 2062 anima,
336 2018 389 2064 quia
400 2018 432 2054 sic
444 2019 600 2065 procederetur
611 2019 636 2054 in
648 2018 770 2062 infinitum3
783 2021 823 2056 sed
836 2019 921 2066 oportet

74 2070 226 2115 praesupponl
242 2070 334 2115 aliquod
350 2069 481 2106 auxilium
497 2069 650 2115 gratuitum
666 2072 714 2108 Dei
728 2071 849 2108 interius
865 2072 923 2107 ani·

74 2175 174 2219 Aquinas
193 2185 219 2211 ex
236 2174 284 2219 hoc,
305 2175 383 2220 «quod
400 2174 472 2210 omnis
490 2183 561 2213 causa
578 2175 693 2211 convertat
712 2185 764 2212 suos
783 2176 873 2223 eftectus
892 2176 923 2213 ad

72 2235 141 2261 suum
156 2225 230 2268 finem;
248 2226 269 2262 et
285 2226 341 2268 ideo,
359 2235 409 2261 cum
426 2226 547 2262 secundum
562 2226 665 2263 ordinem
683 2228 798 2272 agentium
814 2227 860 2263 sive
877 2237 922 2263 mo-

73 2279 174 2315 ventium
187 2279 216 2314 sit
230 2280 284 2314 ordo
296 2279 383 2321 finium,
398 2288 486 2315 necesse
501 2280 540 2323 est,
556 2281 615 2324 quod
629 2281 660 2316 acl
673 2282 777 2317 ultimum
791 2281 859 2328 finem
871 2291 922 2318 con-

72 2333 175 2368 vertatur
188 2332 254 2368 homo
269 2341 307 2378 per
321 2333 441 2367 motionem
454 2332 521 2377 primi
535 2335 643 2370 moventis
652 2347 670 2371 ».
687 2335 719 2371 Ex
732 2336 779 2380 Dei,
794 2335 862 2381 primi
877 2345 921 2371 mo-

71 2385 145 2421 ventis
160 2385 297 2431 simpliciter,
312 2386 409 2421 motione
424 2385 462 2428 est,
479 2387 558 2431 «quod
574 2388 649 2423 omnio
664 2389 689 2423 in
702 2388 777 2434 ipsum
792 2390 921 2425 convertan-

71 2439 111 2473 tur
132 2440 254 2475 secundum
274 2447 437 2475 communem
457 2439 603 2476 intentionem
624 2441 717 2477 boni...
749 2443 791 2479 Sed
820 2443 921 2478 homines

71 2491 143 2527 iustos
160 2492 269 2528 convertit
285 2493 313 2528 ad
330 2501 353 2527 se
370 2492 444 2537 ipsum
461 2493 518 2528 sicut
535 2494 565 2529 ad
588 2495 734 2540 specialem
747 2495 830 2537 'finem
855 2505 921 2540 quem

72 2545 192 2581 intendunt
206 2545 227 2581 et
240 2546 276 2581 cui
289 2545 382 2592 cupiunt
395 2546 517 2583 adhaerere
532 2547 589 2583 sicut
602 2549 660 2584 hono
674 2549 805 2595 proprio...
821 2551 850 2586 Et
862 2549 919 2592 ideo,

73 2598 132 2641 quod
146 2597 213 2634 homo
230 2598 371 2634 convertatur
394 2598 423 2634 ad
445 2600 522 2643 Deum,
541 2601 582 2637 hoc
598 2610 644 2637 uon
660 2602 732 2647 potest
749 2611 797 2639 esse
814 2602 858 2639 nisi
869 2604 919 2640 Deo

70 2650 147 2695 iprum
160 2654 305 2687 convertente.
320 2653 366 2687 Hoc
380 2652 455 2687 autem
468 2653 501 2689 est
514 2663 651 2700 praeparare
665 2665 687 2692 se
701 2656 730 2692 ad
744 2655 841 2701 gratiam
856 2657 921 2701 quasi

74 2704 103 2738 ad
116 2705 187 2740 Deum
200 2706 324 2740 converti.»
337 2724 361 2729 -
373 2705 419 2740 Hoc
433 2705 480 2741 loco
494 2716 540 2742 non
552 2707 641 2743 videtur
655 2718 702 2744 esse
716 2719 788 2745 sermo
803 2710 830 2746 de
844 2710 921 2756 aliqua

70 2756 219 2802 dispositione
234 2759 346 2799 remota,
363 2767 419 2802 quae
435 2758 615 2797 iustificationem
630 2762 729 2808 tempore
744 2763 864 2809 praecedit,
882 2766 921 2800 sed

72 2809 162 2845 tautum
176 2811 203 2846 de
217 2811 389 2857 praeparatione
403 2812 534 2856 proxima,
553 2823 609 2858 quae
625 2816 658 2850 est
673 2817 770 2862 tempore
786 2817 854 2853 simul
870 2827 920 2853 cum

71 2861 236 2900 iustificatione.
252 2864 358 2901 Consistit
369 2865 393 2899 in
405 2864 481 2909 aliqua
494 2868 637 2903 conversione
651 2869 680 2905 ad
692 2870 762 2905 Deum
774 2872 800 2907 ut
813 2872 842 2907 ad
853 2870 922 2907 finem

71 2916 192 2959 specialem
209 2918 229 2953 et
245 2917 270 2953 fit
285 2928 325 2964 per
342 2917 558 2962 aliquamdivinam
574 2922 695 2958 motionem
711 2923 757 2959 sive
773 2933 814 2970 per
831 2925 921 2970 aliquod

115 3001 174 3032 Liuor,
186 3003 210 3029 De
221 3003 277 3029 Gratia
862 3009 883 3038 to
