2214 3350
146 106 183 146 aci
268 107 321 143 sea.
335 108 374 143 ΠΙ.
387 107 433 148 Art,
442 107 475 143 n.
489 108 520 148 ne
531 107 599 146 aenis·
609 93 801 156 injustificatum
813 108 872 144 catis

147 226 187 259 sus
202 215 330 256 amandata
351 215 426 257 iidem
449 215 603 257 christianam
619 227 648 268 ex
664 214 714 256 solo
728 216 800 257 verbo
823 216 866 268 Dei
889 215 1001 263 statuere

146 278 287 328 praetendit.
306 278 401 319 Abhinc
415 279 521 330 ,theologi
539 278 676 320 catholici
695 289 749 319 suas
767 278 887 323 doctrinas
905 277 990 323 maiori
1024 324 1025 327 Ἰ

146 351 203 381 cura
217 352 247 381 ex
261 341 367 384 fontibus
382 341 491 393 positivis
505 341 605 392 probare
621 340 766 392 satagebant.
782 361 814 374 —v
828 340 991 387 Tridentiuum

147 416 165 445 s.
180 407 193 444 6
206 405 324 455 quaedam
338 405 455 456 definivit,
470 404 517 445 alia
530 403 579 444 tam
592 404 671 455 aperte
684 404 805 454 indicavit,
821 405 849 445 ut
860 405 946 445 exinde
960 405 990 445 ab

142 467 259 515 ,omnibus
273 467 356 515 solidis
368 466 484 517 theologis
497 465 580 508 saltem
594 478 638 518 pro
650 466 721 507 certis
733 466 885 516 haberentur,
902 467 991 508 inultas

146 541 202 570 vero
216 530 365 582 quaestiones
379 530 440 570 inter
454 529 589 572 Themistas
603 530 627 570 et
641 529 752 570 Scotistas
766 529 929 570 controversas
944 530 964 571 st
982 555 990 562 -

137 592 211 651 'diose
232 593 373 639 iniudicatcs
396 592 501 644 reliquit
520 591 550 633 ci.
573 592 670 643 Homer,
695 590 989 643 Entstehungsgescbichte

146 668 169 707 p.
181 657 274 704 17—303
283 656 304 696 H
307 688 312 701 ,,
320 656 424 695 Lenocrz
435 656 459 696 S.
468 656 499 704 l,
510 656 558 697 Das
567 655 652 696 Konzil
661 669 685 696 v.
696 655 779 703 Trient
787 668 810 697 u.
823 656 894 697 theol.
907 654 990 698 Schul-

146 718 291 769 meinungen
309 717 452 768 <Scholastik
468 720 482 759 4
499 718 571 777 [1929]
589 718 693 770 38-52).

146 832 200 876 365.
238 833 293 874 Post
309 833 477 875 Tridentinnm
496 833 606 878 nonnulli
625 831 748 877 sectatores
765 832 897 883 theologiae
914 832 990 883 posi-

145 896 220 937 tivae
240 894 373 941 libertatem
392 907 406 936 a
425 894 526 936 concilio
545 894 663 946 sapienter
684 904 817 936 concessam
838 894 893 946 plus
912 905 989 946 aequo

145 958 307 1007 extenderunt,
320 958 382 999 inter
392 969 451 1009 quos
461 959 562 999 Ioannes
570 957 702 999 Morinus
712 957 867 999 Oratorianus
878 959 903 1012 (t
915 958 987 1010 1659).

145 1022 204 1064 Tam
225 1021 326 1064 Baiani
346 1032 419 1072 quam
441 1020 721 1067 Semirationalistae
745 1021 857 1074 (Stotller,
880 1021 987 1072 Hermes,

144 1084 225 1135 lioba)
245 1083 408 1133 scholasticam
426 1083 560 1128 doctrinam
576 1084 606 1126 dc
623 1085 693 1127 donis
708 1084 812 1135 physicis
830 1084 919 1135 gratiae
936 1095 988 1135 per-

144 1146 268 1188 manenter
290 1146 384 1193 animae
406 1146 586 1190 inhaerentibus
608 1147 748 1193 omittebant
764 1148 802 1187 vel
819 1147 891 1189 etiam
907 1140 988 1198 aperte

144 1209 325 1260 impugnabant,
355 1208 581 1250 Neoschol'astici
610 1220 662 1253 eam
690 1220 719 1258 ex
746 1209 854 1258 fontibus
878 1210 988 1261 positivis
1043 1219 1045 1221 ·

145 1273 251 1315 securius
268 1271 433 1316 stabiliverunt
449 1271 473 1313 et
489 1272 520 1321 ad
537 1272 641 1319 mentem
658 1272 683 1312 S.
704 1272 808 1313 Thomoe
825 1271 987 1320 excoluerunt

98 1360 100 1364 ,
144 1335 185 1377 sed
200 1346 284 1376 omnes
298 1336 346 1376 iere
362 1334 471 1376 hodierni
487 1335 619 1385 agnoscunt
634 1334 769 1390 subtiliores
784 1335 900 1385 quasdam
917 1347 987 1386 quae-

145 1398 233 1440 stiones
248 1409 304 1442 cum
320 1397 461 1441 certitudine
476 1398 538 1439 solvi
552 1409 601 1437 noo
617 1408 693 1448 posse,
711 1409 766 1439 cum
783 1397 894 1448 revelatio
912 1399 940 1439 de
958 1399 988 1440 iis

143 1472 191 1502 non
203 1460 320 1509 habeatur
331 1460 355 1505 et
365 1460 525 1511 periculosum
538 1460 568 1501 sit
580 1461 642 1502 inre
654 1472 713 1512 pure
727 1461 901 1511 supernaturali
914 1462 988 1501 nimis

143 1523 217 1564 iidere
233 1522 349 1574 analogiis
365 1522 522 1571 naturalibus
759 1515 760 1518 ¹

178 1688 179 1691 ’
234 1691 235 1694 ’
270 1671 487 1738 ranunculum
498 1682 537 1734 uu
549 1696 722 1738 viuruussus
737 1671 856 1735 iurusis.

138 1801 196 1850 'aaa
229 1809 247 1844 P
260 1808 313 1843 vni
328 1799 518 1850 1—1a-'Mazz.,
533 1808 564 1842 ne
578 1807 628 1843 virt.
645 1807 684 1843 inf.
700 1816 721 1843 11.
738 1806 801 1843 1-2c.
816 1827 840 1832 -
855 1807 937 1852 stura,
953 1810 985 1843 ne

141 1860 189 1896 virt.
203 1860 243 1895 ini.
257 1868 278 1898 n.
294 1859 344 1900 1-9.
358 1878 382 1885 -
394 1859 467 1903 Billot‚
481 1860 512 1896 De
524 1859 573 1895 virt.
588 1859 637 1902 int,
651 1859 683 1895 ed.
698 1859 716 1902 2,
731 1858 784 1902 1905,
798 1869 817 1905 p.
834 1858 897 1896 1-96.

190 1939 192 1941 ’
209 1947 301 1990 Nomen
321 1948 417 1989 virtutis
436 1949 462 1988 in
483 1948 605 1999 Vulgata
625 1949 766 1999 plerumque
788 1948 909 1998 significet
927 1949 984 1989 vim

141 2010 313 2065 atquerobur
327 2011 358 2051 ad
374 2010 467 2062 aliquid
482 2010 657 2061 perficiendum
674 2010 846 2064 respondetque
862 2011 985 2051 vocabulis

139 2073 231 2123 graecis
248 2072 351 2126 δύναμις,
368 2076 439 2130 ἰσχύς,
461 2073 535 2124 Saepe
559 2073 699 2114 miracula
723 2074 746 2115 et
770 2073 860 2114 similes
884 2073 986 2117 effectus

138 2135 270 2194 ‘superioris
282 2135 400 2187 potentiae
412 2136 528 2177 vocantur
538 2135 638 2191 virtutes
653 2136 794 2189 (ὁυνάμεις).
810 2137 897 2178 Rarius
909 2136 986 2181 virtus

139 2210 185 2247 usu
195 2198 261 2239 venit
271 2210 298 2239 eo
310 2209 387 2253 sensu,
401 2210 447 2250 quo
460 2210 523 2240 nunc
534 2199 610 2241 acturi
622 2210 706 2240 sumus
717 2201 745 2241 de
756 2199 886 2241 virtutibus
900 2201 986 2254 (ἀρετή,

140 2261 257 2312 Taueni),
265 2273 315 2312 vg.
324 2262 400 2304 2Petr
410 2265 429 2311 1,
438 2265 459 2303 5.
467 2262 545 2304 Etiam
556 2263 620 2314 apud
632 2262 778 2313 antiquiores
787 2261 887 2305 Patres
897 2258 983 2313 saepis

140 2325 198 2364 sime
209 2324 329 2365 invenitur
340 2335 422 2366 sensus
432 2326 458 2365 in
469 2324 592 2375 Scriptura
602 2324 748 2377 praevalens.
760 2325 831 2376 Apud
842 2325 984 2376 posteriores

139 2387 222 2428 Patres
234 2386 258 2427 et
270 2398 351 2428 omnes
365 2387 514 2438 theologos
526 2387 606 2429 noster
620 2398 703 2429 sensus
717 2389 752 2430 est
766 2387 981 2439 frequentissimus.

138 2504 193 2556 367.
217 2504 296 2547 Virtus
311 2506 345 2547 est
358 2506 475 2548 babitus
488 2506 651 2557 operativus
665 2507 766 2547 bonus.
782 2505 904 2547 Habitus
921 2505 984 2561 (ἕξις,

138 2579 212 2619 germ.
229 2568 327 2609 tortasse
344 2569 495 2621 «Holtonq»,
512 2569 705 2620 «Vcrjossonpvl
723 2568 758 2610 est
772 2568 876 2619 qualitas
889 2580 982 2620 perma-

138 2642 205 2679 nens,
224 2642 271 2682 qua
288 2631 358 2672 homo
375 2632 434 2673 bene
452 2631 572 2673 animale
590 2643 614 2672 se
631 2631 704 2672 habet
719 2630 757 2672 vel
774 2631 864 2672 ratione
882 2631 982 2673 naturae
1024 2631 1026 2636 ’

140 2688 246 2745 (habitus
263 2694 408 2747 entitativus)
427 2693 466 2736 vel
483 2694 574 2736 ratione
593 2694 737 2745 operationis
757 2693 864 2745 (babitus
881 2694 982 2745 operati-

137 2757 200 2808 vus).
219 2756 337 2798 Posterior
360 2756 396 2804 est
418 2756 541 2808 dispositio
565 2768 709 2808 permanens
726 2756 757 2800 ad
775 2755 844 2797 facile
862 2757 900 2797 vel
918 2757 983 2799 certo

137 2819 207 2860 modo
224 2819 343 2870 agendum
364 2819 519 2871 (Fertiqlceit),
538 2820 653 2861 accedens
669 2821 701 2861 ad
718 2819 848 2870 potentiam
869 2820 985 2874 (δύναμις,

136 2882 270 2934 deiplccit)
285 2893 313 2923 ex
324 2893 347 2923 se
360 2881 546 2925 indifferentem.
560 2882 660 2924 Habitus
672 2881 808 2934 operativus
819 2883 913 2925 malus
924 2882 983 2924 dici-
