2214 3350
144 171 178 207 134
321 171 375 206 Sect.
393 172 420 206 ΙΙλ
438 171 483 205 Art,
502 171 517 206 Ι,
535 172 566 205 De
583 169 703 213 gratuitate
720 168 807 213 gratiae

141 280 189 319 non
202 279 312 320 habentis
325 279 433 329 gratiam,
448 279 499 319 tum
513 278 570 329 quia
583 277 673 317 cecedit
685 277 864 327 proportionem
875 281 981 323 notnroe,
1028 299 1032 302 -

141 341 193 383 tum
205 341 278 383 etiam
293 342 351 394 quia
364 342 417 383 ante
431 341 532 393 gratiam
548 341 573 381 in
588 340 650 381 statu
664 340 753 391 peccati
769 340 840 380 horno
855 339 926 380 hahet
940 339 983 378 ino

141 404 306 455 perimentum
321 403 472 456 promerendi
487 404 596 454 gratiam,
613 402 662 444 scil.
680 403 759 454 ipsum
774 407 926 452 percutiunt.

200 493 262 530 Idem
272 493 319 529 iam
329 493 387 528 clare
399 490 553 527 enuntiaverat
574 489 599 524 ln
612 488 625 524 2
642 488 694 525 1127
705 498 724 533 q.
734 488 743 524 1
755 498 774 523 a.
784 488 807 524 4:
823 489 984 531 «nonumgra-

140 545 185 581 tiae
195 545 257 581 nullo
267 545 332 580 modo
343 544 382 580 suh
392 542 471 578 merito
482 542 560 577 cadere
570 541 642 587 potest
653 541 707 583 eius,
719 540 756 585 qui
767 540 791 574 tn
802 541 864 585 puris
875 539 982 575 nutrireti-

142 597 181 632 bus
194 598 232 640 est,
246 598 266 633 et
277 596 348 631 multo
360 596 433 630 minus
446 594 500 637 eius,
515 594 552 639 qui
565 595 589 628 in
601 594 689 638 peccato
702 592 840 638 deprimitur.
850 605 860 625 >³
875 592 917 629 Sed
929 592 981 628 ibid.

140 649 240 694 aliquam
256 646 463 693 dispositionem
478 655 518 692 per
533 654 602 690 opera
618 644 752 680 naturaliter
768 643 862 679 honesta
879 644 899 680 et
916 642 982 689 quod-

133 700 192 737 ·dam
204 700 329 736 meritum
342 709 371 735 er
384 706 501 742 congruo
515 696 612 733 admittit
628 698 654 743 (v,
670 705 691 732 n.
709 696 818 742 1911101).
832 716 858 724 -
870 695 944 732 Etiam
958 694 981 730 in

141 750 296 789 S.th.ohscura
312 750 420 796 quaedam
436 749 556 785 demerito
572 749 685 793 congrui
700 748 772 784 habet.
790 747 885 794 Exponit
901 747 918 791 1,
934 748 948 784 2
962 757 981 792 q.

140 804 175 840 114
193 803 247 839 aaz
257 805 317 849 Opus
333 802 472 838 meritorium
488 801 585 837 hominis
601 802 626 836 in
643 800 718 846 gratia
735 800 848 836 constituti
867 798 982 846 dupliciter

139 854 275 891 considerari
291 854 374 901 potest:
393 853 410 889 1.
428 853 550 889 secundum
567 853 625 898 quod
640 852 739 898 procedit
755 862 781 888 oo
797 852 865 887 libero
882 851 980 892 arbitrio,

138 907 155 943 2.
175 907 296 942 secundum
313 906 371 951 quod
386 905 486 952 procedit
502 914 527 941 ec
545 905 617 949 qratia
633 904 730 950 Spiritus
748 904 830 941 Sonctt.
848 904 894 940 Hoc
911 903 981 940 altero

138 958 203 993 modo
214 957 378 993 consideratum
389 956 421 993 est
430 956 570 992 meritorium
580 957 638 992 vitae
650 956 753 992 aeternae
765 965 791 992 oa
802 955 916 999 condiano,
930 956 982 1000 quic

138 1009 287 1045 valormeriti
302 1009 424 1046 attenditur
439 1008 561 1044 secundum
574 1008 678 1044 virtutem
692 1008 790 1054 Spiritus
806 1008 881 1044 Sancti
895 1017 982 1043 moven-

138 1061 168 1097 tis
185 1070 226 1097 nos
244 1062 269 1096 in
285 1061 357 1096 vitam
374 1061 494 1097 aeternam.
515 1061 556 1097 Sin
573 1060 646 1106 priore
665 1061 730 1096 modo
749 1060 908 1103 consideratur,
931 1060 981 1095 «sic

138 1121 184 1148 non
198 1113 270 1159 potest
284 1112 316 1149 ihi
331 1122 378 1149 esse
393 1112 532 1157 condtqnttos
549 1112 639 1158 propter
654 1112 775 1148 maximam
790 1112 979 1156 inaequalitatem,

138 1166 177 1201 sed
190 1165 223 1201 est
236 1165 267 1201 ibi
280 1164 408 1209 oonpruitos
421 1165 511 1210 propter
525 1164 639 1209 quandam
652 1163 810 1209 aequalitatem
824 1163 978 1210 proportionis.

111 1244 113 1248 ,
138 1216 231 1253 Videtur
245 1217 305 1253 enim
319 1225 448 1261 congruum,
465 1216 490 1252 ut
504 1216 590 1251 homini
606 1215 707 1261 operanti
723 1217 844 1252 secundum
860 1225 924 1252 suam
939 1215 981 1251 vir-

137 1268 214 1313 tutem,
226 1266 445 1313 Deusrecompense't
457 1268 579 1304 secundum
591 1267 742 1304 excellentiam
753 1278 807 1304 snae
819 1268 913 1303 virtutis.
924 1282 934 1301 »
948 1267 978 1303 Ci.

136 1329 156 1354 a.
170 1319 240 1363 qum
255 1329 370 1365 quaerens,
387 1321 464 1355 utram
480 1321 543 1355 homo
559 1320 629 1365 possit
644 1319 710 1355 atteri
725 1320 805 1355 mereri
820 1320 916 1364 primam
932 1327 980 1363 pro·

138 1371 199 1415 itam,
220 1371 322 1408 adhibita
340 1371 417 1408 eadem
435 1371 576 1408 distinctione
595 1371 658 1408 dicit:
682 1371 779 1407 «Merito
799 1372 890 1416 conaret
908 1372 980 1417 potest

137 1422 220 1468 aliquis
236 1423 301 1459 alteri
315 1423 396 1459 mereri
410 1423 507 1469 primam
521 1423 626 1468 gratiam;
643 1422 696 1468 quia
712 1423 770 1459 enim
785 1423 850 1459 homo
866 1423 890 1459 in
906 1422 979 1467 gratia

137 1474 270 1522 constitutus
284 1474 362 1520 implet
374 1475 414 1511 Dei
427 1474 570 1519 voluntatem,
587 1483 710 1520 congruum
724 1476 755 1511 est
770 1475 892 1511 secundnm
906 1475 980 1510 amict-

138 1526 182 1562 ttoe
197 1527 371 1572 proportionem,-
383 1526 409 1562 ut
423 1527 483 1562 Deus
497 1526 590 1573 impleat
605 1527 701 1563 hominis
717 1527 854 1563 voluntatem
869 1527 894 1563 in
909 1527 979 1563 saiva—

137 1578 196 1613 tione
209 1577 308 1614 alterius.
318 1591 328 1611 „
342 1578 399 1614 Hinc
412 1578 499 1614 videtur
512 1579 580 1615 etiam
593 1588 612 1615 a.
626 1578 639 1614 3
651 1578 710 1614 ratio
722 1579 869 1624 congruitatis
883 1579 980 1615 derivari

137 1638 162 1666 ex
178 1638 208 1672 eo,
226 1629 284 1674 quod
299 1629 339 1665 net
355 1628 439 1665 amicus
456 1629 503 1666 eius
517 1630 610 1675 impleat
625 1630 768 1666 voluntatem.
787 1631 810 1668 Si
827 1639 881 1677 opus
897 1632 979 1667 honum

136 1680 203 1717 amici
221 1682 261 1717 Dei
279 1681 427 1717 abstractione
445 1681 527 1718 mentis
546 1681 700 1718 consideratur
717 1681 742 1717 ut
760 1682 880 1728 procedens
900 1692 914 1718 a
932 1681 979 1719 solo

135 1732 231 1775 homine,
249 1741 295 1769 non
311 1733 337 1768 ut
354 1732 420 1769 simul
436 1733 557 1779 procedens
575 1734 713 1781 expmotione
732 1734 828 1780 Spiritus
846 1734 928 1779 Sancti,
947 1734 978 1770 sic

135 1793 181 1820 non
194 1784 282 1830 quidem
297 1785 438 1830 condignum,
453 1785 492 1821 sed
505 1785 581 1822 tamen
595 1794 718 1831 congruum
733 1786 771 1828 est,
786 1787 813 1823 ut
826 1787 884 1823 Deus
898 1795 978 1822 recom-

135 1837 212 1882 penset
230 1835 271 1872 hoc
288 1845 346 1882 opus
364 1837 400 1872 sut
418 1837 485 1873 amici
503 1838 625 1873 secundum
645 1838 797 1874 excellentiam
816 1847 870 1875 suae
889 1838 978 1875 divinae

134 1887 230 1924 virtutis.
244 1888 305 1925 Haec
318 1889 375 1924 ratio
388 1888 535 1933 congruitatis
550 1890 660 1925 evanescit
672 1890 697 1925 in
710 1889 754 1933 illo,
770 1891 808 1935 qui
821 1899 866 1926 non
879 1892 911 1926 est
924 1892 978 1926 omi-

135 1949 174 1975 1111
184 1939 231 1982 Det,
244 1940 264 1976 et
274 1939 345 1976 multo
355 1940 504 1986 megistum,
517 1941 556 1986 qui
567 1941 615 1978 eius
626 1941 730 1977 inimicus
742 1942 780 1979 est.
792 1962 819 1971 --
828 1942 901 1991 Aliam
912 1942 978 1989 expli-

135 1992 245 2027 cationem
262 1992 287 2027 de
305 1993 441 2036 conqruttate
458 1992 521 2028 coldo
538 1993 661 2038 improprio
677 1994 744 2030 habet
760 1994 819 2030 Ber.
838 1994 873 2030 366
888 1994 940 2031 inst.
958 1995 975 2031 3.

135 2112 190 2153 207.
226 2115 247 2161 2,
263 2116 276 2154 2
292 2125 314 2164 q.
330 2116 357 2154 83
371 2112 421 2164 agit
435 2113 463 2153 de
478 2111 619 2153 oratione:
639 2123 660 2152 a.
678 2114 705 2153 13
721 2111 876 2163 distinguitur
891 2113 977 2165 triplex

134 2175 246 2216 effectus:
265 2178 284 2215 1.
298 2176 391 2225 mereri,
406 2178 427 2217 2.
441 2176 577 2226 impetrare,
592 2177 613 2216 3.
628 2176 745 2226 quaedam
760 2174 892 2226 spiritualis
905 2177 976 2228 rosec-

135 2238 167 2278 tio
184 2240 277 2278 mentis.
295 2264 326 2269 »-
343 2251 363 2280 a.
382 2241 419 2279 15:
450 2238 549 2279 «Oratio
571 2238 642 2279 habet
665 2238 794 2279 efficaciam
816 2238 931 2289 merendi,
951 2240 976 2280 in

133 2301 251 2352 quantum
266 2301 371 2352 procedit
385 2313 415 2342 ex
430 2301 507 2341 radice
523 2300 672 2342 caritatis...
689 2301 822 2342 Efficaciam
837 2302 917 2343 autern
933 2303 975 2343 im-

132 2364 245 2415 petrandi
263 2363 334 2405 habet
352 2376 380 2405 ex
398 2363 476 2415 gratia
492 2364 543 2413 Dei,
564 2374 636 2416 quem
655 2376 758 2413 oramus,
781 2365 822 2417 qui
842 2364 914 2406 etiam
933 2376 976 2407 nos

133 2426 164 2467 ad
175 2427 292 2467 orandum
303 2427 401 2467 inducit.
410 2444 420 2462 »
432 2452 464 2458 —
474 2427 504 2467 ad
514 2430 539 2468 1:
556 2444 574 2467 «ε.
585 2458 589 2466 .
600 2458 604 2466 .
616 2427 688 2468 etiem
698 2427 780 2475 oratio,
793 2439 853 2478 quae
864 2427 975 2478 impetrot

132 2488 236 2540 protiom
250 2495 346 2540 protum
359 2490 492 2540 foetentem,
509 2491 616 2541 procedit
632 2502 660 2531 en
675 2491 755 2541 oitqoo
770 2492 848 2541 pretio
862 2493 932 2542 quast
947 2503 975 2532 erc

132 2552 236 2603 preterito
252 2551 322 2600 dono·
338 2553 394 2604 quia
409 2553 489 2603 ipsum
505 2564 572 2594 orare
587 2554 623 2594 est
638 2554 758 2605 quoddam
775 2554 865 2595 donum
881 2555 931 2604 Dei,
949 2556 976 2596 ut

132 2614 279 2666 Anpusto'nus
296 2614 359 2656 dicit.
369 2632 378 2651 1

193 2703 216 2747 Q.
234 2701 257 2739 83
272 2711 291 2738 a.
310 2702 338 2740 16.
356 2703 379 2740 Si
392 2703 494 2749 peccator
508 2703 570 2749 petit,
586 2704 611 2740 in
626 2704 735 2748 quantum
749 2704 852 2749 peccator
867 2704 906 2748 est,
923 2705 937 2739 i.
956 2714 972 2741 e.

131 2755 254 2791 seeundum
265 2753 399 2790 desiderium
409 2755 493 2800 peccati
507 2757 534 2801 (v,
547 2764 567 2800 g.
581 2765 606 2791 ex
618 2755 721 2798 avaritia,
734 2765 759 2792 en
771 2755 892 2801 cupiditate
903 2765 974 2793 vanae

131 2807 216 2852 gloriae
232 2806 289 2852 etc),
308 2815 323 2842 a
337 2808 380 2842 Deo
397 2816 443 2842 non
459 2807 550 2843 auditur
567 2816 593 2843 ex
608 2807 768 2851 misericordia,
787 2808 826 2844 sed
843 2808 974 2854 quandoque

131 2859 161 2895 ad
176 2859 305 2894 vindictam.
325 2858 471 2895 «Orationem
485 2867 538 2894 vero
553 2859 675 2905 peccatoris
693 2869 719 2895 en
736 2858 791 2895 bono
807 2861 901 2896 cataroe
920 2861 974 2897 dest-

131 2911 191 2945 oeno
204 2910 359 2956 procedentem
371 2911 428 2946 Deus
442 2910 510 2953 audit,
525 2920 572 2946 non
584 2911 648 2955 quasi
661 2920 687 2947 ex
700 2911 793 2955 iustitia,
808 2912 860 2957 quia
872 2912 974 2959 peccator

130 2962 170 2997 hoc
183 2971 229 2997 non
240 2962 344 3005 meretur,
359 2962 396 2997 sed
410 2971 435 2997 en
447 2971 503 3006 puro
515 2962 675 3006 misericordia,
689 2964 812 3000 observatis
824 2965 899 3000 tamen
912 2964 974 3010 quat-
