<?xml version="1.0" encoding="UTF-8"?>
<!DOCTYPE html PUBLIC "-//W3C//DTD XHTML 1.0 Transitional//EN"
    "http://www.w3.org/TR/xhtml1/DTD/xhtml1-transitional.dtd">
<html xmlns="http://www.w3.org/1999/xhtml" xml:lang="en" lang="en">
 <head>
  <title>
</title>
<meta http-equiv="Content-Type" content="text/html;charset=utf-8" />
  <meta name='ocr-system' content='tesseract 3.04.00' />
  <meta name='ocr-capabilities' content='ocr_page ocr_carea ocr_par ocr_line ocrx_word'/>
</head>
<body>
  <div class='ocr_page' id='page_1' title='image "./MN41637ucmf_2_0299.png"; bbox 0 0 2214 3350; ppageno 0'>
   <div class='ocr_carea' id='block_1_1' title="bbox 202 107 940 177">
    <p class='ocr_par' dir='ltr' id='par_1_1' title="bbox 202 107 940 177">
     <span class='ocr_line' id='line_1_1' title="bbox 202 107 940 177; baseline -0.003 -7"><span class='ocrx_word' id='word_1_1' title='bbox 202 114 204 116; x_wconf 17' lang='grc' dir='ltr'><strong><em>ι</em></strong></span> <span class='ocrx_word' id='word_1_2' title='bbox 220 144 222 147; x_wconf 75' lang='grc'>’</span> <span class='ocrx_word' id='word_1_3' title='bbox 293 107 452 177; x_wconf 84' lang='lat' dir='ltr'>Praenotanda</span> <span class='ocrx_word' id='word_1_4' title='bbox 468 133 494 169; x_wconf 88' lang='lat' dir='ltr'>de</span> <span class='ocrx_word' id='word_1_5' title='bbox 509 133 630 168; x_wconf 84' lang='lat' dir='ltr'>virtutibus</span> <span class='ocrx_word' id='word_1_6' title='bbox 645 133 727 169; x_wconf 81' lang='lat' dir='ltr'>infusis</span> <span class='ocrx_word' id='word_1_7' title='bbox 900 132 940 168; x_wconf 74' lang='grc'>265</span> 
     </span>
    </p>
   </div>
   <div class='ocr_carea' id='block_1_2' title="bbox 35 239 940 1425">
    <p class='ocr_par' dir='ltr' id='par_1_2' title="bbox 35 239 940 1425">
     <span class='ocr_line' id='line_1_2' title="bbox 90 239 940 293; baseline -0.007 -9"><span class='ocrx_word' id='word_1_8' title='bbox 90 243 238 285; x_wconf 74' lang='lat' dir='ltr'>turvillam.</span> <span class='ocrx_word' id='word_1_9' title='bbox 254 243 352 290; x_wconf 20' lang='lat' dir='ltr'>*Minus</span> <span class='ocrx_word' id='word_1_10' title='bbox 367 241 483 293; x_wconf 80' lang='lat' dir='ltr'>proprie</span> <span class='ocrx_word' id='word_1_11' title='bbox 500 241 548 282; x_wconf 86' lang='lat' dir='ltr'>sive</span> <span class='ocrx_word' id='word_1_12' title='bbox 566 241 720 282; x_wconf 90' lang='lat' dir='ltr'>secundum</span> <span class='ocrx_word' id='word_1_13' title='bbox 737 241 806 292; x_wconf 89' lang='lat' dir='ltr'>quid</span> <span class='ocrx_word' id='word_1_14' title='bbox 822 239 940 281; x_wconf 87' lang='lat' dir='ltr'>dicuntur</span> 
     </span>
     <span class='ocr_line' id='line_1_3' title="bbox 88 303 935 355; baseline -0.004 -8"><span class='ocrx_word' id='word_1_15' title='bbox 88 305 187 352; x_wconf 85' lang='lat' dir='ltr'>virtutes</span> <span class='ocrx_word' id='word_1_16' title='bbox 203 306 221 345; x_wconf 93' lang='lat' dir='ltr'>ii</span> <span class='ocrx_word' id='word_1_17' title='bbox 238 306 294 352; x_wconf 85' lang='lat' dir='ltr'>boni</span> <span class='ocrx_word' id='word_1_18' title='bbox 311 305 408 348; x_wconf 85' lang='lat' dir='ltr'>habitus</span> <span class='ocrx_word' id='word_1_19' title='bbox 423 304 546 355; x_wconf 76' lang='lat' dir='ltr'>operativi,</span> <span class='ocrx_word' id='word_1_20' title='bbox 565 304 607 355; x_wconf 83' lang='lat' dir='ltr'>qui</span> <span class='ocrx_word' id='word_1_21' title='bbox 624 304 755 355; x_wconf 90' lang='lat' dir='ltr'>perficiunt</span> <span class='ocrx_word' id='word_1_22' title='bbox 770 303 877 354; x_wconf 85' lang='lat' dir='ltr'>aliquam</span> <span class='ocrx_word' id='word_1_23' title='bbox 894 315 935 355; x_wconf 89' lang='lat' dir='ltr'>po-</span> 
     </span>
     <span class='ocr_line' id='line_1_4' title="bbox 89 365 938 420; baseline -0.006 -9"><span class='ocrx_word' id='word_1_24' title='bbox 89 369 187 411; x_wconf 88' lang='lat' dir='ltr'>tentiam</span> <span class='ocrx_word' id='word_1_25' title='bbox 202 379 250 409; x_wconf 91' lang='lat' dir='ltr'>non</span> <span class='ocrx_word' id='word_1_26' title='bbox 266 368 376 420; x_wconf 78' lang='lat' dir='ltr'>praecise,</span> <span class='ocrx_word' id='word_1_27' title='bbox 393 368 464 420; x_wconf 88' lang='lat' dir='ltr'>prout</span> <span class='ocrx_word' id='word_1_28' title='bbox 479 367 560 409; x_wconf 85' lang='lat' dir='ltr'>subest</span> <span class='ocrx_word' id='word_1_29' title='bbox 574 367 675 419; x_wconf 87' lang='lat' dir='ltr'>imperio</span> <span class='ocrx_word' id='word_1_30' title='bbox 689 365 820 411; x_wconf 85' lang='lat' dir='ltr'>voluntatis</span> <span class='ocrx_word' id='word_1_31' title='bbox 829 367 866 413; x_wconf 80' lang='lat' dir='ltr'>ad</span> <span class='ocrx_word' id='word_1_32' title='bbox 881 378 938 407; x_wconf 90' lang='lat' dir='ltr'>nor--</span> 
     </span>
     <span class='ocr_line' id='line_1_5' title="bbox 90 429 935 484; baseline -0.004 -12"><span class='ocrx_word' id='word_1_33' title='bbox 90 443 154 472; x_wconf 89' lang='lat' dir='ltr'>mam</span> <span class='ocrx_word' id='word_1_34' title='bbox 172 437 268 473; x_wconf 85' lang='lat' dir='ltr'>morum</span> <span class='ocrx_word' id='word_1_35' title='bbox 287 432 435 482; x_wconf 88' lang='lat' dir='ltr'>respicientis</span> <span class='ocrx_word' id='word_1_36' title='bbox 453 431 524 481; x_wconf 79' lang='lat' dir='ltr'>atque</span> <span class='ocrx_word' id='word_1_37' title='bbox 543 431 576 471; x_wconf 87' lang='lat' dir='ltr'>sic</span> <span class='ocrx_word' id='word_1_38' title='bbox 595 441 670 481; x_wconf 88' lang='lat' dir='ltr'>capax</span> <span class='ocrx_word' id='word_1_39' title='bbox 688 429 724 470; x_wconf 85' lang='lat' dir='ltr'>est</span> <span class='ocrx_word' id='word_1_40' title='bbox 742 430 840 470; x_wconf 89' lang='lat' dir='ltr'>actuum</span> <span class='ocrx_word' id='word_1_41' title='bbox 859 440 935 484; x_wconf 85' lang='lat' dir='ltr'>mora-</span> 
     </span>
     <span class='ocr_line' id='line_1_6' title="bbox 89 491 939 548; baseline -0.004 -13"><span class='ocrx_word' id='word_1_42' title='bbox 89 495 150 548; x_wconf 84' lang='lat' dir='ltr'>lium</span> <span class='ocrx_word' id='word_1_43' title='bbox 172 495 351 547; x_wconf 74' lang='lat' dir='ltr'>(Tiichtiplrelt).</span> <span class='ocrx_word' id='word_1_44' title='bbox 372 494 497 535; x_wconf 83' lang='lat' dir='ltr'>Eiusmodi</span> <span class='ocrx_word' id='word_1_45' title='bbox 519 493 574 535; x_wconf 90' lang='lat' dir='ltr'>sunt</span> <span class='ocrx_word' id='word_1_46' title='bbox 593 492 693 534; x_wconf 86' lang='lat' dir='ltr'>virtutes</span> <span class='ocrx_word' id='word_1_47' title='bbox 720 491 939 535; x_wconf 85' lang='lat' dir='ltr'>intellectuales·-</span> 
     </span>
     <span class='ocr_line' id='line_1_7' title="bbox 88 555 939 615; baseline -0.005 -16"><span class='ocrx_word' id='word_1_48' title='bbox 88 558 167 615; x_wconf 75' lang='grc' dir='ltr'>(ἀρετὴ</span> <span class='ocrx_word' id='word_1_49' title='bbox 183 558 323 615; x_wconf 67' lang='grc' dir='ltr'>διανοητική,</span> <span class='ocrx_word' id='word_1_50' title='bbox 338 570 360 599; x_wconf 88' lang='lat' dir='ltr'>v.</span> <span class='ocrx_word' id='word_1_51' title='bbox 379 570 401 608; x_wconf 81' lang='lat' dir='ltr'>g.</span> <span class='ocrx_word' id='word_1_52' title='bbox 421 557 519 598; x_wconf 88' lang='lat' dir='ltr'>scientia</span> <span class='ocrx_word' id='word_1_53' title='bbox 534 557 558 598; x_wconf 87' lang='lat' dir='ltr'>et</span> <span class='ocrx_word' id='word_1_54' title='bbox 573 557 631 608; x_wconf 74' lang='lat' dir='ltr'>ars).</span> <span class='ocrx_word' id='word_1_55' title='bbox 654 556 737 597; x_wconf 90' lang='lat' dir='ltr'>Virtus</span> <span class='ocrx_word' id='word_1_56' title='bbox 762 555 939 606; x_wconf 88' lang='lat' dir='ltr'>simpliciter</span> 
     </span>
     <span class='ocr_line' id='line_1_8' title="bbox 89 617 935 672; baseline -0.006 -11"><span class='ocrx_word' id='word_1_57' title='bbox 89 620 151 670; x_wconf 82' lang='lat' dir='ltr'>dicta</span> <span class='ocrx_word' id='word_1_58' title='bbox 168 621 285 672; x_wconf 76' lang='lat' dir='ltr'>(Tuqend)</span> <span class='ocrx_word' id='word_1_59' title='bbox 303 620 338 662; x_wconf 89' lang='lat' dir='ltr'>est</span> <span class='ocrx_word' id='word_1_60' title='bbox 351 621 428 662; x_wconf 88' lang='lat' dir='ltr'>virtus</span> <span class='ocrx_word' id='word_1_61' title='bbox 443 618 546 667; x_wconf 76' lang='lat' dir='ltr'>moralia,</span> <span class='ocrx_word' id='word_1_62' title='bbox 564 631 624 670; x_wconf 87' lang='lat' dir='ltr'>quae</span> <span class='ocrx_word' id='word_1_63' title='bbox 640 619 721 660; x_wconf 88' lang='lat' dir='ltr'>subest</span> <span class='ocrx_word' id='word_1_64' title='bbox 735 618 837 668; x_wconf 87' lang='lat' dir='ltr'>imperio</span> <span class='ocrx_word' id='word_1_65' title='bbox 852 617 935 659; x_wconf 86' lang='lat' dir='ltr'>volun-</span> 
     </span>
     <span class='ocr_line' id='line_1_9' title="bbox 88 681 937 734; baseline -0.005 -9"><span class='ocrx_word' id='word_1_66' title='bbox 88 683 143 726; x_wconf 87' lang='lat' dir='ltr'>tatis</span> <span class='ocrx_word' id='word_1_67' title='bbox 165 683 236 734; x_wconf 87' lang='lat' dir='ltr'>atque</span> <span class='ocrx_word' id='word_1_68' title='bbox 260 684 380 725; x_wconf 89' lang='lat' dir='ltr'>hominem</span> <span class='ocrx_word' id='word_1_69' title='bbox 398 684 492 724; x_wconf 84' lang='lat' dir='ltr'>actibus</span> <span class='ocrx_word' id='word_1_70' title='bbox 509 681 632 724; x_wconf 88' lang='lat' dir='ltr'>moraliter</span> <span class='ocrx_word' id='word_1_71' title='bbox 648 682 718 723; x_wconf 85' lang='lat' dir='ltr'>bonis</span> <span class='ocrx_word' id='word_1_72' title='bbox 742 682 821 723; x_wconf 78' lang='lat' dir='ltr'><em>reddit</em></span> <span class='ocrx_word' id='word_1_73' title='bbox 845 682 937 722; x_wconf 76' lang='lat' dir='ltr'>bonurn</span> 
     </span>
     <span class='ocr_line' id='line_1_10' title="bbox 88 743 934 804; baseline -0.002 -19"><span class='ocrx_word' id='word_1_74' title='bbox 88 746 234 796; x_wconf 78' lang='lat' dir='ltr'>simpliciter.</span> <span class='ocrx_word' id='word_1_75' title='bbox 251 747 332 787; x_wconf 89' lang='lat' dir='ltr'>Virtus</span> <span class='ocrx_word' id='word_1_76' title='bbox 346 746 445 802; x_wconf 86' lang='lat' dir='ltr'>moralis</span> <span class='ocrx_word' id='word_1_77' title='bbox 462 748 544 804; x_wconf 79' lang='grc' dir='ltr'><strong><em>(ἀρετὴ</em></strong></span> <span class='ocrx_word' id='word_1_78' title='bbox 557 746 635 800; x_wconf 73' lang='grc' dir='ltr'>ἠθική)</span> <span class='ocrx_word' id='word_1_79' title='bbox 650 745 680 786; x_wconf 87' lang='lat' dir='ltr'>ab</span> <span class='ocrx_word' id='word_1_80' title='bbox 695 743 863 793; x_wconf 74' lang='lat' dir='ltr'><strong>Aristotele,</strong></span> <span class='ocrx_word' id='word_1_81' title='bbox 879 746 899 785; x_wconf 82' lang='lat' dir='ltr'><em>E</em></span> <span class='ocrx_word' id='word_1_82' title='bbox 910 744 934 784; x_wconf 79' lang='lat' dir='ltr'>h.</span> 
     </span>
     <span class='ocr_line' id='line_1_11' title="bbox 87 807 939 864; baseline -0.001 -15"><span class='ocrx_word' id='word_1_83' title='bbox 87 809 137 855; x_wconf 79' lang='lat' dir='ltr'>Nic.</span> <span class='ocrx_word' id='word_1_84' title='bbox 156 809 173 849; x_wconf 91' lang='lat' dir='ltr'>l.</span> <span class='ocrx_word' id='word_1_85' title='bbox 190 812 204 849; x_wconf 82' lang='lat'>2</span> <span class='ocrx_word' id='word_1_86' title='bbox 221 820 240 849; x_wconf 91' lang='lat' dir='ltr'>c.</span> <span class='ocrx_word' id='word_1_87' title='bbox 259 812 271 849; x_wconf 81' lang='grc'><strong>6</strong></span> <span class='ocrx_word' id='word_1_88' title='bbox 291 810 392 860; x_wconf 76' lang='lat' dir='ltr'>(Bekker</span> <span class='ocrx_word' id='word_1_89' title='bbox 409 810 485 850; x_wconf 78' lang='grc'>11061)</span> <span class='ocrx_word' id='word_1_90' title='bbox 503 812 530 850; x_wconf 81' lang='grc'>36</span> <span class='ocrx_word' id='word_1_91' title='bbox 537 809 556 859; x_wconf 84' lang='grc'>5)</span> <span class='ocrx_word' id='word_1_92' title='bbox 576 808 704 849; x_wconf 86' lang='lat' dir='ltr'>delinitur:</span> <span class='ocrx_word' id='word_1_93' title='bbox 721 807 770 861; x_wconf 72' lang='grc' dir='ltr'>ἕξις</span> <span class='ocrx_word' id='word_1_94' title='bbox 779 810 939 864; x_wconf 76' lang='grc' dir='ltr'>προαιρετική,</span> 
     </span>
     <span class='ocr_line' id='line_1_12' title="bbox 87 871 938 927; baseline -0.002 -13"><span class='ocrx_word' id='word_1_95' title='bbox 87 874 114 914; x_wconf 80' lang='grc' dir='ltr'>ἐν</span> <span class='ocrx_word' id='word_1_96' title='bbox 127 872 239 927; x_wconf 73' lang='grc' dir='ltr'>μεσότητι</span> <span class='ocrx_word' id='word_1_97' title='bbox 256 871 313 913; x_wconf 79' lang='grc' dir='ltr'><em>οὖσα</em></span> <span class='ocrx_word' id='word_1_98' title='bbox 331 881 359 926; x_wconf 78' lang='grc' dir='ltr'>τῇ</span> <span class='ocrx_word' id='word_1_99' title='bbox 376 872 436 927; x_wconf 73' lang='grc' dir='ltr'>πρὸς</span> <span class='ocrx_word' id='word_1_100' title='bbox 455 875 524 927; x_wconf 72' lang='grc' dir='ltr'>ἡμᾶς,</span> <span class='ocrx_word' id='word_1_101' title='bbox 544 872 659 927; x_wconf 78' lang='grc' dir='ltr'><em>ὡρισμένῃ</em></span> <span class='ocrx_word' id='word_1_102' title='bbox 677 871 743 926; x_wconf 74' lang='grc' dir='ltr'>λόγῳ</span> <span class='ocrx_word' id='word_1_103' title='bbox 762 872 802 913; x_wconf 77' lang='grc' dir='ltr'>καὶ</span> <span class='ocrx_word' id='word_1_104' title='bbox 822 873 854 923; x_wconf 81' lang='grc' dir='ltr'>ὡς</span> <span class='ocrx_word' id='word_1_105' title='bbox 873 874 902 912; x_wconf 80' lang='grc' dir='ltr'>ἂν</span> <span class='ocrx_word' id='word_1_106' title='bbox 922 872 938 912; x_wconf 84' lang='grc' dir='ltr'>ὁ</span> 
     </span>
     <span class='ocr_line' id='line_1_13' title="bbox 87 933 935 990; baseline -0.002 -14"><span class='ocrx_word' id='word_1_107' title='bbox 87 936 201 990; x_wconf 75' lang='grc' dir='ltr'><strong><em>φρόνιμος</em></strong></span> <span class='ocrx_word' id='word_1_108' title='bbox 219 936 310 990; x_wconf 82' lang='grc' dir='ltr'><em>ὁρίσειε.</em></span> <span class='ocrx_word' id='word_1_109' title='bbox 326 959 357 964; x_wconf 89' lang='grc'><strong>-</strong></span> <span class='ocrx_word' id='word_1_110' title='bbox 374 934 514 986; x_wconf 79' lang='lat' dir='ltr'>Philosophi</span> <span class='ocrx_word' id='word_1_111' title='bbox 531 933 631 976; x_wconf 88' lang='lat' dir='ltr'>virtutes</span> <span class='ocrx_word' id='word_1_112' title='bbox 647 933 750 975; x_wconf 86' lang='lat' dir='ltr'>morales</span> <span class='ocrx_word' id='word_1_113' title='bbox 768 934 886 975; x_wconf 90' lang='lat' dir='ltr'>reducunt</span> <span class='ocrx_word' id='word_1_114' title='bbox 902 934 935 974; x_wconf 86' lang='lat' dir='ltr'>ad</span> 
     </span>
     <span class='ocr_line' id='line_1_14' title="bbox 87 997 936 1057; baseline -0.002 -19"><span class='ocrx_word' id='word_1_115' title='bbox 87 998 199 1048; x_wconf 88' lang='lat' dir='ltr'>quattuor</span> <span class='ocrx_word' id='word_1_116' title='bbox 224 998 363 1039; x_wconf 80' lang='lat' dir='ltr'>cardinales.</span> <span class='ocrx_word' id='word_1_117' title='bbox 388 1000 409 1038; x_wconf 88' lang='lat' dir='ltr'>A</span> <span class='ocrx_word' id='word_1_118' title='bbox 433 997 552 1052; x_wconf 85' lang='lat' dir='ltr'>Platone</span> <span class='ocrx_word' id='word_1_119' title='bbox 576 997 712 1039; x_wconf 86' lang='lat' dir='ltr'>statuuntur</span> <span class='ocrx_word' id='word_1_120' title='bbox 736 998 850 1057; x_wconf 75' lang='lat' dir='ltr'>Respuhl.</span> <span class='ocrx_word' id='word_1_121' title='bbox 877 997 893 1037; x_wconf 98' lang='lat' dir='ltr'>l.</span> <span class='ocrx_word' id='word_1_122' title='bbox 919 1000 936 1037; x_wconf 77' lang='lat'>4.</span> 
     </span>
     <span class='ocr_line' id='line_1_15' title="bbox 87 1059 937 1116; baseline 0 -15"><span class='ocrx_word' id='word_1_123' title='bbox 87 1073 106 1101; x_wconf 91' lang='lat' dir='ltr'>c.</span> <span class='ocrx_word' id='word_1_124' title='bbox 124 1059 184 1101; x_wconf 69' lang='grc'>’6-9</span> <span class='ocrx_word' id='word_1_125' title='bbox 208 1061 238 1111; x_wconf 89' lang='grc' dir='ltr'>(ΙΙ</span> <span class='ocrx_word' id='word_1_126' title='bbox 259 1061 375 1112; x_wconf 76' lang='grc' dir='ltr'>427ᾱ55)ῑ</span> <span class='ocrx_word' id='word_1_127' title='bbox 408 1064 484 1114; x_wconf 79' lang='grc' dir='ltr'><em>σοφία,</em></span> <span class='ocrx_word' id='word_1_128' title='bbox 504 1062 607 1116; x_wconf 63' lang='lat' dir='ltr'>debeata,</span> <span class='ocrx_word' id='word_1_129' title='bbox 624 1063 773 1115; x_wconf 76' lang='grc' dir='ltr'><em>σωφροσύνη,</em></span> <span class='ocrx_word' id='word_1_130' title='bbox 792 1060 937 1115; x_wconf 69' lang='grc' dir='ltr'>δικαιοσύνη,</span> 
     </span>
     <span class='ocr_line' id='line_1_16' title="bbox 35 1122 932 1180; baseline 0.001 -19"><span class='ocrx_word' id='word_1_131' title='bbox 35 1155 36 1161; x_wconf 79' lang='lat'>.</span> <span class='ocrx_word' id='word_1_132' title='bbox 85 1123 175 1164; x_wconf 71' lang='lat' dir='ltr'>&#39;Stoici</span> <span class='ocrx_word' id='word_1_133' title='bbox 190 1124 263 1175; x_wconf 84' lang='lat' dir='ltr'>(Zeno</span> <span class='ocrx_word' id='word_1_134' title='bbox 275 1123 340 1174; x_wconf 88' lang='lat' dir='ltr'>apud</span> <span class='ocrx_word' id='word_1_135' title='bbox 352 1123 517 1172; x_wconf 76' lang='lat' dir='ltr'>Plutarchum,</span> <span class='ocrx_word' id='word_1_136' title='bbox 532 1124 566 1163; x_wconf 89' lang='lat' dir='ltr'>De</span> <span class='ocrx_word' id='word_1_137' title='bbox 581 1122 650 1180; x_wconf 83' lang='lat' dir='ltr'>Stoic.</span> <span class='ocrx_word' id='word_1_138' title='bbox 665 1122 718 1174; x_wconf 86' lang='lat' dir='ltr'>etc.)</span> <span class='ocrx_word' id='word_1_139' title='bbox 734 1122 864 1172; x_wconf 71' lang='lat' dir='ltr'>sapientiae</span> <span class='ocrx_word' id='word_1_140' title='bbox 878 1122 932 1162; x_wconf 83' lang='lat' dir='ltr'>sub-</span> 
     </span>
     <span class='ocr_line' id='line_1_17' title="bbox 87 1183 936 1241; baseline -0.002 -14"><span class='ocrx_word' id='word_1_141' title='bbox 87 1186 188 1227; x_wconf 89' lang='lat' dir='ltr'>stituunt</span> <span class='ocrx_word' id='word_1_142' title='bbox 199 1185 352 1237; x_wconf 76' lang='lat' dir='ltr'>prudentiam</span> <span class='ocrx_word' id='word_1_143' title='bbox 367 1185 499 1241; x_wconf 77' lang='grc' dir='ltr'>(φρόνησις)</span> <span class='ocrx_word' id='word_1_144' title='bbox 510 1187 525 1225; x_wconf 89' lang='lat'>¹.</span> <span class='ocrx_word' id='word_1_145' title='bbox 540 1186 594 1237; x_wconf 83' lang='lat' dir='ltr'>Sap</span> <span class='ocrx_word' id='word_1_146' title='bbox 606 1187 642 1234; x_wconf 72' lang='lat' dir='ltr'>at</span> <span class='ocrx_word' id='word_1_147' title='bbox 653 1188 698 1226; x_wconf 88' lang='lat' dir='ltr'>hae</span> <span class='ocrx_word' id='word_1_148' title='bbox 710 1184 823 1236; x_wconf 84' lang='lat' dir='ltr'>quattuor</span> <span class='ocrx_word' id='word_1_149' title='bbox 832 1183 936 1225; x_wconf 83' lang='lat' dir='ltr'>virtutes</span> 
     </span>
     <span class='ocr_line' id='line_1_18' title="bbox 86 1247 931 1299; baseline -0.001 -10"><span class='ocrx_word' id='word_1_150' title='bbox 86 1249 220 1290; x_wconf 74' lang='lat' dir='ltr'>cardinales</span> <span class='ocrx_word' id='word_1_151' title='bbox 231 1249 344 1290; x_wconf 89' lang='lat' dir='ltr'>dicuntur</span> <span class='ocrx_word' id='word_1_152' title='bbox 355 1260 369 1289; x_wconf 89' lang='lat' dir='ltr'>a</span> <span class='ocrx_word' id='word_1_153' title='bbox 382 1249 464 1289; x_wconf 82' lang='lat' dir='ltr'>divina</span> <span class='ocrx_word' id='word_1_154' title='bbox 478 1247 599 1299; x_wconf 77' lang='lat' dir='ltr'>Sapientia</span> <span class='ocrx_word' id='word_1_155' title='bbox 612 1249 698 1289; x_wconf 87' lang='lat' dir='ltr'>doceri.</span> <span class='ocrx_word' id='word_1_156' title='bbox 714 1250 738 1289; x_wconf 86' lang='lat' dir='ltr'>S.</span> <span class='ocrx_word' id='word_1_157' title='bbox 752 1248 931 1296; x_wconf 75' lang='lat' dir='ltr'>AmbrosiuS,</span> 
     </span>
     <span class='ocr_line' id='line_1_19' title="bbox 85 1311 936 1364; baseline -0.002 -12"><span class='ocrx_word' id='word_1_158' title='bbox 85 1313 122 1354; x_wconf 64' lang='lat' dir='ltr'>De,</span> <span class='ocrx_word' id='word_1_159' title='bbox 130 1312 242 1364; x_wconf 74' lang='lat' dir='ltr'>paradiso</span> <span class='ocrx_word' id='word_1_160' title='bbox 254 1314 274 1361; x_wconf 83' lang='lat'>3,</span> <span class='ocrx_word' id='word_1_161' title='bbox 288 1313 371 1352; x_wconf 68' lang='grc'>14-18</span> <span class='ocrx_word' id='word_1_162' title='bbox 386 1312 440 1363; x_wconf 83' lang='lat' dir='ltr'>(ML</span> <span class='ocrx_word' id='word_1_163' title='bbox 452 1314 486 1359; x_wconf 83' lang='grc'>14,</span> <span class='ocrx_word' id='word_1_164' title='bbox 499 1312 620 1363; x_wconf 83' lang='grc'>280-282)</span> <span class='ocrx_word' id='word_1_165' title='bbox 635 1323 675 1352; x_wconf 88' lang='lat' dir='ltr'>eas</span> <span class='ocrx_word' id='word_1_166' title='bbox 686 1312 809 1362; x_wconf 89' lang='lat' dir='ltr'>comparat</span> <span class='ocrx_word' id='word_1_167' title='bbox 821 1311 936 1363; x_wconf 88' lang='lat' dir='ltr'>quattuor</span> 
     </span>
     <span class='ocr_line' id='line_1_20' title="bbox 86 1373 355 1425; baseline -0.004 -11"><span class='ocrx_word' id='word_1_168' title='bbox 86 1374 230 1415; x_wconf 85' lang='lat' dir='ltr'>fluminibus</span> <span class='ocrx_word' id='word_1_169' title='bbox 242 1373 355 1425; x_wconf 86' lang='lat' dir='ltr'>paradisi.</span> 
     </span>
    </p>
   </div>
   <div class='ocr_carea' id='block_1_3' title="bbox 35 1498 935 2809">
    <p class='ocr_par' dir='ltr' id='par_1_3' title="bbox 35 1498 935 2809">
     <span class='ocr_line' id='line_1_21' title="bbox 86 1498 934 1550; baseline -0.002 -9"><span class='ocrx_word' id='word_1_170' title='bbox 86 1500 140 1541; x_wconf 82' lang='grc'><strong>368.</strong></span> <span class='ocrx_word' id='word_1_171' title='bbox 176 1499 314 1550; x_wconf 78' lang='lat' dir='ltr'>Theologi</span> <span class='ocrx_word' id='word_1_172' title='bbox 329 1499 480 1550; x_wconf 78' lang='lat' dir='ltr'>distinguunt</span> <span class='ocrx_word' id='word_1_173' title='bbox 492 1498 594 1541; x_wconf 86' lang='lat' dir='ltr'>virtutes</span> <span class='ocrx_word' id='word_1_174' title='bbox 606 1499 776 1550; x_wconf 61' lang='lat' dir='ltr'>acquisitas</span> <span class='ocrx_word' id='word_1_175' title='bbox 792 1510 852 1550; x_wconf 88' lang='lat' dir='ltr'>quae</span> <span class='ocrx_word' id='word_1_176' title='bbox 867 1510 934 1550; x_wconf 50' lang='lat' dir='ltr'>repe-¹</span> 
     </span>
     <span class='ocr_line' id='line_1_22' title="bbox 85 1561 934 1614; baseline -0.001 -11"><span class='ocrx_word' id='word_1_177' title='bbox 85 1562 135 1603; x_wconf 89' lang='lat' dir='ltr'>titis</span> <span class='ocrx_word' id='word_1_178' title='bbox 156 1562 248 1604; x_wconf 87' lang='lat' dir='ltr'>actibus</span> <span class='ocrx_word' id='word_1_179' title='bbox 269 1562 396 1614; x_wconf 88' lang='lat' dir='ltr'>pariuntur</span> <span class='ocrx_word' id='word_1_180' title='bbox 418 1563 489 1613; x_wconf 76' lang='lat' dir='ltr'>atque</span> <span class='ocrx_word' id='word_1_181' title='bbox 511 1562 650 1614; x_wconf 68' lang='lat' dir='ltr'>facilitatem</span> <span class='ocrx_word' id='word_1_182' title='bbox 672 1564 695 1605; x_wconf 88' lang='lat' dir='ltr'>et</span> <span class='ocrx_word' id='word_1_183' title='bbox 716 1561 934 1613; x_wconf 76' lang='lat' dir='ltr'>promptitudinem</span> 
     </span>
     <span class='ocr_line' id='line_1_23' title="bbox 85 1624 935 1681; baseline -0.001 -15"><span class='ocrx_word' id='word_1_184' title='bbox 85 1626 171 1681; x_wconf 77' lang='lat' dir='ltr'>agendi</span> <span class='ocrx_word' id='word_1_185' title='bbox 186 1626 319 1674; x_wconf 83' lang='lat' dir='ltr'>conferunt,</span> <span class='ocrx_word' id='word_1_186' title='bbox 337 1625 360 1666; x_wconf 90' lang='lat' dir='ltr'>et</span> <span class='ocrx_word' id='word_1_187' title='bbox 375 1624 476 1673; x_wconf 82' lang='lat' dir='ltr'>infusas,</span> <span class='ocrx_word' id='word_1_188' title='bbox 495 1636 555 1677; x_wconf 87' lang='lat' dir='ltr'>quas</span> <span class='ocrx_word' id='word_1_189' title='bbox 570 1627 634 1666; x_wconf 90' lang='lat' dir='ltr'>Deus</span> <span class='ocrx_word' id='word_1_190' title='bbox 651 1625 865 1675; x_wconf 82' lang='lat' dir='ltr'>supernaturaliter</span> <span class='ocrx_word' id='word_1_191' title='bbox 881 1626 935 1667; x_wconf 87' lang='lat' dir='ltr'>ani--</span> 
     </span>
     <span class='ocr_line' id='line_1_24' title="bbox 85 1688 934 1739; baseline 0 -10"><span class='ocrx_word' id='word_1_192' title='bbox 85 1700 137 1729; x_wconf 87' lang='lat' dir='ltr'>mae</span> <span class='ocrx_word' id='word_1_193' title='bbox 154 1689 268 1729; x_wconf 83' lang='lat' dir='ltr'>infundit.</span> <span class='ocrx_word' id='word_1_194' title='bbox 288 1688 312 1728; x_wconf 85' lang='lat' dir='ltr'>Si</span> <span class='ocrx_word' id='word_1_195' title='bbox 330 1688 386 1729; x_wconf 89' lang='lat' dir='ltr'>sunt</span> <span class='ocrx_word' id='word_1_196' title='bbox 401 1688 508 1729; x_wconf 90' lang='lat' dir='ltr'>eiusdem</span> <span class='ocrx_word' id='word_1_197' title='bbox 525 1688 630 1730; x_wconf 87' lang='lat' dir='ltr'>ent&#39;tatis</span> <span class='ocrx_word' id='word_1_198' title='bbox 646 1690 717 1739; x_wconf 83' lang='lat' dir='ltr'>atque</span> <span class='ocrx_word' id='word_1_199' title='bbox 734 1689 835 1730; x_wconf 86' lang='lat' dir='ltr'>virtutes</span> <span class='ocrx_word' id='word_1_200' title='bbox 851 1689 934 1739; x_wconf 64' lang='lat' dir='ltr'>aequi..</span> 
     </span>
     <span class='ocr_line' id='line_1_25' title="bbox 85 1750 934 1803; baseline 0 -11"><span class='ocrx_word' id='word_1_201' title='bbox 85 1751 142 1792; x_wconf 90' lang='lat' dir='ltr'>sitae</span> <span class='ocrx_word' id='word_1_202' title='bbox 157 1751 181 1792; x_wconf 92' lang='lat' dir='ltr'>et</span> <span class='ocrx_word' id='word_1_203' title='bbox 196 1751 245 1792; x_wconf 89' lang='lat' dir='ltr'>solo</span> <span class='ocrx_word' id='word_1_204' title='bbox 261 1752 331 1792; x_wconf 88' lang='lat' dir='ltr'>modo</span> <span class='ocrx_word' id='word_1_205' title='bbox 348 1750 481 1802; x_wconf 86' lang='lat' dir='ltr'>adeptionis</span> <span class='ocrx_word' id='word_1_206' title='bbox 497 1750 621 1801; x_wconf 85' lang='lat' dir='ltr'>differunt,</span> <span class='ocrx_word' id='word_1_207' title='bbox 639 1751 755 1793; x_wconf 91' lang='lat' dir='ltr'>vocantur</span> <span class='ocrx_word' id='word_1_208' title='bbox 771 1752 865 1793; x_wconf 89' lang='lat' dir='ltr'>infusae</span> <span class='ocrx_word' id='word_1_209' title='bbox 881 1763 934 1803; x_wconf 88' lang='lat' dir='ltr'>per·</span> 
     </span>
     <span class='ocr_line' id='line_1_26' title="bbox 85 1813 929 1866; baseline 0 -11"><span class='ocrx_word' id='word_1_210' title='bbox 85 1814 217 1855; x_wconf 86' lang='lat' dir='ltr'>accidens</span> <span class='ocrx_word' id='word_1_211' title='bbox 232 1814 357 1866; x_wconf 83' lang='lat' dir='ltr'>(eiusmodi</span> <span class='ocrx_word' id='word_1_212' title='bbox 371 1813 419 1855; x_wconf 89' lang='lat' dir='ltr'>fuit</span> <span class='ocrx_word' id='word_1_213' title='bbox 432 1813 598 1855; x_wconf 88' lang='lat' dir='ltr'>intellectualis</span> <span class='ocrx_word' id='word_1_214' title='bbox 611 1814 688 1855; x_wconf 84' lang='lat' dir='ltr'>virtus</span> <span class='ocrx_word' id='word_1_215' title='bbox 701 1814 812 1857; x_wconf 87' lang='lat' dir='ltr'>scientiae</span> <span class='ocrx_word' id='word_1_216' title='bbox 827 1814 929 1865; x_wconf 86' lang='lat' dir='ltr'>infusae,</span> 
     </span>
     <span class='ocr_line' id='line_1_27' title="bbox 84 1876 930 1931; baseline 0.004 -15"><span class='ocrx_word' id='word_1_217' title='bbox 84 1877 292 1928; x_wconf 88' lang='lat' dir='ltr'>protoparentihus</span> <span class='ocrx_word' id='word_1_218' title='bbox 306 1878 331 1918; x_wconf 86' lang='lat' dir='ltr'>in</span> <span class='ocrx_word' id='word_1_219' title='bbox 345 1876 462 1918; x_wconf 77' lang='lat' dir='ltr'>creatione</span> <span class='ocrx_word' id='word_1_220' title='bbox 476 1877 617 1928; x_wconf 86' lang='lat' dir='ltr'>concessae).</span> <span class='ocrx_word' id='word_1_221' title='bbox 633 1876 739 1918; x_wconf 87' lang='lat' dir='ltr'>Virtutes</span> <span class='ocrx_word' id='word_1_222' title='bbox 753 1876 833 1918; x_wconf 86' lang='lat' dir='ltr'>autem</span> <span class='ocrx_word' id='word_1_223' title='bbox 846 1889 888 1931; x_wconf 84' lang='lat' dir='ltr'>per</span> <span class='ocrx_word' id='word_1_224' title='bbox 903 1888 930 1918; x_wconf 85' lang='lat' dir='ltr'>se</span> 
     </span>
     <span class='ocr_line' id='line_1_28' title="bbox 85 1940 934 1991; baseline 0.004 -12"><span class='ocrx_word' id='word_1_225' title='bbox 85 1941 177 1981; x_wconf 85' lang='lat' dir='ltr'>infusae</span> <span class='ocrx_word' id='word_1_226' title='bbox 203 1940 259 1981; x_wconf 91' lang='lat' dir='ltr'>sunt</span> <span class='ocrx_word' id='word_1_227' title='bbox 283 1940 475 1991; x_wconf 88' lang='lat' dir='ltr'>supernaturales</span> <span class='ocrx_word' id='word_1_228' title='bbox 500 1941 579 1991; x_wconf 84' lang='lat' dir='ltr'>quoad</span> <span class='ocrx_word' id='word_1_229' title='bbox 603 1940 762 1982; x_wconf 84' lang='lat' dir='ltr'>substantiam</span> <span class='ocrx_word' id='word_1_230' title='bbox 789 1941 829 1991; x_wconf 87' lang='lat' dir='ltr'>(oi.</span> <span class='ocrx_word' id='word_1_231' title='bbox 849 1942 883 1982; x_wconf 90' lang='lat' dir='ltr'>th.</span> <span class='ocrx_word' id='word_1_232' title='bbox 904 1945 934 1983; x_wconf 81' lang='lat' dir='ltr'>lo</span> 
     </span>
     <span class='ocr_line' id='line_1_29' title="bbox 60 2003 933 2054; baseline 0.002 -11"><span class='ocrx_word' id='word_1_233' title='bbox 60 2005 62 2009; x_wconf 90' lang='lat'>&#39;</span> <span class='ocrx_word' id='word_1_234' title='bbox 84 2003 242 2053; x_wconf 80' lang='grc'>11.293391);</span> <span class='ocrx_word' id='word_1_235' title='bbox 264 2014 338 2054; x_wconf 83' lang='lat' dir='ltr'>quare</span> <span class='ocrx_word' id='word_1_236' title='bbox 359 2003 453 2044; x_wconf 86' lang='lat' dir='ltr'>viribus</span> <span class='ocrx_word' id='word_1_237' title='bbox 475 2003 626 2044; x_wconf 85' lang='lat' dir='ltr'>naturalibus</span> <span class='ocrx_word' id='word_1_238' title='bbox 648 2003 715 2044; x_wconf 90' lang='lat' dir='ltr'>nullo</span> <span class='ocrx_word' id='word_1_239' title='bbox 737 2004 808 2045; x_wconf 87' lang='lat' dir='ltr'>modo</span> <span class='ocrx_word' id='word_1_240' title='bbox 831 2004 933 2054; x_wconf 85' lang='lat' dir='ltr'>possunt</span> 
     </span>
     <span class='ocr_line' id='line_1_30' title="bbox 84 2066 934 2118; baseline 0.002 -12"><span class='ocrx_word' id='word_1_241' title='bbox 84 2066 182 2118; x_wconf 86' lang='lat' dir='ltr'>acquiri.</span> <span class='ocrx_word' id='word_1_242' title='bbox 210 2066 277 2117; x_wconf 86' lang='lat' dir='ltr'>Ipsae</span> <span class='ocrx_word' id='word_1_243' title='bbox 296 2066 355 2107; x_wconf 90' lang='lat' dir='ltr'>dant</span> <span class='ocrx_word' id='word_1_244' title='bbox 372 2067 511 2116; x_wconf 74' lang='lat' dir='ltr'>fucultatem</span> <span class='ocrx_word' id='word_1_245' title='bbox 539 2066 687 2118; x_wconf 86' lang='lat' dir='ltr'>(potentiam)</span> <span class='ocrx_word' id='word_1_246' title='bbox 717 2067 934 2117; x_wconf 83' lang='lat' dir='ltr'>supernaturaliter</span> 
     </span>
     <span class='ocr_line' id='line_1_31' title="bbox 84 2129 931 2181; baseline 0.001 -12"><span class='ocrx_word' id='word_1_247' title='bbox 84 2129 169 2180; x_wconf 86' lang='lat' dir='ltr'>agendi</span> <span class='ocrx_word' id='word_1_248' title='bbox 185 2129 248 2169; x_wconf 88' lang='lat' dir='ltr'>circa</span> <span class='ocrx_word' id='word_1_249' title='bbox 263 2129 387 2180; x_wconf 88' lang='lat' dir='ltr'>proprium</span> <span class='ocrx_word' id='word_1_250' title='bbox 403 2129 529 2177; x_wconf 85' lang='lat' dir='ltr'>obiectum,</span> <span class='ocrx_word' id='word_1_251' title='bbox 548 2129 571 2170; x_wconf 89' lang='lat' dir='ltr'>et</span> <span class='ocrx_word' id='word_1_252' title='bbox 587 2131 630 2171; x_wconf 89' lang='lat' dir='ltr'>sub</span> <span class='ocrx_word' id='word_1_253' title='bbox 647 2130 691 2171; x_wconf 86' lang='lat' dir='ltr'>hoc</span> <span class='ocrx_word' id='word_1_254' title='bbox 707 2131 815 2181; x_wconf 89' lang='lat' dir='ltr'>respectu</span> <span class='ocrx_word' id='word_1_255' title='bbox 831 2131 931 2181; x_wconf 86' lang='lat' dir='ltr'>possunt</span> 
     </span>
     <span class='ocr_line' id='line_1_32' title="bbox 83 2191 934 2244; baseline 0.002 -12"><span class='ocrx_word' id='word_1_256' title='bbox 83 2193 161 2233; x_wconf 82' lang='lat' dir='ltr'>vocari</span> <span class='ocrx_word' id='word_1_257' title='bbox 180 2191 373 2242; x_wconf 84' lang='lat' dir='ltr'>supernaturales</span> <span class='ocrx_word' id='word_1_258' title='bbox 390 2191 484 2232; x_wconf 89' lang='lat' dir='ltr'>animae</span> <span class='ocrx_word' id='word_1_259' title='bbox 502 2191 659 2243; x_wconf 57' lang='lat' dir='ltr'>potentiam</span> <span class='ocrx_word' id='word_1_260' title='bbox 678 2194 719 2234; x_wconf 88' lang='lat' dir='ltr'>sed</span> <span class='ocrx_word' id='word_1_261' title='bbox 738 2194 794 2243; x_wconf 86' lang='lat' dir='ltr'>quia</span> <span class='ocrx_word' id='word_1_262' title='bbox 812 2193 934 2244; x_wconf 86' lang='lat' dir='ltr'>potentias</span> 
     </span>
     <span class='ocr_line' id='line_1_33' title="bbox 83 2247 930 2306; baseline 0.005 -12"><span class='ocrx_word' id='word_1_263' title='bbox 83 2255 205 2296; x_wconf 88' lang='lat' dir='ltr'>naturales</span> <span class='ocrx_word' id='word_1_264' title='bbox 218 2255 266 2295; x_wconf 86' lang='lat' dir='ltr'>iam</span> <span class='ocrx_word' id='word_1_265' title='bbox 282 2255 421 2306; x_wconf 89' lang='lat' dir='ltr'>supponunt</span> <span class='ocrx_word' id='word_1_266' title='bbox 433 2247 519 2305; x_wconf 87' lang='lat' dir='ltr'>easque</span> <span class='ocrx_word' id='word_1_267' title='bbox 534 2267 562 2296; x_wconf 82' lang='lat' dir='ltr'>ex</span> <span class='ocrx_word' id='word_1_268' title='bbox 579 2267 621 2297; x_wconf 89' lang='lat' dir='ltr'>sua</span> <span class='ocrx_word' id='word_1_269' title='bbox 634 2256 800 2300; x_wconf 79' lang='lat' dir='ltr'>indifferentia</span> <span class='ocrx_word' id='word_1_270' title='bbox 814 2257 840 2297; x_wconf 93' lang='lat' dir='ltr'>in</span> <span class='ocrx_word' id='word_1_271' title='bbox 854 2268 930 2298; x_wconf 91' lang='lat' dir='ltr'>unam</span> 
     </span>
     <span class='ocr_line' id='line_1_34' title="bbox 83 2318 934 2368; baseline 0 -10"><span class='ocrx_word' id='word_1_272' title='bbox 83 2318 174 2368; x_wconf 84' lang='lat' dir='ltr'>partem</span> <span class='ocrx_word' id='word_1_273' title='bbox 200 2318 324 2366; x_wconf 87' lang='lat' dir='ltr'>inclinant,</span> <span class='ocrx_word' id='word_1_274' title='bbox 347 2318 435 2358; x_wconf 87' lang='lat' dir='ltr'>rectius</span> <span class='ocrx_word' id='word_1_275' title='bbox 456 2318 642 2368; x_wconf 82' lang='lat' dir='ltr'>aequiperantur</span> <span class='ocrx_word' id='word_1_276' title='bbox 665 2319 816 2360; x_wconf 86' lang='lat' dir='ltr'>habitibus</span> <span class='ocrx_word' id='word_1_277' title='bbox 838 2319 934 2361; x_wconf 86' lang='lat' dir='ltr'>ordinis-</span> 
     </span>
     <span class='ocr_line' id='line_1_35' title="bbox 84 2380 934 2442; baseline 0.002 -23"><span class='ocrx_word' id='word_1_278' title='bbox 84 2380 207 2422; x_wconf 86' lang='lat' dir='ltr'>naturalis.</span> <span class='ocrx_word' id='word_1_279' title='bbox 225 2381 401 2421; x_wconf 82' lang='lat' dir='ltr'>Lombardus</span> <span class='ocrx_word' id='word_1_280' title='bbox 419 2381 493 2432; x_wconf 79' lang='lat' dir='ltr'>(Sem.</span> <span class='ocrx_word' id='word_1_281' title='bbox 511 2380 526 2420; x_wconf 87' lang='lat'>1.</span> <span class='ocrx_word' id='word_1_282' title='bbox 546 2385 558 2422; x_wconf 84' lang='grc'>2</span> <span class='ocrx_word' id='word_1_283' title='bbox 576 2383 598 2422; x_wconf 91' lang='lat' dir='ltr'>d.</span> <span class='ocrx_word' id='word_1_284' title='bbox 617 2384 644 2422; x_wconf 85' lang='grc'>27</span> <span class='ocrx_word' id='word_1_285' title='bbox 661 2393 712 2434; x_wconf 89' lang='lat' dir='ltr'>cap.</span> <span class='ocrx_word' id='word_1_286' title='bbox 730 2386 783 2422; x_wconf 82' lang='grc'>511.</span> <span class='ocrx_word' id='word_1_287' title='bbox 802 2385 843 2424; x_wconf 82' lang='lat'>243</span> <span class='ocrx_word' id='word_1_288' title='bbox 861 2383 900 2442; x_wconf 80' lang='lat' dir='ltr'>[ed</span> <span class='ocrx_word' id='word_1_289' title='bbox 916 2387 934 2424; x_wconf 67' lang='lat'>21</span> 
     </span>
     <span class='ocr_line' id='line_1_36' title="bbox 84 2443 933 2502; baseline 0.004 -19"><span class='ocrx_word' id='word_1_290' title='bbox 84 2443 215 2493; x_wconf 89' lang='lat' dir='ltr'>Quaracchi</span> <span class='ocrx_word' id='word_1_291' title='bbox 228 2444 310 2502; x_wconf 80' lang='lat'>1916]),</span> <span class='ocrx_word' id='word_1_292' title='bbox 325 2444 446 2484; x_wconf 80' lang='lat' dir='ltr'>Thomas</span> <span class='ocrx_word' id='word_1_293' title='bbox 460 2444 494 2496; x_wconf 85' lang='lat' dir='ltr'>(S.</span> <span class='ocrx_word' id='word_1_294' title='bbox 510 2444 543 2484; x_wconf 83' lang='lat' dir='ltr'>th.</span> <span class='ocrx_word' id='word_1_295' title='bbox 557 2447 577 2494; x_wconf 83' lang='lat'>1,</span> <span class='ocrx_word' id='word_1_296' title='bbox 591 2448 604 2485; x_wconf 83' lang='lat'><em>2</em></span> <span class='ocrx_word' id='word_1_297' title='bbox 617 2457 639 2496; x_wconf 81' lang='lat' dir='ltr'>q.</span> <span class='ocrx_word' id='word_1_298' title='bbox 653 2449 680 2486; x_wconf 83' lang='lat'>55</span> <span class='ocrx_word' id='word_1_299' title='bbox 692 2458 713 2486; x_wconf 91' lang='lat' dir='ltr'>a.</span> <span class='ocrx_word' id='word_1_300' title='bbox 728 2446 749 2497; x_wconf 73' lang='lat'>4]</span> <span class='ocrx_word' id='word_1_301' title='bbox 763 2446 853 2497; x_wconf 86' lang='lat' dir='ltr'>aliique</span> <span class='ocrx_word' id='word_1_302' title='bbox 866 2446 933 2486; x_wconf 88' lang='lat' dir='ltr'>theo--</span> 
     </span>
     <span class='ocr_line' id='line_1_37' title="bbox 83 2505 934 2559; baseline 0.006 -14"><span class='ocrx_word' id='word_1_303' title='bbox 83 2505 129 2556; x_wconf 84' lang='lat' dir='ltr'>logi</span> <span class='ocrx_word' id='word_1_304' title='bbox 146 2506 259 2547; x_wconf 88' lang='lat' dir='ltr'>virtutem</span> <span class='ocrx_word' id='word_1_305' title='bbox 275 2507 381 2547; x_wconf 89' lang='lat' dir='ltr'>infusam</span> <span class='ocrx_word' id='word_1_306' title='bbox 397 2506 557 2548; x_wconf 85' lang='lat' dir='ltr'>definiunt:</span> <span class='ocrx_word' id='word_1_307' title='bbox 580 2507 679 2549; x_wconf 82' lang='lat' dir='ltr'>«Virtus</span> <span class='ocrx_word' id='word_1_308' title='bbox 695 2508 731 2550; x_wconf 89' lang='lat' dir='ltr'>est</span> <span class='ocrx_word' id='word_1_309' title='bbox 747 2508 810 2549; x_wconf 91' lang='lat' dir='ltr'>bona</span> <span class='ocrx_word' id='word_1_310' title='bbox 826 2508 934 2559; x_wconf 82' lang='lat' dir='ltr'>qualitas.</span> 
     </span>
     <span class='ocr_line' id='line_1_38' title="bbox 83 2569 930 2622; baseline 0.005 -14"><span class='ocrx_word' id='word_1_311' title='bbox 83 2569 176 2618; x_wconf 88' lang='lat' dir='ltr'>mentis,</span> <span class='ocrx_word' id='word_1_312' title='bbox 192 2581 240 2621; x_wconf 82' lang='lat' dir='ltr'>qua</span> <span class='ocrx_word' id='word_1_313' title='bbox 254 2569 315 2610; x_wconf 89' lang='lat' dir='ltr'>recte</span> <span class='ocrx_word' id='word_1_314' title='bbox 329 2569 426 2618; x_wconf 78' lang='lat' dir='ltr'>vivitur,</span> <span class='ocrx_word' id='word_1_315' title='bbox 442 2580 489 2620; x_wconf 83' lang='lat' dir='ltr'>qua</span> <span class='ocrx_word' id='word_1_316' title='bbox 504 2569 586 2611; x_wconf 90' lang='lat' dir='ltr'>nullus</span> <span class='ocrx_word' id='word_1_317' title='bbox 600 2570 662 2612; x_wconf 90' lang='lat' dir='ltr'>male</span> <span class='ocrx_word' id='word_1_318' title='bbox 677 2570 760 2619; x_wconf 87' lang='lat' dir='ltr'>utitur,</span> <span class='ocrx_word' id='word_1_319' title='bbox 776 2583 850 2622; x_wconf 87' lang='lat' dir='ltr'>quam</span> <span class='ocrx_word' id='word_1_320' title='bbox 866 2572 930 2613; x_wconf 90' lang='lat' dir='ltr'>Deus</span> 
     </span>
     <span class='ocr_line' id='line_1_39' title="bbox 35 2631 934 2685; baseline 0.003 -15"><span class='ocrx_word' id='word_1_321' title='bbox 35 2631 38 2638; x_wconf 89' lang='lat'>&#39;</span> <span class='ocrx_word' id='word_1_322' title='bbox 83 2631 108 2670; x_wconf 93' lang='lat' dir='ltr'>in</span> <span class='ocrx_word' id='word_1_323' title='bbox 121 2632 190 2673; x_wconf 89' lang='lat' dir='ltr'>nobis</span> <span class='ocrx_word' id='word_1_324' title='bbox 204 2632 254 2673; x_wconf 89' lang='lat' dir='ltr'>sine</span> <span class='ocrx_word' id='word_1_325' title='bbox 266 2632 335 2672; x_wconf 90' lang='lat' dir='ltr'>nohis</span> <span class='ocrx_word' id='word_1_326' title='bbox 346 2632 465 2681; x_wconf 87' lang='lat' dir='ltr'>operatur.</span> <span class='ocrx_word' id='word_1_327' title='bbox 475 2650 484 2669; x_wconf 67' lang='lat'>&gt;1</span> <span class='ocrx_word' id='word_1_328' title='bbox 501 2634 565 2683; x_wconf 80' lang='lat' dir='ltr'>Quae</span> <span class='ocrx_word' id='word_1_329' title='bbox 580 2633 688 2675; x_wconf 87' lang='lat' dir='ltr'>definitio</span> <span class='ocrx_word' id='word_1_330' title='bbox 702 2633 822 2685; x_wconf 85' lang='lat' dir='ltr'>colligitur</span> <span class='ocrx_word' id='word_1_331' title='bbox 837 2647 866 2676; x_wconf 87' lang='lat' dir='ltr'>ex</span> <span class='ocrx_word' id='word_1_332' title='bbox 879 2645 934 2675; x_wconf 64' lang='lat' dir='ltr'>ver-⁴</span> 
     </span>
     <span class='ocr_line' id='line_1_40' title="bbox 83 2694 932 2748; baseline 0.008 -16"><span class='ocrx_word' id='word_1_333' title='bbox 83 2694 120 2741; x_wconf 82' lang='lat' dir='ltr'>his</span> <span class='ocrx_word' id='word_1_334' title='bbox 135 2695 322 2744; x_wconf 74' lang='lat' dir='ltr'>sungustini</span> <span class='ocrx_word' id='word_1_335' title='bbox 340 2694 378 2746; x_wconf 87' lang='lat' dir='ltr'>(ci.</span> <span class='ocrx_word' id='word_1_336' title='bbox 394 2696 429 2735; x_wconf 83' lang='lat' dir='ltr'>Dc</span> <span class='ocrx_word' id='word_1_337' title='bbox 443 2695 484 2736; x_wconf 84' lang='lat' dir='ltr'>lib.</span> <span class='ocrx_word' id='word_1_338' title='bbox 502 2697 552 2737; x_wconf 80' lang='lat' dir='ltr'>urb.</span> <span class='ocrx_word' id='word_1_339' title='bbox 568 2699 588 2745; x_wconf 86' lang='grc'>2,</span> <span class='ocrx_word' id='word_1_340' title='bbox 605 2699 656 2746; x_wconf 83' lang='grc'>195,</span> <span class='ocrx_word' id='word_1_341' title='bbox 672 2698 699 2736; x_wconf 83' lang='lat'>47</span> <span class='ocrx_word' id='word_1_342' title='bbox 707 2708 738 2746; x_wconf 90' lang='grc'>55;</span> <span class='ocrx_word' id='word_1_343' title='bbox 753 2698 818 2739; x_wconf 80' lang='lat' dir='ltr'>Retr.</span> <span class='ocrx_word' id='word_1_344' title='bbox 835 2701 854 2747; x_wconf 83' lang='grc'>1,</span> <span class='ocrx_word' id='word_1_345' title='bbox 870 2701 891 2748; x_wconf 87' lang='grc'>9,</span> <span class='ocrx_word' id='word_1_346' title='bbox 907 2702 932 2747; x_wconf 54' lang='lat' dir='ltr'>dr</span> 
     </span>
     <span class='ocr_line' id='line_1_41' title="bbox 84 2756 303 2809; baseline 0 -13"><span class='ocrx_word' id='word_1_347' title='bbox 84 2756 107 2796; x_wconf 82' lang='lat' dir='ltr'>G.</span> <span class='ocrx_word' id='word_1_348' title='bbox 123 2758 168 2798; x_wconf 85' lang='lat' dir='ltr'>lul.</span> <span class='ocrx_word' id='word_1_349' title='bbox 184 2760 205 2806; x_wconf 79' lang='grc'>4,</span> <span class='ocrx_word' id='word_1_350' title='bbox 221 2760 242 2806; x_wconf 84' lang='grc'>3,</span> <span class='ocrx_word' id='word_1_351' title='bbox 259 2758 303 2809; x_wconf 76' lang='grc'>19).</span> 
     </span>
    </p>
   </div>
   <div class='ocr_carea' id='block_1_4' title="bbox 85 2881 933 2972">
    <p class='ocr_par' dir='ltr' id='par_1_4' title="bbox 85 2881 933 2972">
     <span class='ocr_line' id='line_1_42' title="bbox 144 2881 933 2932; baseline 0.006 -17"><span class='ocrx_word' id='word_1_352' title='bbox 144 2882 151 2932; x_wconf 73' lang='lat'>.¹</span> <span class='ocrx_word' id='word_1_353' title='bbox 167 2881 200 2916; x_wconf 87' lang='lat' dir='ltr'>Cf.</span> <span class='ocrx_word' id='word_1_354' title='bbox 220 2881 246 2917; x_wconf 88' lang='lat' dir='ltr'>de</span> <span class='ocrx_word' id='word_1_355' title='bbox 261 2881 297 2916; x_wconf 86' lang='lat' dir='ltr'>his</span> <span class='ocrx_word' id='word_1_356' title='bbox 314 2883 635 2926; x_wconf 81' lang='lat' dir='ltr'>Ueberweg-Praechter‚</span> <span class='ocrx_word' id='word_1_357' title='bbox 655 2884 783 2921; x_wconf 81' lang='lat' dir='ltr'>Geschichic</span> <span class='ocrx_word' id='word_1_358' title='bbox 801 2886 839 2921; x_wconf 86' lang='lat' dir='ltr'>der</span> <span class='ocrx_word' id='word_1_359' title='bbox 856 2886 933 2921; x_wconf 82' lang='lat' dir='ltr'>Philo—</span> 
     </span>
     <span class='ocr_line' id='line_1_43' title="bbox 85 2926 769 2972; baseline 0.013 -14"><span class='ocrx_word' id='word_1_360' title='bbox 85 2926 160 2968; x_wconf 78' lang='lat' dir='ltr'>sophie</span> <span class='ocrx_word' id='word_1_361' title='bbox 176 2927 213 2961; x_wconf 79' lang='grc' dir='ltr'>Ι12</span> <span class='ocrx_word' id='word_1_362' title='bbox 231 2927 314 2971; x_wconf 85' lang='lat' dir='ltr'>(Berlin</span> <span class='ocrx_word' id='word_1_363' title='bbox 330 2927 384 2972; x_wconf 77' lang='grc'>1926)</span> <span class='ocrx_word' id='word_1_364' title='bbox 401 2927 466 2964; x_wconf 83' lang='grc'>27355</span> <span class='ocrx_word' id='word_1_365' title='bbox 481 2927 535 2965; x_wconf 73' lang='lat' dir='ltr'>aeis</span> <span class='ocrx_word' id='word_1_366' title='bbox 550 2928 615 2966; x_wconf 85' lang='grc'>38955</span> <span class='ocrx_word' id='word_1_367' title='bbox 626 2930 662 2968; x_wconf 81' lang='grc'>425</span> <span class='ocrx_word' id='word_1_368' title='bbox 676 2931 712 2968; x_wconf 79' lang='grc'>455</span> <span class='ocrx_word' id='word_1_369' title='bbox 728 2930 769 2968; x_wconf 81' lang='grc'>539.</span> 
     </span>
    </p>
   </div>
   <div class='ocr_carea' id='block_1_5' title="bbox 0 0 1112 3350">
    <p class='ocr_par' dir='ltr' id='par_1_5' title="bbox 0 0 1112 3350">
     <span class='ocr_line' id='line_1_44' title="bbox 0 0 1112 3350; baseline 0 1"><span class='ocrx_word' id='word_1_370' title='bbox 0 0 1112 3350; x_wconf 95' lang='lat' dir='ltr'> </span> 
     </span>
    </p>
   </div>
  </div>
 </body>
</html>
