2214 3350
296 162 374 198 rhesis
387 160 417 197 20.
434 160 535 196 Libertas
550 142 647 195 nominis
662 160 720 205 lapsi
897 156 932 193 413

83 270 170 306 nianda
181 269 228 305 ulla
244 269 370 316 cooperatio
385 267 507 304 voluntatis
523 268 613 303 nostrae
629 268 654 302 in
668 267 764 302 hominis
780 267 928 302 conversione.

83 321 172 357 Etenim
186 330 275 358 necesse
291 323 337 366 est,
347 321 373 357 ut
388 320 454 355 homo
470 319 578 355 divinitus
593 318 709 355 trahatur.
719 346 737 354 ..
756 320 801 355 Hoc
816 319 931 364 negotium

83 374 107 410 D.
125 373 236 409 rutheros
249 368 277 409 vin
291 374 349 409 libro
366 381 406 408 suo
430 373 480 408 «De
497 381 559 407 servo
576 371 688 408 arbitrio»
712 371 789 406 contra
811 372 931 406 erasmum

81 422 171 470 egregie
184 425 205 460 et
218 424 287 461 solide
300 424 406 471 explicuit
416 424 484 469 atque
497 423 632 459 sententiam
644 422 702 458 hanc
716 423 777 467 piam
790 423 811 458 et
824 422 931 457 invictam

83 486 131 512 esse
144 477 323 513 demonstravit»
335 476 433 523 (Madet,
447 476 523 520 (symb.
539 474 625 511 Biicher
637 485 657 521 p.
671 474 708 512 598
714 474 739 519 s).
754 494 778 499 -
788 475 824 509 »Ca
839 475 929 515 vinus,

83 528 155 564 instit.
174 528 188 564 l.
207 528 219 564 2
235 539 282 575 cap.
301 529 313 565 3
330 538 351 564 n.
372 527 405 564 10:
425 529 485 563 Deus
504 526 661 563 «voluntatem
676 526 755 569 movet,
772 535 818 561 non
835 525 931 570 qualiter

82 579 161 615 multis
172 580 268 616 saeculis
280 580 390 617 traditum
402 580 434 615 est
446 581 468 615 et
479 578 594 621 creditum,
608 579 633 614 ut
645 578 735 614 nostrae
746 579 824 623 postea
837 577 866 613 sit
879 577 931 613 clec-

81 632 158 674 ttonts,
170 632 263 668 motioni
276 633 316 668 aut
330 632 483 677 obtemperare
498 632 537 666 aut
550 631 668 675 refragari,
685 631 723 666 sed
736 629 800 665 illam
814 628 931 665 efficaciter

82 682 200 719 afficiendo
208 696 225 719 a,
242 703 265 709 -
278 684 404 730 synodus
419 684 594 719 Dordracena
609 691 656 728 cap.
673 682 685 718 3
701 682 721 717 et
736 682 754 724 4,
771 691 818 717 can.
836 680 871 718 122
889 683 931 717 Ho-

81 735 150 771 minis
164 736 302 779 regeneratio
316 735 467 780 «neutiquam
479 735 504 770 fit
516 744 596 781 per...
611 734 680 770 talem
693 733 800 780 operandi
813 734 929 775 rationem,

81 787 108 822 ut
120 788 171 832 post
181 788 221 823 Dei
233 788 306 832 quoad
318 788 394 833 ipsum
406 788 558 833 operationem
570 787 595 822 in
608 786 705 821 hominis
718 785 828 832 potestate
841 785 931 820 maneat

83 839 211 883 regenerari
224 839 258 874 vel
272 849 319 874 non
331 840 465 884 regenerari,
481 838 580 874 converti
593 839 629 873 vel
641 847 688 873 non
701 837 799 873 converti
807 851 817 870 n
835 837 929 882 (Mulier,

83 891 329 926 Bekenntnisschriiten
340 901 361 937 p.
376 890 418 934 85&
431 892 457 927 ct.
472 891 552 936 Reiect.
567 900 609 926 err.
623 890 635 926 8
649 890 708 936 (ibid.
723 900 743 926 u.
758 889 809 936 856).
823 909 847 915 -
858 889 931 925 Poste-

83 942 153 977 riores
170 942 246 977 tamen
262 943 383 987 dogmatici
400 943 577 979 Protestantium
593 951 700 986 magnam
716 942 804 987 partem
821 941 868 977 iam
886 950 931 976 non

82 993 162 1029 docent
177 994 384 1030 irresistibilitatem
398 994 491 1038 gratiae.
511 995 542 1030 Cf.
562 995 611 1031 Chr.
629 995 653 1030 E.
670 994 786 1036 Luthordt,
804 995 843 1030 Dic
861 993 930 1030 Lehrc

82 1054 133 1080 com
144 1046 215 1090 (reteri
228 1046 308 1082 Wiltea
320 1046 368 1081 und
378 1046 463 1081 scirem
474 1046 601 1082 Verhdltm'r
615 1056 653 1081 zur
667 1045 741 1081 Gaude
756 1045 854 1092 (Leipzig
867 1045 929 1092 1863),

81 1106 101 1131 v.
116 1106 136 1141 g.
153 1106 173 1142 p.
189 1096 226 1133 317
233 1106 260 1132 ss.

152 1182 175 1233 b)
192 1183 279 1222 Baius
292 1183 371 1224 docet:
391 1183 478 1231 «Quod
491 1182 625 1224 voluntarie
640 1182 676 1231 iit,
692 1183 784 1223 etiamsi
799 1182 932 1223 necessario

83 1239 137 1294 fiat,
148 1246 221 1286 libere
233 1245 314 1286 tamen
325 1245 372 1285 tit»
388 1247 433 1297 (pr.
445 1249 473 1286 39
485 1246 614 1305 [Dz·1039(;
626 1246 656 1286 cf.
669 1257 692 1286 n.
706 1246 751 1296 75).
763 1272 795 1277 -
806 1245 931 1286 lauscnius

82 1307 156 1348 totam
169 1308 231 1348 hanc
242 1308 376 1348 doctrinam
388 1308 498 1357 excoluit,
512 1320 596 1349 ansam
609 1309 724 1349 sumendo
738 1321 767 1349 ex
781 1308 931 1350 distinctione

84 1371 197 1412 adtulerit
209 1371 260 1410 siue
272 1382 319 1421 quo
331 1383 381 1411 coa
393 1372 417 1412 et
429 1372 543 1412 adiutore*
555 1384 604 1423 quo
619 1373 649 1424 (v.
664 1384 687 1412 n.
703 1372 796 1423 iio-84)
806 1372 931 1413 :Naturae

61 1465 63 1468 .
81 1433 171 1485 lapsae,
188 1446 248 1486 quae
264 1435 359 1475 interna
373 1435 511 1476 necessitate
527 1436 644 1477 maiorem
659 1434 838 1477 delectationem
855 1437 931 1486 sequi-

82 1498 129 1546 tur,
143 1499 221 1539 solum
233 1498 380 1539 adiutorium
391 1510 446 1550 quo,
460 1498 622 1540 infallibiliter
631 1498 766 1549 producens
778 1500 858 1540 actum
870 1499 931 1538 salu-

84 1563 166 1612 tarem,
181 1575 236 1604 vere
250 1563 342 1604 sufficit.
359 1563 441 1605 Gratia
452 1574 512 1615 pure
528 1563 652 1614 sussiciens
665 1575 682 1604 a·
693 1562 864 1604 recentioribus
878 1575 931 1614 pro-

81 1626 131 1667 lata
154 1625 267 1667 «videtur
286 1632 422 1666 iconarum
443 1626 566 1677 quoddam
589 1626 708 1677 singulare
731 1625 839 1676 gratiae»
865 1626 930 1677 (v.P

83 1700 106 1730 n.
124 1689 184 1741 220).
206 1689 279 1730 Suam
299 1689 433 1730 doctrinam
451 1701 506 1731 cum
527 1690 636 1740 dogmate
657 1690 785 1730 tridentino
805 1689 931 1730 conciliare

84 1753 163 1794 studet
178 1753 328 1794 distinctione
344 1752 490 1803 potentiae
506 1751 656 1794 absolutae
672 1753 695 1794 et
710 1751 858 1793 relativae.
875 1752 931 1793 Gra-

82 1816 123 1865 tia,
140 1816 159 1856 si
173 1816 293 1867 spectatur
306 1815 420 1864 absolute,
436 1817 451 1856 i.
465 1827 485 1856 e.
502 1816 633 1856 secundum
647 1816 722 1856 solam
736 1827 805 1861 suam
819 1815 932 1855 naturam

80 1879 106 1919 et
128 1878 285 1919 abstractione
310 1878 373 1919 iacta
395 1890 410 1918 a
432 1877 599 1928 praesentibus
622 1878 721 1918 subiecti
745 1878 932 1919 circumstantiis

85 1941 215 1993 (imprimis
225 1953 239 1981 a
249 1942 368 1992 praesenti
379 1952 454 1991 prava
465 1940 613 1991 cupiditate),
626 1941 717 1982 confert
727 1940 858 1992 potentiam
870 1941 931 1981 salu-

81 2004 166 2045 tariter
184 2003 278 2054 agenda
296 2004 337 2044 sed
356 2004 375 2043 si
394 2005 492 2044 relative
512 2002 622 2052 sumitur,
643 2003 659 2043 i.
679 2015 699 2044 e.
720 2004 740 2044 si
759 2003 817 2045 istae
837 1999 930 2055 quoque

82 2067 275 2108 circumstantiae
290 2066 479 2114 considerantur,
497 2067 546 2107 iam
559 2059 608 2107 non
624 2066 726 2107 habetur
740 2066 848 2117 potentia
864 2078 931 2117 supe-

80 2131 152 2171 randi
169 2130 285 2171 maiorem
300 2129 480 2179 delectationem
497 2122 636 2180 cupiditatis
651 2130 740 2182 gratiae
756 2130 929 2172 adversantem.

82 2194 146 2244 Ergo
160 2193 238 2244 gratia
252 2192 353 2241 interna,
370 2204 430 2244 quae
445 2193 527 2234 manet
542 2192 636 2241 sterilis,
653 2205 701 2233 coa
716 2199 751 2234 est
765 2194 890 2245 sufficiens
906 2194 932 2234 in

82 2257 201 2308 praesenti
213 2257 352 2298 condicione
363 2257 477 2305 hominia
489 2258 575 2313 suaset
586 2257 666 2298 autern
679 2257 803 2306 sufficiens,
818 2258 838 2298 si
851 2257 931 2307 ipsum

82 2322 108 2361 in
134 2321 187 2362 aliis
211 2320 342 2362 invenisset
360 2321 547 2362 condicionibus.
575 2322 637 2362 Haec
656 2322 692 2363 est
709 2322 787 2373 gratia
814 2323 929 2373 (relative)

83 2397 182 2436 parva,
201 2397 262 2436 quae
278 2387 409 2440 necessario
427 2385 533 2426 vincitur
549 2396 626 2435 neque
644 2387 679 2427 est
695 2398 749 2426 cere
768 2386 892 2427 sufficiens.
913 2389 930 2427 E

81 2451 166 2491 contra
184 2450 261 2501 gratia
283 2449 397 2502 (relative)
420 2461 523 2499 magna
542 2451 674 2491 necessario
693 2451 728 2491 est
747 2449 834 2491 victrix
854 2462 931 2502 neque

83 2526 191 2566 unquam
210 2514 244 2555 est
261 2525 321 2565 pure
340 2514 463 2554 sufficiens.
485 2513 568 2555 Gratia
584 2526 659 2566 parva
676 2515 738 2554 nihil
756 2515 867 2565 producit
884 2515 931 2556 nisi

81 2578 212 2619 inefficacia
225 2578 351 2625 desideria,
369 2576 500 2617 velleitates
517 2578 565 2618 sive
584 2577 773 2627 complacentias.

143 2675 193 2720 Ipse
209 2675 335 2717 laurentus,
353 2674 498 2719 Augustinus,
516 2676 547 2710 De
564 2675 620 2719 grat.
640 2675 687 2710 Chr.
705 2675 718 2710 l.
737 2675 749 2711 2
765 2683 812 2720 cap.
831 2675 855 2711 27
871 2675 930 2709 clare

80 2728 179 2765 dixerat:
199 2728 278 2764 Gratia
292 2737 363 2773 parva
378 2726 459 2762 «nullo
475 2728 541 2763 modo
557 2727 644 2772 sufficit,
661 2728 685 2764 ut
701 2727 766 2763 homo
783 2728 822 2765 Dei
839 2730 931 2765 manda-

84 2781 133 2816 tum
149 2782 277 2827 operetur».
297 2780 405 2817 Nonnulli
423 2790 449 2816 ex
465 2781 514 2816 eius
533 2782 631 2825 asseclis,
650 2782 725 2817 Pierre
741 2782 817 2817 Nicolc
839 2782 932 2827 (Paulus

83 2835 207 2880 irenaeus),
220 2836 250 2871 De
264 2835 287 2869 to
298 2835 365 2876 Lace,
380 2833 466 2876 (strare,
478 2835 569 2879 propter
581 2835 703 2880 potentiam
717 2834 849 2879 absolutam,
864 2843 932 2880 quam

82 2888 175 2930 confert,
191 2888 289 2933 gratiam
301 2896 395 2934 parvam
408 2888 500 2923 abusive
516 2888 619 2923 dixerunt
633 2887 777 2924 sufficientem
790 2889 810 2923 et
825 2887 933 2924 sufficien-

81 2940 195 2976 tissimam
212 2943 238 2987 (v.
253 2942 302 2976 Ber.
318 2940 371 2978 caes
385 2939 495 2986 505-517).
