<?xml version="1.0" encoding="UTF-8"?>
<!DOCTYPE html PUBLIC "-//W3C//DTD XHTML 1.0 Transitional//EN"
    "http://www.w3.org/TR/xhtml1/DTD/xhtml1-transitional.dtd">
<html xmlns="http://www.w3.org/1999/xhtml" xml:lang="en" lang="en">
 <head>
  <title>
</title>
<meta http-equiv="Content-Type" content="text/html;charset=utf-8" />
  <meta name='ocr-system' content='tesseract 3.04.00' />
  <meta name='ocr-capabilities' content='ocr_page ocr_carea ocr_par ocr_line ocrx_word'/>
</head>
<body>
  <div class='ocr_page' id='page_1' title='image "./MN41637ucmf_2_0240.png"; bbox 0 0 2214 3350; ppageno 0'>
   <div class='ocr_carea' id='block_1_1' title="bbox 156 151 867 204">
    <p class='ocr_par' dir='ltr' id='par_1_1' title="bbox 156 151 867 204">
     <span class='ocr_line' id='line_1_1' title="bbox 156 151 867 204; baseline -0.004 -14"><span class='ocrx_word' id='word_1_1' title='bbox 156 153 192 190; x_wconf 76' lang='lat'><strong>206</strong></span> <span class='ocrx_word' id='word_1_2' title='bbox 291 154 345 190; x_wconf 84' lang='lat' dir='ltr'><strong>Sect.</strong></span> <span class='ocrx_word' id='word_1_3' title='bbox 362 154 389 190; x_wconf 91' lang='lat' dir='ltr'><strong>II.</strong></span> <span class='ocrx_word' id='word_1_4' title='bbox 398 155 450 204; x_wconf 78' lang='lat' dir='ltr'><strong>Art.</strong></span> <span class='ocrx_word' id='word_1_5' title='bbox 466 155 493 190; x_wconf 91' lang='grc' dir='ltr'><strong>ΙΙ.</strong></span> <span class='ocrx_word' id='word_1_6' title='bbox 508 155 539 189; x_wconf 88' lang='lat' dir='ltr'><strong>De</strong></span> <span class='ocrx_word' id='word_1_7' title='bbox 553 151 767 199; x_wconf 85' lang='lat' dir='ltr'><strong>supernaturalitate</strong></span> <span class='ocrx_word' id='word_1_8' title='bbox 780 151 867 196; x_wconf 87' lang='lat' dir='ltr'><strong>gratiae</strong></span> 
     </span>
    </p>
   </div>
   <div class='ocr_carea' id='block_1_2' title="bbox 111 259 1001 876">
    <p class='ocr_par' dir='ltr' id='par_1_2' title="bbox 111 259 1001 876">
     <span class='ocr_line' id='line_1_2' title="bbox 156 259 1001 307; baseline -0.006 -9"><span class='ocrx_word' id='word_1_9' title='bbox 156 263 257 305; x_wconf 81' lang='lat' dir='ltr'><strong>ducendi,</strong></span> <span class='ocrx_word' id='word_1_10' title='bbox 272 271 319 298; x_wconf 91' lang='lat' dir='ltr'><strong>non</strong></span> <span class='ocrx_word' id='word_1_11' title='bbox 331 272 384 299; x_wconf 79' lang='lat' dir='ltr'><strong>vero</strong></span> <span class='ocrx_word' id='word_1_12' title='bbox 400 262 474 307; x_wconf 84' lang='lat' dir='ltr'><strong>quoad</strong></span> <span class='ocrx_word' id='word_1_13' title='bbox 486 263 593 297; x_wconf 78' lang='lat' dir='ltr'><strong>naturam</strong></span> <span class='ocrx_word' id='word_1_14' title='bbox 607 260 680 307; x_wconf 80' lang='lat' dir='ltr'><strong>ipsam</strong></span> <span class='ocrx_word' id='word_1_15' title='bbox 695 260 758 295; x_wconf 87' lang='lat' dir='ltr'><strong>actus</strong></span> <span class='ocrx_word' id='word_1_16' title='bbox 773 259 881 304; x_wconf 87' lang='lat' dir='ltr'><strong>producti,</strong></span> <span class='ocrx_word' id='word_1_17' title='bbox 899 259 1001 304; x_wconf 90' lang='lat' dir='ltr'><strong>quemad-</strong></span> 
     </span>
     <span class='ocr_line' id='line_1_3' title="bbox 155 310 1001 357; baseline -0.005 -7"><span class='ocrx_word' id='word_1_18' title='bbox 155 315 246 350; x_wconf 85' lang='lat' dir='ltr'>modum</span> <span class='ocrx_word' id='word_1_19' title='bbox 265 314 341 350; x_wconf 87' lang='lat' dir='ltr'><strong>visus</strong></span> <span class='ocrx_word' id='word_1_20' title='bbox 361 312 440 350; x_wconf 87' lang='lat' dir='ltr'><strong>caeco</strong></span> <span class='ocrx_word' id='word_1_21' title='bbox 459 313 522 349; x_wconf 90' lang='lat' dir='ltr'><strong>nato</strong></span> <span class='ocrx_word' id='word_1_22' title='bbox 543 323 557 349; x_wconf 91' lang='lat' dir='ltr'><strong>a</strong></span> <span class='ocrx_word' id='word_1_23' title='bbox 576 313 664 349; x_wconf 85' lang='lat' dir='ltr'><strong>Christo</strong></span> <span class='ocrx_word' id='word_1_24' title='bbox 685 310 802 347; x_wconf 89' lang='lat' dir='ltr'><strong>restitutus</strong></span> <span class='ocrx_word' id='word_1_25' title='bbox 822 310 1001 357; x_wconf 87' lang='lat' dir='ltr'><strong>supernaturalis</strong></span> 
     </span>
     <span class='ocr_line' id='line_1_4' title="bbox 111 363 999 412; baseline -0.005 -11"><span class='ocrx_word' id='word_1_26' title='bbox 111 405 113 409; x_wconf 60' lang='lat'><strong>.</strong></span> <span class='ocrx_word' id='word_1_27' title='bbox 144 383 146 385; x_wconf 96' lang='lat'>·</span> <span class='ocrx_word' id='word_1_28' title='bbox 155 366 203 402; x_wconf 87' lang='lat' dir='ltr'><strong>erat</strong></span> <span class='ocrx_word' id='word_1_29' title='bbox 214 366 286 402; x_wconf 88' lang='lat' dir='ltr'><strong>solum</strong></span> <span class='ocrx_word' id='word_1_30' title='bbox 297 367 372 412; x_wconf 87' lang='lat' dir='ltr'><strong>quoad</strong></span> <span class='ocrx_word' id='word_1_31' title='bbox 382 367 473 402; x_wconf 89' lang='lat' dir='ltr'><strong>modum</strong></span> <span class='ocrx_word' id='word_1_32' title='bbox 483 365 619 411; x_wconf 89' lang='lat' dir='ltr'><strong>producendi</strong></span> <span class='ocrx_word' id='word_1_33' title='bbox 632 364 652 400; x_wconf 90' lang='lat' dir='ltr'><strong>et</strong></span> <span class='ocrx_word' id='word_1_34' title='bbox 662 372 708 399; x_wconf 90' lang='lat' dir='ltr'><strong>non</strong></span> <span class='ocrx_word' id='word_1_35' title='bbox 719 363 793 408; x_wconf 90' lang='lat' dir='ltr'><strong>quoad</strong></span> <span class='ocrx_word' id='word_1_36' title='bbox 803 372 851 398; x_wconf 89' lang='lat' dir='ltr'><strong>rem</strong></span> <span class='ocrx_word' id='word_1_37' title='bbox 861 363 999 408; x_wconf 85' lang='lat' dir='ltr'><strong>productam,</strong></span> 
     </span>
     <span class='ocr_line' id='line_1_5' title="bbox 155 414 1001 462; baseline -0.004 -9"><span class='ocrx_word' id='word_1_38' title='bbox 155 418 209 462; x_wconf 90' lang='lat' dir='ltr'><strong>quia</strong></span> <span class='ocrx_word' id='word_1_39' title='bbox 222 419 322 454; x_wconf 91' lang='lat' dir='ltr'><strong>eiusdem</strong></span> <span class='ocrx_word' id='word_1_40' title='bbox 334 418 429 454; x_wconf 90' lang='lat' dir='ltr'><strong>rationis</strong></span> <span class='ocrx_word' id='word_1_41' title='bbox 443 418 509 462; x_wconf 86' lang='lat' dir='ltr'><strong>atque</strong></span> <span class='ocrx_word' id='word_1_42' title='bbox 523 417 603 462; x_wconf 90' lang='lat' dir='ltr'><strong>speciei</strong></span> <span class='ocrx_word' id='word_1_43' title='bbox 617 415 664 451; x_wconf 88' lang='lat' dir='ltr'><strong>erat</strong></span> <span class='ocrx_word' id='word_1_44' title='bbox 677 425 733 450; x_wconf 51' lang='lat' dir='ltr'><strong>cum¹</strong></span> <span class='ocrx_word' id='word_1_45' title='bbox 741 415 800 458; x_wconf 76' lang='lat' dir='ltr'><strong>aliis,</strong></span> <span class='ocrx_word' id='word_1_46' title='bbox 815 416 853 459; x_wconf 90' lang='lat' dir='ltr'><strong>qui</strong></span> <span class='ocrx_word' id='word_1_47' title='bbox 867 414 1001 450; x_wconf 88' lang='lat' dir='ltr'><strong>naturaliter</strong></span> 
     </span>
     <span class='ocr_line' id='line_1_6' title="bbox 155 467 1001 516; baseline -0.002 -12"><span class='ocrx_word' id='word_1_48' title='bbox 155 470 179 505; x_wconf 90' lang='lat' dir='ltr'><strong>in</strong></span> <span class='ocrx_word' id='word_1_49' title='bbox 196 469 247 505; x_wconf 89' lang='lat' dir='ltr'><strong>aliis</strong></span> <span class='ocrx_word' id='word_1_50' title='bbox 262 471 443 516; x_wconf 76' lang='lat' dir='ltr'>producebantur</span> <span class='ocrx_word' id='word_1_51' title='bbox 457 469 591 512; x_wconf 87' lang='lat' dir='ltr'><strong>hominibus,</strong></span> <span class='ocrx_word' id='word_1_52' title='bbox 608 468 633 503; x_wconf 90' lang='lat' dir='ltr'><strong>id</strong></span> <span class='ocrx_word' id='word_1_53' title='bbox 648 468 736 512; x_wconf 89' lang='lat' dir='ltr'><strong>quidem</strong></span> <span class='ocrx_word' id='word_1_54' title='bbox 753 467 786 503; x_wconf 88' lang='lat' dir='ltr'><strong>est</strong></span> <span class='ocrx_word' id='word_1_55' title='bbox 801 476 886 511; x_wconf 87' lang='lat' dir='ltr'><strong>verum;</strong></span> <span class='ocrx_word' id='word_1_56' title='bbox 903 467 1001 503; x_wconf 88' lang='lat' dir='ltr'><strong>ceterum</strong></span> 
     </span>
     <span class='ocr_line' id='line_1_7' title="bbox 154 519 1001 566; baseline -0.002 -10"><span class='ocrx_word' id='word_1_57' title='bbox 154 521 235 566; x_wconf 81' lang='lat' dir='ltr'><strong>longe</strong></span> <span class='ocrx_word' id='word_1_58' title='bbox 251 522 335 557; x_wconf 87' lang='lat' dir='ltr'><strong>aliter</strong></span> <span class='ocrx_word' id='word_1_59' title='bbox 350 531 404 557; x_wconf 90' lang='lat' dir='ltr'><strong>rem</strong></span> <span class='ocrx_word' id='word_1_60' title='bbox 420 521 519 556; x_wconf 85' lang='lat' dir='ltr'><strong>habere</strong></span> <span class='ocrx_word' id='word_1_61' title='bbox 535 520 560 555; x_wconf 92' lang='lat' dir='ltr'><strong>in</strong></span> <span class='ocrx_word' id='word_1_62' title='bbox 575 529 606 562; x_wconf 86' lang='lat' dir='ltr'><strong>re,</strong></span> <span class='ocrx_word' id='word_1_63' title='bbox 625 520 651 555; x_wconf 92' lang='lat' dir='ltr'><strong>de</strong></span> <span class='ocrx_word' id='word_1_64' title='bbox 668 529 713 564; x_wconf 92' lang='lat' dir='ltr'><strong>qua</strong></span> <span class='ocrx_word' id='word_1_65' title='bbox 729 519 876 565; x_wconf 79' lang='lat' dir='ltr'>disputamus.</span> <span class='ocrx_word' id='word_1_66' title='bbox 895 520 924 555; x_wconf 90' lang='lat' dir='ltr'><strong>Ut</strong></span> <span class='ocrx_word' id='word_1_67' title='bbox 942 519 1001 554; x_wconf 89' lang='lat' dir='ltr'><strong>enim</strong></span> 
     </span>
     <span class='ocr_line' id='line_1_8' title="bbox 156 570 1001 619; baseline -0.002 -11"><span class='ocrx_word' id='word_1_68' title='bbox 156 573 300 619; x_wconf 80' lang='lat' dir='ltr'><strong>explanatum</strong></span> <span class='ocrx_word' id='word_1_69' title='bbox 315 574 354 616; x_wconf 88' lang='lat' dir='ltr'><strong>est,</strong></span> <span class='ocrx_word' id='word_1_70' title='bbox 371 573 433 608; x_wconf 89' lang='lat' dir='ltr'><strong>actus</strong></span> <span class='ocrx_word' id='word_1_71' title='bbox 449 571 486 607; x_wconf 90' lang='lat' dir='ltr'><strong>ille</strong></span> <span class='ocrx_word' id='word_1_72' title='bbox 501 571 562 617; x_wconf 90' lang='lat' dir='ltr'><strong>prior</strong></span> <span class='ocrx_word' id='word_1_73' title='bbox 577 571 757 617; x_wconf 86' lang='lat' dir='ltr'><strong>supernaturalis</strong></span> <span class='ocrx_word' id='word_1_74' title='bbox 773 572 805 607; x_wconf 86' lang='lat' dir='ltr'><strong>est</strong></span> <span class='ocrx_word' id='word_1_75' title='bbox 820 580 846 607; x_wconf 87' lang='lat' dir='ltr'><strong>ex</strong></span> <span class='ocrx_word' id='word_1_76' title='bbox 861 571 899 607; x_wconf 90' lang='lat' dir='ltr'><strong>illo</strong></span> <span class='ocrx_word' id='word_1_77' title='bbox 914 570 1001 606; x_wconf 84' lang='lat' dir='ltr'><strong>influxu</strong></span> 
     </span>
     <span class='ocr_line' id='line_1_9' title="bbox 155 622 1000 670; baseline -0.001 -10"><span class='ocrx_word' id='word_1_78' title='bbox 155 626 229 669; x_wconf 86' lang='lat' dir='ltr'><strong>quoad</strong></span> <span class='ocrx_word' id='word_1_79' title='bbox 248 634 295 661; x_wconf 91' lang='lat' dir='ltr'><strong>rem</strong></span> <span class='ocrx_word' id='word_1_80' title='bbox 313 625 386 670; x_wconf 89' lang='lat' dir='ltr'><strong>ipsam</strong></span> <span class='ocrx_word' id='word_1_81' title='bbox 405 623 536 669; x_wconf 87' lang='lat' dir='ltr'><strong>productam</strong></span> <span class='ocrx_word' id='word_1_82' title='bbox 556 623 692 667; x_wconf 86' lang='lat' dir='ltr'><strong>alteriusque</strong></span> <span class='ocrx_word' id='word_1_83' title='bbox 712 622 865 669; x_wconf 86' lang='lat' dir='ltr'><strong>superioris</strong></span> <span class='ocrx_word' id='word_1_84' title='bbox 885 624 1000 659; x_wconf 86' lang='lat' dir='ltr'><strong>naturae</strong></span> 
     </span>
     <span class='ocr_line' id='line_1_10' title="bbox 156 674 1000 721; baseline -0.004 -9"><span class='ocrx_word' id='word_1_85' title='bbox 156 677 181 711; x_wconf 90' lang='lat' dir='ltr'><strong>et</strong></span> <span class='ocrx_word' id='word_1_86' title='bbox 196 676 297 721; x_wconf 86' lang='lat' dir='ltr'><strong>speciei</strong></span> <span class='ocrx_word' id='word_1_87' title='bbox 313 676 340 711; x_wconf 90' lang='lat' dir='ltr'><strong>ab</strong></span> <span class='ocrx_word' id='word_1_88' title='bbox 357 675 408 710; x_wconf 89' lang='lat' dir='ltr'><strong>actu</strong></span> <span class='ocrx_word' id='word_1_89' title='bbox 423 674 554 718; x_wconf 72' lang='lat' dir='ltr'><strong>dilectionis,</strong></span> <span class='ocrx_word' id='word_1_90' title='bbox 572 683 638 719; x_wconf 87' lang='lat' dir='ltr'><strong>quem</strong></span> <span class='ocrx_word' id='word_1_91' title='bbox 652 675 711 710; x_wconf 87' lang='lat' dir='ltr'><strong>vires</strong></span> <span class='ocrx_word' id='word_1_92' title='bbox 728 683 804 711; x_wconf 88' lang='lat' dir='ltr'><strong>omnes</strong></span> <span class='ocrx_word' id='word_1_93' title='bbox 820 675 936 711; x_wconf 82' lang='lat' dir='ltr'>naturales</span> <span class='ocrx_word' id='word_1_94' title='bbox 951 684 1000 721; x_wconf 86' lang='lat' dir='ltr'><strong>pro-</strong></span> 
     </span>
     <span class='ocr_line' id='line_1_11' title="bbox 155 726 999 774; baseline -0.001 -11"><span class='ocrx_word' id='word_1_95' title='bbox 155 729 234 764; x_wconf 87' lang='lat' dir='ltr'><strong>ducere</strong></span> <span class='ocrx_word' id='word_1_96' title='bbox 247 728 340 764; x_wconf 84' lang='lat' dir='ltr'><strong>valent»</strong></span> <span class='ocrx_word' id='word_1_97' title='bbox 357 727 400 772; x_wconf 82' lang='grc'><strong>(159</strong></span> <span class='ocrx_word' id='word_1_98' title='bbox 413 728 434 770; x_wconf 81' lang='grc'><strong>11;</strong></span> <span class='ocrx_word' id='word_1_99' title='bbox 448 726 483 763; x_wconf 75' lang='lat'><strong>221</strong></span> <span class='ocrx_word' id='word_1_100' title='bbox 491 727 517 774; x_wconf 82' lang='grc'><strong>5),</strong></span> <span class='ocrx_word' id='word_1_101' title='bbox 535 728 577 763; x_wconf 84' lang='lat' dir='ltr'><strong>«Si</strong></span> <span class='ocrx_word' id='word_1_102' title='bbox 592 727 636 762; x_wconf 86' lang='lat' dir='ltr'><strong>sint</strong></span> <span class='ocrx_word' id='word_1_103' title='bbox 650 727 693 763; x_wconf 91' lang='lat' dir='ltr'><strong>duo</strong></span> <span class='ocrx_word' id='word_1_104' title='bbox 707 727 771 762; x_wconf 89' lang='lat' dir='ltr'><strong>actus</strong></span> <span class='ocrx_word' id='word_1_105' title='bbox 785 728 811 763; x_wconf 94' lang='lat' dir='ltr'><strong>de</strong></span> <span class='ocrx_word' id='word_1_106' title='bbox 826 728 902 763; x_wconf 90' lang='lat' dir='ltr'><strong>eodem</strong></span> <span class='ocrx_word' id='word_1_107' title='bbox 915 728 999 763; x_wconf 88' lang='lat' dir='ltr'><strong>obiecto</strong></span> 
     </span>
     <span class='ocr_line' id='line_1_12' title="bbox 155 778 1000 824; baseline -0.001 -9"><span class='ocrx_word' id='word_1_108' title='bbox 155 779 222 815; x_wconf 88' lang='lat' dir='ltr'><strong>eliciti</strong></span> <span class='ocrx_word' id='word_1_109' title='bbox 234 780 261 815; x_wconf 89' lang='lat' dir='ltr'><strong>ab</strong></span> <span class='ocrx_word' id='word_1_110' title='bbox 274 780 352 814; x_wconf 91' lang='lat' dir='ltr'><strong>eadem</strong></span> <span class='ocrx_word' id='word_1_111' title='bbox 363 779 468 824; x_wconf 88' lang='lat' dir='ltr'><strong>potentia,</strong></span> <span class='ocrx_word' id='word_1_112' title='bbox 482 787 576 823; x_wconf 85' lang='lat' dir='ltr'><strong>quorum</strong></span> <span class='ocrx_word' id='word_1_113' title='bbox 588 788 647 814; x_wconf 88' lang='lat' dir='ltr'><strong>unus</strong></span> <span class='ocrx_word' id='word_1_114' title='bbox 659 778 772 815; x_wconf 88' lang='lat' dir='ltr'><strong>naturalis</strong></span> <span class='ocrx_word' id='word_1_115' title='bbox 784 779 817 814; x_wconf 88' lang='lat' dir='ltr'><strong>illi</strong></span> <span class='ocrx_word' id='word_1_116' title='bbox 830 779 865 823; x_wconf 88' lang='lat' dir='ltr'><strong>sit,</strong></span> <span class='ocrx_word' id='word_1_117' title='bbox 880 779 937 815; x_wconf 89' lang='lat' dir='ltr'><strong>alter</strong></span> <span class='ocrx_word' id='word_1_118' title='bbox 947 788 1000 814; x_wconf 89' lang='lat' dir='ltr'><strong>vero</strong></span> 
     </span>
     <span class='ocr_line' id='line_1_13' title="bbox 155 830 1000 876; baseline -0.001 -10"><span class='ocrx_word' id='word_1_119' title='bbox 155 830 339 876; x_wconf 81' lang='lat' dir='ltr'><strong>supernaturalis,</strong></span> <span class='ocrx_word' id='word_1_120' title='bbox 358 839 404 865; x_wconf 91' lang='lat' dir='ltr'><strong>non</strong></span> <span class='ocrx_word' id='word_1_121' title='bbox 419 831 506 866; x_wconf 91' lang='lat' dir='ltr'><strong>ratione</strong></span> <span class='ocrx_word' id='word_1_122' title='bbox 523 831 583 866; x_wconf 89' lang='lat' dir='ltr'><strong>modi</strong></span> <span class='ocrx_word' id='word_1_123' title='bbox 600 831 743 876; x_wconf 78' lang='lat' dir='ltr'><strong>producendi,</strong></span> <span class='ocrx_word' id='word_1_124' title='bbox 762 832 801 867; x_wconf 91' lang='lat' dir='ltr'><strong>sed</strong></span> <span class='ocrx_word' id='word_1_125' title='bbox 818 832 871 876; x_wconf 88' lang='lat' dir='ltr'><strong>quia</strong></span> <span class='ocrx_word' id='word_1_126' title='bbox 888 833 921 867; x_wconf 87' lang='lat' dir='ltr'><strong>est</strong></span> <span class='ocrx_word' id='word_1_127' title='bbox 938 832 1000 866; x_wconf 88' lang='lat' dir='ltr'><strong>emi-</strong></span> 
     </span>
    </p>
   </div>
   <div class='ocr_carea' id='block_1_3' title="bbox 154 882 1066 925">
    <p class='ocr_par' dir='ltr' id='par_1_3' title="bbox 154 882 1066 925">
     <span class='ocr_line' id='line_1_14' title="bbox 154 882 1066 925; baseline 0.001 -8"><span class='ocrx_word' id='word_1_128' title='bbox 154 882 289 918; x_wconf 89' lang='lat' dir='ltr'><strong>nentioris</strong></span> <span class='ocrx_word' id='word_1_129' title='bbox 309 882 424 917; x_wconf 89' lang='lat' dir='ltr'><strong>naturae</strong></span> <span class='ocrx_word' id='word_1_130' title='bbox 445 891 474 918; x_wconf 85' lang='lat' dir='ltr'><strong>ac</strong></span> <span class='ocrx_word' id='word_1_131' title='bbox 495 882 642 925; x_wconf 87' lang='lat' dir='ltr'><strong>essentiae,</strong></span> <span class='ocrx_word' id='word_1_132' title='bbox 663 882 726 919; x_wconf 92' lang='lat' dir='ltr'><strong>actus</strong></span> <span class='ocrx_word' id='word_1_133' title='bbox 746 883 798 919; x_wconf 92' lang='lat' dir='ltr'><strong>illos</strong></span> <span class='ocrx_word' id='word_1_134' title='bbox 818 892 865 919; x_wconf 89' lang='lat' dir='ltr'><strong>esse</strong></span> <span class='ocrx_word' id='word_1_135' title='bbox 887 883 1000 918; x_wconf 89' lang='lat' dir='ltr'><strong>distinc-</strong></span> <span class='ocrx_word' id='word_1_136' title='bbox 1064 915 1066 918; x_wconf 88' lang='lat'><strong>.</strong></span> 
     </span>
    </p>
   </div>
   <div class='ocr_carea' id='block_1_4' title="bbox 152 927 1000 1241">
    <p class='ocr_par' dir='ltr' id='par_1_4' title="bbox 152 927 1000 1241">
     <span class='ocr_line' id='line_1_15' title="bbox 154 927 1000 981; baseline 0.001 -12"><span class='ocrx_word' id='word_1_137' title='bbox 154 935 194 969; x_wconf 88' lang='lat' dir='ltr'><strong>tos</strong></span> <span class='ocrx_word' id='word_1_138' title='bbox 213 934 302 979; x_wconf 88' lang='lat' dir='ltr'><strong>specie</strong></span> <span class='ocrx_word' id='word_1_139' title='bbox 322 933 508 979; x_wconf 76' lang='lat' dir='ltr'><strong>eminentiamque</strong></span> <span class='ocrx_word' id='word_1_140' title='bbox 528 944 554 970; x_wconf 91' lang='lat' dir='ltr'><strong>ac</strong></span> <span class='ocrx_word' id='word_1_141' title='bbox 573 934 738 970; x_wconf 80' lang='lat' dir='ltr'><strong>distinctionem</strong></span> <span class='ocrx_word' id='word_1_142' title='bbox 757 935 879 981; x_wconf 88' lang='lat' dir='ltr'><strong>superioris</strong></span> <span class='ocrx_word' id='word_1_143' title='bbox 898 927 1000 971; x_wconf 77' lang='grc'><strong>6111116-</strong></span> 
     </span>
     <span class='ocr_line' id='line_1_16' title="bbox 153 981 999 1033; baseline 0.004 -14"><span class='ocrx_word' id='word_1_144' title='bbox 153 985 207 1021; x_wconf 88' lang='lat' dir='ltr'><strong>riori</strong></span> <span class='ocrx_word' id='word_1_145' title='bbox 224 986 341 1031; x_wconf 84' lang='lat' dir='ltr'><strong>provenire</strong></span> <span class='ocrx_word' id='word_1_146' title='bbox 361 981 479 1021; x_wconf 83' lang='lat' dir='ltr'><strong>efficienter</strong></span> <span class='ocrx_word' id='word_1_147' title='bbox 497 995 523 1021; x_wconf 92' lang='lat' dir='ltr'><strong>ac</strong></span> <span class='ocrx_word' id='word_1_148' title='bbox 541 985 670 1022; x_wconf 81' lang='lat' dir='ltr'><strong>radicaliter</strong></span> <span class='ocrx_word' id='word_1_149' title='bbox 688 996 713 1023; x_wconf 84' lang='lat' dir='ltr'><strong>ex</strong></span> <span class='ocrx_word' id='word_1_150' title='bbox 731 987 819 1022; x_wconf 85' lang='lat' dir='ltr'><strong>influxu</strong></span> <span class='ocrx_word' id='word_1_151' title='bbox 837 996 917 1024; x_wconf 87' lang='lat' dir='ltr'><strong>causae</strong></span> <span class='ocrx_word' id='word_1_152' title='bbox 937 996 999 1033; x_wconf 84' lang='lat' dir='ltr'><strong>supe-</strong></span> 
     </span>
     <span class='ocr_line' id='line_1_17' title="bbox 152 1036 998 1085; baseline 0.004 -14"><span class='ocrx_word' id='word_1_153' title='bbox 152 1036 225 1081; x_wconf 86' lang='lat' dir='ltr'><strong>rioris,</strong></span> <span class='ocrx_word' id='word_1_154' title='bbox 240 1046 297 1081; x_wconf 91' lang='lat' dir='ltr'><strong>quae</strong></span> <span class='ocrx_word' id='word_1_155' title='bbox 311 1037 340 1073; x_wconf 91' lang='lat' dir='ltr'><strong>ad</strong></span> <span class='ocrx_word' id='word_1_156' title='bbox 353 1046 403 1085; x_wconf 87' lang='lat' dir='ltr'><strong>eum</strong></span> <span class='ocrx_word' id='word_1_157' title='bbox 417 1037 492 1073; x_wconf 86' lang='lat' dir='ltr'><strong>actum</strong></span> <span class='ocrx_word' id='word_1_158' title='bbox 505 1037 597 1073; x_wconf 88' lang='lat' dir='ltr'><strong>adiuvat</strong></span> <span class='ocrx_word' id='word_1_159' title='bbox 610 1038 739 1084; x_wconf 86' lang='lat' dir='ltr'><strong>potentiam,</strong></span> <span class='ocrx_word' id='word_1_160' title='bbox 755 1038 920 1085; x_wconf 88' lang='lat' dir='ltr'><strong>comparatione</strong></span> <span class='ocrx_word' id='word_1_161' title='bbox 935 1040 998 1075; x_wconf 89' lang='lat' dir='ltr'><strong>cuius</strong></span> 
     </span>
     <span class='ocr_line' id='line_1_18' title="bbox 152 1088 999 1136; baseline 0.005 -13"><span class='ocrx_word' id='word_1_162' title='bbox 152 1089 173 1123; x_wconf 91' lang='lat' dir='ltr'><strong>is</strong></span> <span class='ocrx_word' id='word_1_163' title='bbox 187 1089 251 1124; x_wconf 88' lang='lat' dir='ltr'><strong>actus</strong></span> <span class='ocrx_word' id='word_1_164' title='bbox 265 1089 297 1124; x_wconf 91' lang='lat' dir='ltr'><strong>est</strong></span> <span class='ocrx_word' id='word_1_165' title='bbox 312 1088 509 1134; x_wconf 82' lang='lat' dir='ltr'><strong>supernaturalis»</strong></span> <span class='ocrx_word' id='word_1_166' title='bbox 528 1089 666 1136; x_wconf 69' lang='grc'><strong>(1601122),</strong></span> <span class='ocrx_word' id='word_1_167' title='bbox 683 1091 768 1126; x_wconf 90' lang='lat' dir='ltr'><strong>Eadem</strong></span> <span class='ocrx_word' id='word_1_168' title='bbox 783 1092 815 1126; x_wconf 89' lang='lat' dir='ltr'><strong>est</strong></span> <span class='ocrx_word' id='word_1_169' title='bbox 831 1091 932 1127; x_wconf 87' lang='lat' dir='ltr'><strong>doctrina</strong></span> <span class='ocrx_word' id='word_1_170' title='bbox 946 1092 999 1128; x_wconf 89' lang='lat' dir='ltr'><strong>aliis</strong></span> 
     </span>
     <span class='ocr_line' id='line_1_19' title="bbox 152 1140 998 1190; baseline 0.006 -16"><span class='ocrx_word' id='word_1_171' title='bbox 152 1140 213 1181; x_wconf 88' lang='lat' dir='ltr'><strong>locis,</strong></span> <span class='ocrx_word' id='word_1_172' title='bbox 226 1150 246 1175; x_wconf 80' lang='lat' dir='ltr'><strong>v,</strong></span> <span class='ocrx_word' id='word_1_173' title='bbox 259 1150 279 1186; x_wconf 81' lang='lat' dir='ltr'><strong>g.</strong></span> <span class='ocrx_word' id='word_1_174' title='bbox 294 1141 350 1186; x_wconf 89' lang='lat' dir='ltr'><strong>disp.</strong></span> <span class='ocrx_word' id='word_1_175' title='bbox 364 1140 416 1187; x_wconf 67' lang='lat' dir='ltr'><strong>trp.</strong></span> <span class='ocrx_word' id='word_1_176' title='bbox 430 1141 482 1185; x_wconf 77' lang='lat' dir='ltr'><strong>24b;</strong></span> <span class='ocrx_word' id='word_1_177' title='bbox 495 1141 535 1187; x_wconf 79' lang='grc'><strong>31);</strong></span> <span class='ocrx_word' id='word_1_178' title='bbox 548 1142 604 1188; x_wconf 87' lang='lat' dir='ltr'><strong>disp.</strong></span> <span class='ocrx_word' id='word_1_179' title='bbox 620 1142 642 1178; x_wconf 94' lang='grc'><strong>11</strong></span> <span class='ocrx_word' id='word_1_180' title='bbox 653 1144 743 1179; x_wconf 87' lang='lat' dir='ltr'><strong>membr.</strong></span> <span class='ocrx_word' id='word_1_181' title='bbox 759 1142 770 1179; x_wconf 92' lang='lat'>1</span> <span class='ocrx_word' id='word_1_182' title='bbox 784 1142 815 1188; x_wconf 88' lang='grc'><strong>(11</strong></span> <span class='ocrx_word' id='word_1_183' title='bbox 821 1144 843 1186; x_wconf 84' lang='lat' dir='ltr'><strong>b;</strong></span> <span class='ocrx_word' id='word_1_184' title='bbox 855 1142 895 1190; x_wconf 84' lang='grc'><strong>61).</strong></span> <span class='ocrx_word' id='word_1_185' title='bbox 911 1144 998 1180; x_wconf 86' lang='lat' dir='ltr'><strong>Carius</strong></span> 
     </span>
     <span class='ocr_line' id='line_1_20' title="bbox 152 1192 999 1241; baseline 0.006 -15"><span class='ocrx_word' id='word_1_186' title='bbox 152 1192 173 1226; x_wconf 89' lang='lat' dir='ltr'><strong>et</strong></span> <span class='ocrx_word' id='word_1_187' title='bbox 192 1192 318 1238; x_wconf 78' lang='lat' dir='ltr'><strong>expressius</strong></span> <span class='ocrx_word' id='word_1_188' title='bbox 335 1193 540 1238; x_wconf 80' lang='lat' dir='ltr'><strong>supernaturalitas</strong></span> <span class='ocrx_word' id='word_1_189' title='bbox 557 1203 617 1230; x_wconf 89' lang='lat' dir='ltr'><strong>mere</strong></span> <span class='ocrx_word' id='word_1_190' title='bbox 636 1194 731 1230; x_wconf 89' lang='lat' dir='ltr'><strong>modalis</strong></span> <span class='ocrx_word' id='word_1_191' title='bbox 750 1195 804 1230; x_wconf 86' lang='lat' dir='ltr'><strong>reici</strong></span> <span class='ocrx_word' id='word_1_192' title='bbox 823 1195 859 1231; x_wconf 84' lang='lat' dir='ltr'><strong>vix</strong></span> <span class='ocrx_word' id='word_1_193' title='bbox 879 1195 954 1241; x_wconf 90' lang='lat' dir='ltr'><strong>potest.</strong></span> <span class='ocrx_word' id='word_1_194' title='bbox 975 1215 999 1221; x_wconf 88' lang='lat'><em>-</em></span> 
     </span>
    </p>
   </div>
   <div class='ocr_carea' id='block_1_5' title="bbox 77 1241 998 1345">
    <p class='ocr_par' dir='ltr' id='par_1_5' title="bbox 77 1241 998 1345">
     <span class='ocr_line' id='line_1_21' title="bbox 77 1241 998 1293; baseline 0.005 -15"><span class='ocrx_word' id='word_1_195' title='bbox 77 1256 84 1263; x_wconf 80' lang='lat'><strong>.</strong></span> <span class='ocrx_word' id='word_1_196' title='bbox 151 1244 236 1279; x_wconf 89' lang='lat' dir='ltr'><strong>Eadem</strong></span> <span class='ocrx_word' id='word_1_197' title='bbox 250 1244 352 1280; x_wconf 88' lang='lat' dir='ltr'><strong>claritate</strong></span> <span class='ocrx_word' id='word_1_198' title='bbox 370 1241 465 1289; x_wconf 79' lang='lat' dir='ltr'><strong>Ripalda</strong></span> <span class='ocrx_word' id='word_1_199' title='bbox 480 1245 543 1291; x_wconf 84' lang='lat' dir='ltr'><strong>(disp.</strong></span> <span class='ocrx_word' id='word_1_200' title='bbox 558 1245 582 1282; x_wconf 88' lang='grc'><strong>11</strong></span> <span class='ocrx_word' id='word_1_201' title='bbox 597 1246 647 1283; x_wconf 88' lang='lat' dir='ltr'><strong>sect.</strong></span> <span class='ocrx_word' id='word_1_202' title='bbox 664 1246 719 1293; x_wconf 83' lang='grc'>3-8)</span> <span class='ocrx_word' id='word_1_203' title='bbox 736 1246 877 1283; x_wconf 89' lang='lat' dir='ltr'><strong>entitativam</strong></span> <span class='ocrx_word' id='word_1_204' title='bbox 891 1248 912 1282; x_wconf 88' lang='lat' dir='ltr'><strong>et</strong></span> <span class='ocrx_word' id='word_1_205' title='bbox 927 1256 998 1283; x_wconf 87' lang='lat' dir='ltr'><strong>essen-</strong></span> 
     </span>
     <span class='ocr_line' id='line_1_22' title="bbox 94 1295 996 1345; baseline 0.008 -16"><span class='ocrx_word' id='word_1_206' title='bbox 94 1313 96 1315; x_wconf 62' lang='grc'><em>»</em></span> <span class='ocrx_word' id='word_1_207' title='bbox 151 1295 229 1330; x_wconf 88' lang='lat' dir='ltr'><strong>tialem</strong></span> <span class='ocrx_word' id='word_1_208' title='bbox 249 1296 487 1341; x_wconf 86' lang='lat' dir='ltr'><strong>supernaturalitatem</strong></span> <span class='ocrx_word' id='word_1_209' title='bbox 507 1297 599 1333; x_wconf 84' lang='lat' dir='ltr'><strong>actuum</strong></span> <span class='ocrx_word' id='word_1_210' title='bbox 619 1297 753 1334; x_wconf 86' lang='lat' dir='ltr'><strong>salutarium</strong></span> <span class='ocrx_word' id='word_1_211' title='bbox 774 1299 842 1342; x_wconf 73' lang='lat' dir='ltr'><strong>docet,</strong></span> <span class='ocrx_word' id='word_1_212' title='bbox 863 1299 914 1334; x_wconf 85' lang='lat' dir='ltr'><strong>licet</strong></span> <span class='ocrx_word' id='word_1_213' title='bbox 937 1299 996 1345; x_wconf 88' lang='grc'><strong>(5611.</strong></span> 
     </span>
    </p>
   </div>
   <div class='ocr_carea' id='block_1_6' title="bbox 151 1346 998 1537">
    <p class='ocr_par' dir='ltr' id='par_1_6' title="bbox 151 1346 998 1537">
     <span class='ocr_line' id='line_1_23' title="bbox 151 1346 998 1395; baseline 0.005 -13"><span class='ocrx_word' id='word_1_214' title='bbox 151 1346 219 1393; x_wconf 65' lang='grc'><strong>9-»111</strong></span> <span class='ocrx_word' id='word_1_215' title='bbox 236 1348 348 1392; x_wconf 83' lang='lat' dir='ltr'><strong>quaedam</strong></span> <span class='ocrx_word' id='word_1_216' title='bbox 363 1348 398 1383; x_wconf 90' lang='lat' dir='ltr'><strong>sat</strong></span> <span class='ocrx_word' id='word_1_217' title='bbox 412 1348 472 1384; x_wconf 89' lang='lat' dir='ltr'><strong>mira</strong></span> <span class='ocrx_word' id='word_1_218' title='bbox 487 1348 514 1384; x_wconf 90' lang='lat' dir='ltr'><strong>de</strong></span> <span class='ocrx_word' id='word_1_219' title='bbox 530 1349 646 1385; x_wconf 87' lang='lat' dir='ltr'><strong>entitativa</strong></span> <span class='ocrx_word' id='word_1_220' title='bbox 662 1350 876 1395; x_wconf 88' lang='lat' dir='ltr'><strong>supernaturalitate</strong></span> <span class='ocrx_word' id='word_1_221' title='bbox 892 1352 998 1386; x_wconf 72' lang='lat' dir='ltr'><strong>sensatio-</strong></span> 
     </span>
     <span class='ocr_line' id='line_1_24' title="bbox 151 1399 998 1443; baseline 0.008 -11"><span class='ocrx_word' id='word_1_222' title='bbox 151 1407 206 1433; x_wconf 83' lang='lat' dir='ltr'><strong>num</strong></span> <span class='ocrx_word' id='word_1_223' title='bbox 224 1399 367 1443; x_wconf 87' lang='lat' dir='ltr'><strong>quarundam</strong></span> <span class='ocrx_word' id='word_1_224' title='bbox 386 1399 476 1437; x_wconf 81' lang='lat' dir='ltr'><strong>addat1.</strong></span> <span class='ocrx_word' id='word_1_225' title='bbox 495 1419 519 1425; x_wconf 92' lang='lat'>-</span> <span class='ocrx_word' id='word_1_226' title='bbox 537 1401 586 1436; x_wconf 89' lang='lat' dir='ltr'><strong>lam</strong></span> <span class='ocrx_word' id='word_1_227' title='bbox 605 1401 721 1438; x_wconf 87' lang='lat' dir='ltr'><strong>reiecimus</strong></span> <span class='ocrx_word' id='word_1_228' title='bbox 740 1402 770 1438; x_wconf 87' lang='lat' dir='ltr'><strong>th.</strong></span> <span class='ocrx_word' id='word_1_229' title='bbox 792 1403 804 1439; x_wconf 87' lang='grc'><strong>9</strong></span> <span class='ocrx_word' id='word_1_230' title='bbox 822 1403 998 1439; x_wconf 83' lang='lat' dir='ltr'><strong>attenuationem</strong></span> 
     </span>
     <span class='ocr_line' id='line_1_25' title="bbox 151 1450 997 1537; baseline 0.008 -53"><span class='ocrx_word' id='word_1_231' title='bbox 151 1450 270 1537; x_wconf 47' lang='lat' dir='ltr'><strong>pglrlitcgtptgs</strong></span> <span class='ocrx_word' id='word_1_232' title='bbox 294 1450 351 1502; x_wconf 89' lang='lat' dir='ltr'><strong>entis</strong></span> <span class='ocrx_word' id='word_1_233' title='bbox 376 1452 505 1496; x_wconf 77' lang='lat' dir='ltr'><strong>simpliciter</strong></span> <span class='ocrx_word' id='word_1_234' title='bbox 530 1454 708 1499; x_wconf 88' lang='lat' dir='ltr'><strong>supernaturalis</strong></span> <span class='ocrx_word' id='word_1_235' title='bbox 726 1464 740 1489; x_wconf 92' lang='lat' dir='ltr'><strong>a</strong></span> <span class='ocrx_word' id='word_1_236' title='bbox 760 1454 843 1491; x_wconf 83' lang='lat' dir='ltr'><strong>Melina</strong></span> <span class='ocrx_word' id='word_1_237' title='bbox 862 1457 884 1491; x_wconf 91' lang='lat' dir='ltr'><strong>et</strong></span> <span class='ocrx_word' id='word_1_238' title='bbox 901 1455 997 1505; x_wconf 84' lang='lat' dir='ltr'><strong>Ripalda</strong></span> 
     </span>
    </p>
   </div>
   <div class='ocr_carea' id='block_1_7' title="bbox 149 1626 997 2089">
    <p class='ocr_par' dir='ltr' id='par_1_7' title="bbox 149 1626 997 2089">
     <span class='ocr_line' id='line_1_26' title="bbox 213 1626 997 1672; baseline -0.004 -8"><span class='ocrx_word' id='word_1_239' title='bbox 213 1629 220 1651; x_wconf 84' lang='lat'>¹</span> <span class='ocrx_word' id='word_1_240' title='bbox 235 1629 331 1664; x_wconf 88' lang='lat' dir='ltr'><strong>Unicum</strong></span> <span class='ocrx_word' id='word_1_241' title='bbox 346 1627 509 1672; x_wconf 83' lang='lat' dir='ltr'><strong>argumentum,</strong></span> <span class='ocrx_word' id='word_1_242' title='bbox 525 1636 568 1671; x_wconf 89' lang='lat' dir='ltr'><strong>quo</strong></span> <span class='ocrx_word' id='word_1_243' title='bbox 582 1626 874 1671; x_wconf 83' lang='lat' dir='ltr'><strong>Garrigou-Lagrange</strong></span> <span class='ocrx_word' id='word_1_244' title='bbox 888 1627 920 1661; x_wconf 87' lang='lat' dir='ltr'><strong>tot</strong></span> <span class='ocrx_word' id='word_1_245' title='bbox 936 1627 997 1662; x_wconf 90' lang='lat' dir='ltr'><strong>Moli-</strong></span> 
     </span>
     <span class='ocr_line' id='line_1_27' title="bbox 151 1672 997 1718; baseline -0.005 -7"><span class='ocrx_word' id='word_1_246' title='bbox 151 1675 222 1711; x_wconf 88' lang='lat' dir='ltr'><strong>nistas</strong></span> <span class='ocrx_word' id='word_1_247' title='bbox 241 1675 363 1710; x_wconf 89' lang='lat' dir='ltr'><strong>adhaerere</strong></span> <span class='ocrx_word' id='word_1_248' title='bbox 388 1673 502 1709; x_wconf 88' lang='lat' dir='ltr'><strong>doctrinae</strong></span> <span class='ocrx_word' id='word_1_249' title='bbox 527 1672 749 1718; x_wconf 84' lang='lat' dir='ltr'><strong>supernaturalitatis</strong></span> <span class='ocrx_word' id='word_1_250' title='bbox 768 1673 863 1709; x_wconf 88' lang='lat' dir='ltr'><strong>modalis</strong></span> <span class='ocrx_word' id='word_1_251' title='bbox 883 1673 997 1709; x_wconf 88' lang='lat' dir='ltr'><strong>ostendere</strong></span> 
     </span>
     <span class='ocr_line' id='line_1_28' title="bbox 152 1719 997 1764; baseline -0.006 -6"><span class='ocrx_word' id='word_1_252' title='bbox 152 1723 251 1764; x_wconf 87' lang='lat' dir='ltr'><strong>conatur,</strong></span> <span class='ocrx_word' id='word_1_253' title='bbox 267 1722 300 1757; x_wconf 89' lang='lat' dir='ltr'><strong>est</strong></span> <span class='ocrx_word' id='word_1_254' title='bbox 313 1722 366 1757; x_wconf 87' lang='lat' dir='ltr'><strong>hoc:</strong></span> <span class='ocrx_word' id='word_1_255' title='bbox 385 1719 684 1764; x_wconf 65' lang='grc'><strong>[11101118817101116111111111111</strong></span> <span class='ocrx_word' id='word_1_256' title='bbox 700 1719 790 1754; x_wconf 83' lang='lat' dir='ltr'><strong>obiecto.</strong></span> <span class='ocrx_word' id='word_1_257' title='bbox 805 1719 863 1763; x_wconf 84' lang='lat' dir='ltr'><strong>Ergo</strong></span> <span class='ocrx_word' id='word_1_258' title='bbox 878 1719 916 1763; x_wconf 92' lang='lat' dir='ltr'><strong>qui</strong></span> <span class='ocrx_word' id='word_1_259' title='bbox 930 1719 997 1764; x_wconf 85' lang='lat' dir='ltr'><strong>negat</strong></span> 
     </span>
     <span class='ocr_line' id='line_1_29' title="bbox 150 1764 997 1815; baseline -0.008 -9"><span class='ocrx_word' id='word_1_260' title='bbox 150 1770 260 1806; x_wconf 90' lang='lat' dir='ltr'><strong>obiectum</strong></span> <span class='ocrx_word' id='word_1_261' title='bbox 272 1767 450 1815; x_wconf 86' lang='lat' dir='ltr'><strong>supernaturale,</strong></span> <span class='ocrx_word' id='word_1_262' title='bbox 464 1766 531 1810; x_wconf 83' lang='lat' dir='ltr'><strong>negat</strong></span> <span class='ocrx_word' id='word_1_263' title='bbox 544 1764 670 1812; x_wconf 78' lang='lat' dir='ltr'><strong>specificam</strong></span> <span class='ocrx_word' id='word_1_264' title='bbox 683 1764 833 1801; x_wconf 81' lang='lat' dir='ltr'><strong>differentiam</strong></span> <span class='ocrx_word' id='word_1_265' title='bbox 846 1766 908 1801; x_wconf 86' lang='lat' dir='ltr'><strong>actus</strong></span> <span class='ocrx_word' id='word_1_266' title='bbox 922 1774 997 1811; x_wconf 88' lang='lat' dir='ltr'><strong>super-</strong></span> 
     </span>
     <span class='ocr_line' id='line_1_30' title="bbox 150 1811 996 1856; baseline -0.007 -4"><span class='ocrx_word' id='word_1_267' title='bbox 150 1816 261 1853; x_wconf 85' lang='lat' dir='ltr'><strong>naturalis</strong></span> <span class='ocrx_word' id='word_1_268' title='bbox 276 1826 290 1851; x_wconf 91' lang='lat' dir='ltr'><strong>a</strong></span> <span class='ocrx_word' id='word_1_269' title='bbox 304 1814 431 1850; x_wconf 83' lang='lat' dir='ltr'><strong>naturali.»</strong></span> <span class='ocrx_word' id='word_1_270' title='bbox 446 1814 496 1848; x_wconf 91' lang='lat' dir='ltr'><strong>lure</strong></span> <span class='ocrx_word' id='word_1_271' title='bbox 511 1812 653 1856; x_wconf 86' lang='lat' dir='ltr'><strong>conqueritur</strong></span> <span class='ocrx_word' id='word_1_272' title='bbox 666 1812 693 1847; x_wconf 87' lang='lat' dir='ltr'><strong>H.</strong></span> <span class='ocrx_word' id='word_1_273' title='bbox 709 1811 811 1847; x_wconf 89' lang='lat' dir='ltr'><strong>Pinard</strong></span> <span class='ocrx_word' id='word_1_274' title='bbox 827 1813 847 1848; x_wconf 67' lang='lat' dir='ltr'><strong>St</strong></span> <span class='ocrx_word' id='word_1_275' title='bbox 856 1812 873 1849; x_wconf 85' lang='lat' dir='ltr'><strong>J.</strong></span> <span class='ocrx_word' id='word_1_276' title='bbox 890 1811 996 1847; x_wconf 84' lang='lat' dir='ltr'><strong>adversus</strong></span> 
     </span>
     <span class='ocr_line' id='line_1_31' title="bbox 151 1855 997 1905; baseline -0.004 -8"><span class='ocrx_word' id='word_1_277' title='bbox 151 1862 241 1898; x_wconf 77' lang='lat' dir='ltr'><strong>Gardeit</strong></span> <span class='ocrx_word' id='word_1_278' title='bbox 255 1863 276 1897; x_wconf 89' lang='lat' dir='ltr'><strong>et</strong></span> <span class='ocrx_word' id='word_1_279' title='bbox 292 1860 527 1904; x_wconf 73' lang='lat' dir='ltr'><strong>Garriqou-Laqranqe</strong></span> <span class='ocrx_word' id='word_1_280' title='bbox 545 1855 683 1905; x_wconf 75' lang='lat' dir='ltr'><strong>(ReehScRet</strong></span> <span class='ocrx_word' id='word_1_281' title='bbox 697 1859 709 1894; x_wconf 86' lang='grc'><strong>1</strong></span> <span class='ocrx_word' id='word_1_282' title='bbox 725 1857 794 1904; x_wconf 88' lang='grc'><strong>[1913]</strong></span> <span class='ocrx_word' id='word_1_283' title='bbox 811 1858 867 1904; x_wconf 88' lang='grc'><strong>119);</strong></span> <span class='ocrx_word' id='word_1_284' title='bbox 887 1859 935 1894; x_wconf 88' lang='lat' dir='ltr'><strong>«Le</strong></span> <span class='ocrx_word' id='word_1_285' title='bbox 949 1868 997 1894; x_wconf 89' lang='lat' dir='ltr'><strong>sur-</strong></span> 
     </span>
     <span class='ocr_line' id='line_1_32' title="bbox 149 1904 997 1952; baseline -0.005 -9"><span class='ocrx_word' id='word_1_286' title='bbox 149 1907 239 1943; x_wconf 90' lang='lat' dir='ltr'><strong>naturel</strong></span> <span class='ocrx_word' id='word_1_287' title='bbox 252 1907 325 1952; x_wconf 86' lang='lat' dir='ltr'><strong>quoad</strong></span> <span class='ocrx_word' id='word_1_288' title='bbox 339 1906 488 1942; x_wconf 86' lang='lat' dir='ltr'><strong>substantiam</strong></span> <span class='ocrx_word' id='word_1_289' title='bbox 501 1915 543 1951; x_wconf 89' lang='lat' dir='ltr'><strong>que</strong></span> <span class='ocrx_word' id='word_1_290' title='bbox 556 1905 724 1941; x_wconf 83' lang='lat' dir='ltr'><strong>reconnaissent</strong></span> <span class='ocrx_word' id='word_1_291' title='bbox 736 1904 770 1941; x_wconf 92' lang='lat' dir='ltr'><strong>les</strong></span> <span class='ocrx_word' id='word_1_292' title='bbox 783 1904 920 1949; x_wconf 81' lang='lat' dir='ltr'><strong>theologiens</strong></span> <span class='ocrx_word' id='word_1_293' title='bbox 934 1905 960 1941; x_wconf 89' lang='lat' dir='ltr'><strong>de</strong></span> <span class='ocrx_word' id='word_1_294' title='bbox 973 1904 997 1940; x_wconf 91' lang='lat' dir='ltr'><strong>la</strong></span> 
     </span>
     <span class='ocr_line' id='line_1_33' title="bbox 150 1951 994 1998; baseline -0.004 -10"><span class='ocrx_word' id='word_1_295' title='bbox 150 1954 286 1998; x_wconf 82' lang='lat' dir='ltr'><strong>compagnie</strong></span> <span class='ocrx_word' id='word_1_296' title='bbox 299 1954 326 1988; x_wconf 92' lang='lat' dir='ltr'><strong>de</strong></span> <span class='ocrx_word' id='word_1_297' title='bbox 338 1952 350 1988; x_wconf 89' lang='lat' dir='ltr'><strong>J</strong></span> <span class='ocrx_word' id='word_1_298' title='bbox 352 1953 402 1988; x_wconf 83' lang='lat' dir='ltr'><strong>esus</strong></span> <span class='ocrx_word' id='word_1_299' title='bbox 415 1952 509 1988; x_wconf 88' lang='lat' dir='ltr'><strong>divinise</strong></span> <span class='ocrx_word' id='word_1_300' title='bbox 521 1952 535 1986; x_wconf 88' lang='lat' dir='ltr'><strong>l&#39;</strong></span> <span class='ocrx_word' id='word_1_301' title='bbox 543 1951 591 1987; x_wconf 89' lang='lat' dir='ltr'><strong>acte</strong></span> <span class='ocrx_word' id='word_1_302' title='bbox 604 1952 698 1987; x_wconf 89' lang='lat' dir='ltr'><strong>humain</strong></span> <span class='ocrx_word' id='word_1_303' title='bbox 710 1952 791 1996; x_wconf 76' lang='lat' dir='ltr'><strong>jusque</strong></span> <span class='ocrx_word' id='word_1_304' title='bbox 804 1951 860 1986; x_wconf 89' lang='lat' dir='ltr'><strong>dans</strong></span> <span class='ocrx_word' id='word_1_305' title='bbox 874 1961 900 1986; x_wconf 87' lang='lat' dir='ltr'><strong>sa</strong></span> <span class='ocrx_word' id='word_1_306' title='bbox 912 1951 994 1986; x_wconf 89' lang='lat' dir='ltr'><strong>racine.</strong></span> 
     </span>
     <span class='ocr_line' id='line_1_34' title="bbox 149 1997 996 2045; baseline -0.004 -10"><span class='ocrx_word' id='word_1_307' title='bbox 149 2001 170 2036; x_wconf 93' lang='lat' dir='ltr'>N</span> <span class='ocrx_word' id='word_1_308' title='bbox 177 2001 285 2045; x_wconf 77' lang='lat' dir='ltr'><strong>’importe3</strong></span> <span class='ocrx_word' id='word_1_309' title='bbox 306 1999 358 2034; x_wconf 88' lang='lat' dir='ltr'><strong>c&#39;est</strong></span> <span class='ocrx_word' id='word_1_310' title='bbox 377 1998 400 2034; x_wconf 82' lang='lat' dir='ltr'><strong>ia</strong></span> <span class='ocrx_word' id='word_1_311' title='bbox 420 2007 465 2033; x_wconf 91' lang='lat' dir='ltr'><strong>une</strong></span> <span class='ocrx_word' id='word_1_312' title='bbox 485 1997 615 2043; x_wconf 85' lang='lat' dir='ltr'><strong>conception</strong></span> <span class='ocrx_word' id='word_1_313' title='bbox 637 1997 784 2032; x_wconf 79' lang='lat' dir='ltr'><strong>»minimiste«</strong></span> <span class='ocrx_word' id='word_1_314' title='bbox 806 1997 827 2033; x_wconf 93' lang='lat' dir='ltr'><strong>et</strong></span> <span class='ocrx_word' id='word_1_315' title='bbox 848 1998 947 2042; x_wconf 89' lang='lat' dir='ltr'><strong>suspecte</strong></span> <span class='ocrx_word' id='word_1_316' title='bbox 969 1997 996 2033; x_wconf 90' lang='lat' dir='ltr'><strong>de</strong></span> 
     </span>
     <span class='ocr_line' id='line_1_35' title="bbox 150 2043 996 2089; baseline -0.001 -9"><span class='ocrx_word' id='word_1_317' title='bbox 150 2045 331 2086; x_wconf 75' lang='lat' dir='ltr'><strong>rationalisme1›;</strong></span> <span class='ocrx_word' id='word_1_318' title='bbox 349 2045 369 2079; x_wconf 86' lang='lat' dir='ltr'><strong>et</strong></span> <span class='ocrx_word' id='word_1_319' title='bbox 384 2045 436 2080; x_wconf 84' lang='lat' dir='ltr'><strong>ibid.</strong></span> <span class='ocrx_word' id='word_1_320' title='bbox 454 2044 479 2079; x_wconf 92' lang='lat' dir='ltr'><strong>in</strong></span> <span class='ocrx_word' id='word_1_321' title='bbox 494 2044 558 2081; x_wconf 88' lang='lat' dir='ltr'><strong>nota:</strong></span> <span class='ocrx_word' id='word_1_322' title='bbox 580 2045 691 2080; x_wconf 85' lang='lat' dir='ltr'><strong>«N&#39;est-ce</strong></span> <span class='ocrx_word' id='word_1_323' title='bbox 708 2045 763 2080; x_wconf 90' lang='lat' dir='ltr'><strong>donc</strong></span> <span class='ocrx_word' id='word_1_324' title='bbox 780 2043 834 2087; x_wconf 82' lang='lat' dir='ltr'><strong>rien,</strong></span> <span class='ocrx_word' id='word_1_325' title='bbox 853 2045 932 2087; x_wconf 81' lang='lat' dir='ltr'><strong>qu&#39;une</strong></span> <span class='ocrx_word' id='word_1_326' title='bbox 949 2044 996 2089; x_wconf 82' lang='lat' dir='ltr'><strong>spe&#39;-</strong></span> 
     </span>
    </p>
   </div>
   <div class='ocr_carea' id='block_1_8' title="bbox 150 2063 1107 2136">
    <p class='ocr_par' dir='ltr' id='par_1_8' title="bbox 150 2063 1107 2136">
     <span class='ocr_line' id='line_1_36' title="bbox 150 2063 1107 2136; baseline -0.002 -10"><span class='ocrx_word' id='word_1_327' title='bbox 150 2091 261 2126; x_wconf 85' lang='lat' dir='ltr'><strong>cification</strong></span> <span class='ocrx_word' id='word_1_328' title='bbox 275 2090 417 2135; x_wconf 81' lang='lat' dir='ltr'><strong>ontologique</strong></span> <span class='ocrx_word' id='word_1_329' title='bbox 440 2091 478 2134; x_wconf 90' lang='lat' dir='ltr'><strong>qui</strong></span> <span class='ocrx_word' id='word_1_330' title='bbox 500 2091 626 2136; x_wconf 87' lang='lat' dir='ltr'><strong>transporte</strong></span> <span class='ocrx_word' id='word_1_331' title='bbox 641 2090 705 2126; x_wconf 79' lang='lat' dir='ltr'><strong>l’aote</strong></span> <span class='ocrx_word' id='word_1_332' title='bbox 728 2091 785 2126; x_wconf 89' lang='lat' dir='ltr'><strong>dans</strong></span> <span class='ocrx_word' id='word_1_333' title='bbox 807 2089 994 2127; x_wconf 77' lang='grc'><strong>101111611111111»</strong></span> <span class='ocrx_word' id='word_1_334' title='bbox 1037 2130 1038 2133; x_wconf 11' lang='grc' dir='ltr'><strong>Ἴ</strong></span> <span class='ocrx_word' id='word_1_335' title='bbox 1105 2063 1107 2132; x_wconf 52' lang='grc' dir='ltr'>Ξ</span> 
     </span>
    </p>
   </div>
   <div class='ocr_carea' id='block_1_9' title="bbox 147 2135 996 2897">
    <p class='ocr_par' dir='ltr' id='par_1_9' title="bbox 147 2135 996 2897">
     <span class='ocr_line' id='line_1_37' title="bbox 150 2135 995 2182; baseline -0.004 -9"><span class='ocrx_word' id='word_1_336' title='bbox 150 2138 224 2173; x_wconf 90' lang='lat' dir='ltr'><strong>Monet</strong></span> <span class='ocrx_word' id='word_1_337' title='bbox 243 2137 270 2182; x_wconf 85' lang='lat' dir='ltr'><strong>(p.</strong></span> <span class='ocrx_word' id='word_1_338' title='bbox 289 2136 332 2182; x_wconf 87' lang='grc'><strong>118)</strong></span> <span class='ocrx_word' id='word_1_339' title='bbox 351 2145 458 2181; x_wconf 82' lang='lat' dir='ltr'><strong>magnam</strong></span> <span class='ocrx_word' id='word_1_340' title='bbox 474 2136 627 2172; x_wconf 85' lang='lat' dir='ltr'><strong>confusionem</strong></span> <span class='ocrx_word' id='word_1_341' title='bbox 643 2146 669 2172; x_wconf 78' lang='lat' dir='ltr'><strong>ex</strong></span> <span class='ocrx_word' id='word_1_342' title='bbox 686 2145 710 2172; x_wconf 89' lang='lat' dir='ltr'><strong>eo</strong></span> <span class='ocrx_word' id='word_1_343' title='bbox 727 2136 788 2178; x_wconf 87' lang='lat' dir='ltr'><strong>oriri,</strong></span> <span class='ocrx_word' id='word_1_344' title='bbox 807 2137 865 2180; x_wconf 89' lang='lat' dir='ltr'><strong>quod</strong></span> <span class='ocrx_word' id='word_1_345' title='bbox 884 2135 995 2172; x_wconf 87' lang='lat' dir='ltr'><strong>distinctio</strong></span> 
     </span>
     <span class='ocr_line' id='line_1_38' title="bbox 151 2183 995 2229; baseline 0.002 -13"><span class='ocrx_word' id='word_1_346' title='bbox 151 2184 244 2229; x_wconf 82' lang='lat' dir='ltr'><strong>«quoad</strong></span> <span class='ocrx_word' id='word_1_347' title='bbox 262 2184 430 2219; x_wconf 69' lang='lat' dir='ltr'><strong>substanttam»</strong></span> <span class='ocrx_word' id='word_1_348' title='bbox 450 2184 471 2219; x_wconf 89' lang='lat' dir='ltr'><strong>et</strong></span> <span class='ocrx_word' id='word_1_349' title='bbox 490 2183 583 2228; x_wconf 77' lang='lat' dir='ltr'><strong>«quoad</strong></span> <span class='ocrx_word' id='word_1_350' title='bbox 600 2183 691 2218; x_wconf 81' lang='lat' dir='ltr'><strong>modum</strong></span> <span class='ocrx_word' id='word_1_351' title='bbox 699 2197 709 2216; x_wconf 76' lang='grc'><strong>1)</strong></span> <span class='ocrx_word' id='word_1_352' title='bbox 729 2184 750 2219; x_wconf 90' lang='lat' dir='ltr'><strong>et</strong></span> <span class='ocrx_word' id='word_1_353' title='bbox 768 2184 793 2219; x_wconf 90' lang='lat' dir='ltr'><strong>in</strong></span> <span class='ocrx_word' id='word_1_354' title='bbox 811 2184 888 2220; x_wconf 90' lang='lat' dir='ltr'><strong>ordine</strong></span> <span class='ocrx_word' id='word_1_355' title='bbox 906 2183 995 2228; x_wconf 80' lang='lat' dir='ltr'><strong>logico</strong></span> 
     </span>
     <span class='ocr_line' id='line_1_39' title="bbox 150 2230 996 2277; baseline 0 -10"><span class='ocrx_word' id='word_1_356' title='bbox 150 2232 207 2267; x_wconf 90' lang='lat' dir='ltr'><strong>etin</strong></span> <span class='ocrx_word' id='word_1_357' title='bbox 221 2232 298 2267; x_wconf 86' lang='lat' dir='ltr'><strong>ordine</strong></span> <span class='ocrx_word' id='word_1_358' title='bbox 313 2230 663 2277; x_wconf 59' lang='grc'><strong>01111011101116116111165511</strong></span> <span class='ocrx_word' id='word_1_359' title='bbox 678 2232 713 2277; x_wconf 87' lang='grc'><strong>(11.</strong></span> <span class='ocrx_word' id='word_1_360' title='bbox 729 2233 747 2267; x_wconf 94' lang='grc' dir='ltr'>Ρ</span> <span class='ocrx_word' id='word_1_361' title='bbox 761 2231 849 2277; x_wconf 69' lang='lat' dir='ltr'><strong>lle-oe).</strong></span> <span class='ocrx_word' id='word_1_362' title='bbox 865 2232 996 2268; x_wconf 84' lang='lat' dir='ltr'><strong>Substantia</strong></span> 
     </span>
     <span class='ocr_line' id='line_1_40' title="bbox 150 2278 996 2324; baseline -0.001 -10"><span class='ocrx_word' id='word_1_363' title='bbox 150 2280 212 2314; x_wconf 86' lang='lat' dir='ltr'><strong>actus</strong></span> <span class='ocrx_word' id='word_1_364' title='bbox 229 2280 253 2314; x_wconf 89' lang='lat' dir='ltr'><strong>in</strong></span> <span class='ocrx_word' id='word_1_365' title='bbox 271 2289 312 2314; x_wconf 89' lang='lat' dir='ltr'><strong>sua</strong></span> <span class='ocrx_word' id='word_1_366' title='bbox 330 2279 401 2324; x_wconf 87' lang='lat' dir='ltr'><strong>specie</strong></span> <span class='ocrx_word' id='word_1_367' title='bbox 419 2278 509 2322; x_wconf 86' lang='lat' dir='ltr'><strong>logica</strong></span> <span class='ocrx_word' id='word_1_368' title='bbox 526 2278 660 2315; x_wconf 87' lang='lat' dir='ltr'><strong>considerati</strong></span> <span class='ocrx_word' id='word_1_369' title='bbox 678 2279 821 2314; x_wconf 89' lang='lat' dir='ltr'><strong>constituitur</strong></span> <span class='ocrx_word' id='word_1_370' title='bbox 840 2279 952 2315; x_wconf 87' lang='lat' dir='ltr'><strong>essentiali</strong></span> <span class='ocrx_word' id='word_1_371' title='bbox 970 2278 996 2313; x_wconf 91' lang='lat' dir='ltr'><strong>in</strong></span> 
     </span>
     <span class='ocr_line' id='line_1_41' title="bbox 148 2325 995 2371; baseline -0.001 -10"><span class='ocrx_word' id='word_1_372' title='bbox 148 2326 258 2362; x_wconf 89' lang='lat' dir='ltr'><strong>obiectum</strong></span> <span class='ocrx_word' id='word_1_373' title='bbox 275 2327 391 2371; x_wconf 82' lang='lat' dir='ltr'><strong>proprium</strong></span> <span class='ocrx_word' id='word_1_374' title='bbox 408 2325 528 2369; x_wconf 82' lang='lat' dir='ltr'><strong>tendentia,</strong></span> <span class='ocrx_word' id='word_1_375' title='bbox 549 2327 569 2362; x_wconf 91' lang='lat' dir='ltr'><strong>et</strong></span> <span class='ocrx_word' id='word_1_376' title='bbox 588 2326 693 2371; x_wconf 89' lang='lat' dir='ltr'><strong>quidquid</strong></span> <span class='ocrx_word' id='word_1_377' title='bbox 710 2326 769 2362; x_wconf 89' lang='lat' dir='ltr'><strong>hanc</strong></span> <span class='ocrx_word' id='word_1_378' title='bbox 787 2335 832 2361; x_wconf 91' lang='lat' dir='ltr'><strong>non</strong></span> <span class='ocrx_word' id='word_1_379' title='bbox 848 2326 927 2368; x_wconf 88' lang='lat' dir='ltr'><strong>mutat,</strong></span> <span class='ocrx_word' id='word_1_380' title='bbox 945 2335 995 2361; x_wconf 90' lang='lat' dir='ltr'><strong>con-</strong></span> 
     </span>
     <span class='ocr_line' id='line_1_42' title="bbox 149 2373 994 2420; baseline 0.001 -13"><span class='ocrx_word' id='word_1_381' title='bbox 149 2374 230 2418; x_wconf 86' lang='lat' dir='ltr'><strong>cipitur</strong></span> <span class='ocrx_word' id='word_1_382' title='bbox 243 2374 268 2409; x_wconf 92' lang='lat' dir='ltr'><strong>ut</strong></span> <span class='ocrx_word' id='word_1_383' title='bbox 282 2374 342 2409; x_wconf 89' lang='lat' dir='ltr'><strong>actui</strong></span> <span class='ocrx_word' id='word_1_384' title='bbox 357 2373 491 2409; x_wconf 86' lang='lat' dir='ltr'><strong>accidentale</strong></span> <span class='ocrx_word' id='word_1_385' title='bbox 506 2375 527 2410; x_wconf 87' lang='lat' dir='ltr'><strong>et</strong></span> <span class='ocrx_word' id='word_1_386' title='bbox 540 2373 634 2409; x_wconf 89' lang='lat' dir='ltr'><strong>modale.</strong></span> <span class='ocrx_word' id='word_1_387' title='bbox 650 2374 723 2417; x_wconf 85' lang='lat' dir='ltr'><strong>Quare</strong></span> <span class='ocrx_word' id='word_1_388' title='bbox 738 2374 801 2409; x_wconf 91' lang='lat' dir='ltr'><strong>actus</strong></span> <span class='ocrx_word' id='word_1_389' title='bbox 816 2374 994 2420; x_wconf 86' lang='lat' dir='ltr'><strong>supernaturalis</strong></span> 
     </span>
     <span class='ocr_line' id='line_1_43' title="bbox 150 2421 994 2465; baseline 0.002 -10"><span class='ocrx_word' id='word_1_390' title='bbox 150 2421 170 2456; x_wconf 90' lang='lat' dir='ltr'><strong>et</strong></span> <span class='ocrx_word' id='word_1_391' title='bbox 188 2422 305 2465; x_wconf 81' lang='lat' dir='ltr'><strong>naturalis,</strong></span> <span class='ocrx_word' id='word_1_392' title='bbox 324 2430 343 2457; x_wconf 88' lang='lat' dir='ltr'><strong>v.</strong></span> <span class='ocrx_word' id='word_1_393' title='bbox 364 2430 384 2465; x_wconf 83' lang='lat' dir='ltr'><strong>g.</strong></span> <span class='ocrx_word' id='word_1_394' title='bbox 403 2421 461 2462; x_wconf 87' lang='lat' dir='ltr'><strong>fidei,</strong></span> <span class='ocrx_word' id='word_1_395' title='bbox 482 2421 559 2456; x_wconf 79' lang='lat' dir='ltr'><strong>euclem</strong></span> <span class='ocrx_word' id='word_1_396' title='bbox 578 2421 704 2465; x_wconf 76' lang='lat' dir='ltr'><strong>definitione</strong></span> <span class='ocrx_word' id='word_1_397' title='bbox 723 2422 837 2458; x_wconf 78' lang='lat' dir='ltr'><strong>essentiali</strong></span> <span class='ocrx_word' id='word_1_398' title='bbox 856 2422 994 2464; x_wconf 76' lang='lat' dir='ltr'><strong>exhibentur,-</strong></span> 
     </span>
     <span class='ocr_line' id='line_1_44' title="bbox 150 2469 994 2513; baseline 0 -10"><span class='ocrx_word' id='word_1_399' title='bbox 150 2469 354 2513; x_wconf 86' lang='lat' dir='ltr'><strong>supernaturalitas</strong></span> <span class='ocrx_word' id='word_1_400' title='bbox 370 2478 422 2504; x_wconf 85' lang='lat' dir='ltr'><strong>vero</strong></span> <span class='ocrx_word' id='word_1_401' title='bbox 442 2469 462 2504; x_wconf 91' lang='lat' dir='ltr'><strong>et</strong></span> <span class='ocrx_word' id='word_1_402' title='bbox 479 2469 615 2504; x_wconf 87' lang='lat' dir='ltr'><strong>naturalitas</strong></span> <span class='ocrx_word' id='word_1_403' title='bbox 634 2470 662 2505; x_wconf 91' lang='lat' dir='ltr'><strong>ad</strong></span> <span class='ocrx_word' id='word_1_404' title='bbox 681 2470 753 2504; x_wconf 91' lang='lat' dir='ltr'><strong>instar</strong></span> <span class='ocrx_word' id='word_1_405' title='bbox 771 2470 831 2504; x_wconf 87' lang='lat' dir='ltr'><strong>modi</strong></span> <span class='ocrx_word' id='word_1_406' title='bbox 851 2469 994 2505; x_wconf 86' lang='lat' dir='ltr'><strong>accidentalis</strong></span> 
     </span>
     <span class='ocr_line' id='line_1_45' title="bbox 149 2516 995 2563; baseline 0.002 -12"><span class='ocrx_word' id='word_1_407' title='bbox 149 2516 234 2561; x_wconf 87' lang='lat' dir='ltr'><strong>concipi</strong></span> <span class='ocrx_word' id='word_1_408' title='bbox 249 2516 348 2561; x_wconf 69' lang='lat' dir='ltr'><strong>possunt.</strong></span> <span class='ocrx_word' id='word_1_409' title='bbox 367 2516 489 2552; x_wconf 88' lang='lat' dir='ltr'><strong>Notissima</strong></span> <span class='ocrx_word' id='word_1_410' title='bbox 505 2517 538 2552; x_wconf 86' lang='lat' dir='ltr'><strong>est</strong></span> <span class='ocrx_word' id='word_1_411' title='bbox 554 2517 665 2552; x_wconf 86' lang='lat' dir='ltr'><strong>distinctio</strong></span> <span class='ocrx_word' id='word_1_412' title='bbox 681 2516 852 2562; x_wconf 88' lang='lat' dir='ltr'><strong>impletionis</strong></span> <span class='ocrx_word' id='word_1_413' title='bbox 868 2526 995 2563; x_wconf 89' lang='lat' dir='ltr'><strong>praecep-</strong></span> 
     </span>
     <span class='ocr_line' id='line_1_46' title="bbox 149 2564 994 2610; baseline 0.002 -12"><span class='ocrx_word' id='word_1_414' title='bbox 149 2564 235 2598; x_wconf 88' lang='lat' dir='ltr'><strong>torum</strong></span> <span class='ocrx_word' id='word_1_415' title='bbox 254 2564 346 2608; x_wconf 85' lang='lat' dir='ltr'><strong>«quoad</strong></span> <span class='ocrx_word' id='word_1_416' title='bbox 365 2564 514 2600; x_wconf 87' lang='lat' dir='ltr'><strong>substantiam</strong></span> <span class='ocrx_word' id='word_1_417' title='bbox 523 2578 533 2597; x_wconf 73' lang='lat' dir='ltr'><strong>n</strong></span> <span class='ocrx_word' id='word_1_418' title='bbox 553 2565 573 2600; x_wconf 87' lang='lat' dir='ltr'><strong>et</strong></span> <span class='ocrx_word' id='word_1_419' title='bbox 593 2577 603 2597; x_wconf 71' lang='grc' dir='ltr'><strong>ι(</strong></span> <span class='ocrx_word' id='word_1_420' title='bbox 612 2566 685 2609; x_wconf 90' lang='lat' dir='ltr'><strong>quoad</strong></span> <span class='ocrx_word' id='word_1_421' title='bbox 702 2565 812 2600; x_wconf 84' lang='lat' dir='ltr'><strong>modum»</strong></span> <span class='ocrx_word' id='word_1_422' title='bbox 832 2566 893 2610; x_wconf 91' lang='lat' dir='ltr'><strong>apud</strong></span> <span class='ocrx_word' id='word_1_423' title='bbox 909 2565 994 2600; x_wconf 88' lang='lat' dir='ltr'><strong>veteres</strong></span> 
     </span>
     <span class='ocr_line' id='line_1_47' title="bbox 150 2610 993 2658; baseline 0.001 -11"><span class='ocrx_word' id='word_1_424' title='bbox 150 2610 297 2647; x_wconf 76' lang='lat' dir='ltr'><strong>scholasticos</strong></span> <span class='ocrx_word' id='word_1_425' title='bbox 313 2612 348 2656; x_wconf 84' lang='grc'><strong>(11.</strong></span> <span class='ocrx_word' id='word_1_426' title='bbox 365 2611 394 2650; x_wconf 89' lang='lat' dir='ltr'><strong>th.</strong></span> <span class='ocrx_word' id='word_1_427' title='bbox 411 2612 438 2657; x_wconf 84' lang='lat'><strong>5).</strong></span> <span class='ocrx_word' id='word_1_428' title='bbox 457 2612 499 2648; x_wconf 83' lang='lat' dir='ltr'><strong>Sed</strong></span> <span class='ocrx_word' id='word_1_429' title='bbox 513 2613 533 2647; x_wconf 86' lang='grc'><strong>51</strong></span> <span class='ocrx_word' id='word_1_430' title='bbox 548 2621 616 2648; x_wconf 89' lang='lat' dir='ltr'><strong>sensu</strong></span> <span class='ocrx_word' id='word_1_431' title='bbox 630 2612 784 2657; x_wconf 87' lang='lat' dir='ltr'><strong>ontologico</strong></span> <span class='ocrx_word' id='word_1_432' title='bbox 799 2612 844 2649; x_wconf 89' lang='lat' dir='ltr'><strong>sive</strong></span> <span class='ocrx_word' id='word_1_433' title='bbox 859 2613 952 2658; x_wconf 86' lang='lat' dir='ltr'><strong>physico</strong></span> <span class='ocrx_word' id='word_1_434' title='bbox 967 2614 993 2648; x_wconf 92' lang='lat' dir='ltr'><strong>de</strong></span> 
     </span>
     <span class='ocr_line' id='line_1_48' title="bbox 148 2659 994 2705; baseline 0.002 -11"><span class='ocrx_word' id='word_1_435' title='bbox 148 2659 362 2704; x_wconf 85' lang='lat' dir='ltr'><strong>supernaturalitate</strong></span> <span class='ocrx_word' id='word_1_436' title='bbox 377 2660 467 2695; x_wconf 86' lang='lat' dir='ltr'><strong>actuum</strong></span> <span class='ocrx_word' id='word_1_437' title='bbox 482 2660 617 2696; x_wconf 88' lang='lat' dir='ltr'><strong>salutarimn</strong></span> <span class='ocrx_word' id='word_1_438' title='bbox 632 2661 712 2705; x_wconf 85' lang='lat' dir='ltr'><strong>agitur,</strong></span> <span class='ocrx_word' id='word_1_439' title='bbox 729 2670 805 2696; x_wconf 89' lang='lat' dir='ltr'><strong>omnes</strong></span> <span class='ocrx_word' id='word_1_440' title='bbox 822 2661 911 2696; x_wconf 87' lang='lat' dir='ltr'><strong>omnino</strong></span> <span class='ocrx_word' id='word_1_441' title='bbox 926 2662 994 2696; x_wconf 88' lang='lat' dir='ltr'><strong>lesui-</strong></span> 
     </span>
     <span class='ocr_line' id='line_1_49' title="bbox 147 2706 992 2754; baseline 0.004 -13"><span class='ocrx_word' id='word_1_442' title='bbox 147 2708 183 2742; x_wconf 90' lang='lat' dir='ltr'><strong>tae</strong></span> <span class='ocrx_word' id='word_1_443' title='bbox 199 2706 302 2751; x_wconf 72' lang='lat' dir='ltr'><strong>(exceptis</strong></span> <span class='ocrx_word' id='word_1_444' title='bbox 316 2708 414 2750; x_wconf 70' lang='lat' dir='ltr'><strong>vasquez</strong></span> <span class='ocrx_word' id='word_1_445' title='bbox 429 2707 450 2743; x_wconf 85' lang='lat' dir='ltr'><strong>et</strong></span> <span class='ocrx_word' id='word_1_446' title='bbox 464 2707 568 2748; x_wconf 72' lang='grc'><strong>8611111111</strong></span> <span class='ocrx_word' id='word_1_447' title='bbox 583 2709 654 2753; x_wconf 89' lang='lat' dir='ltr'><strong>quoad</strong></span> <span class='ocrx_word' id='word_1_448' title='bbox 669 2710 730 2744; x_wconf 88' lang='lat' dir='ltr'><strong>actus</strong></span> <span class='ocrx_word' id='word_1_449' title='bbox 745 2709 827 2744; x_wconf 83' lang='lat' dir='ltr'><strong>remote</strong></span> <span class='ocrx_word' id='word_1_450' title='bbox 843 2708 992 2754; x_wconf 86' lang='lat' dir='ltr'><strong>disponentes)</strong></span> 
     </span>
     <span class='ocr_line' id='line_1_50' title="bbox 148 2753 993 2793; baseline 0.004 -3"><span class='ocrx_word' id='word_1_451' title='bbox 148 2755 211 2790; x_wconf 91' lang='lat' dir='ltr'><strong>actus</strong></span> <span class='ocrx_word' id='word_1_452' title='bbox 223 2753 333 2790; x_wconf 87' lang='lat' dir='ltr'><strong>salutares</strong></span> <span class='ocrx_word' id='word_1_453' title='bbox 345 2755 467 2790; x_wconf 89' lang='lat' dir='ltr'><strong>secundum</strong></span> <span class='ocrx_word' id='word_1_454' title='bbox 478 2756 547 2791; x_wconf 86' lang='lat' dir='ltr'><strong>totam</strong></span> <span class='ocrx_word' id='word_1_455' title='bbox 560 2765 625 2791; x_wconf 88' lang='lat' dir='ltr'><strong>suam</strong></span> <span class='ocrx_word' id='word_1_456' title='bbox 637 2757 787 2792; x_wconf 86' lang='lat' dir='ltr'><strong>substantiam</strong></span> <span class='ocrx_word' id='word_1_457' title='bbox 798 2756 933 2792; x_wconf 84' lang='lat' dir='ltr'><strong>intrinsecus</strong></span> <span class='ocrx_word' id='word_1_458' title='bbox 946 2767 993 2793; x_wconf 90' lang='lat' dir='ltr'><strong>esse</strong></span> 
     </span>
     <span class='ocr_line' id='line_1_51' title="bbox 148 2802 994 2847; baseline 0.005 -10"><span class='ocrx_word' id='word_1_459' title='bbox 148 2811 217 2847; x_wconf 88' lang='lat' dir='ltr'><strong>supra</strong></span> <span class='ocrx_word' id='word_1_460' title='bbox 231 2802 337 2837; x_wconf 87' lang='lat' dir='ltr'><strong>naturam</strong></span> <span class='ocrx_word' id='word_1_461' title='bbox 352 2802 447 2838; x_wconf 86' lang='lat' dir='ltr'><strong>elevatos</strong></span> <span class='ocrx_word' id='word_1_462' title='bbox 462 2804 603 2839; x_wconf 82' lang='lat' dir='ltr'><strong>contendunt.</strong></span> <span class='ocrx_word' id='word_1_463' title='bbox 620 2804 734 2840; x_wconf 88' lang='lat' dir='ltr'><strong>Eiusmodi</strong></span> <span class='ocrx_word' id='word_1_464' title='bbox 750 2814 797 2841; x_wconf 88' lang='lat' dir='ltr'><strong>esse</strong></span> <span class='ocrx_word' id='word_1_465' title='bbox 811 2805 935 2840; x_wconf 85' lang='lat' dir='ltr'><strong>doctrinam</strong></span> <span class='ocrx_word' id='word_1_466' title='bbox 949 2806 994 2841; x_wconf 90' lang='lat' dir='ltr'><strong>Mo-</strong></span> 
     </span>
     <span class='ocr_line' id='line_1_52' title="bbox 148 2848 993 2897; baseline 0.005 -13"><span class='ocrx_word' id='word_1_467' title='bbox 148 2850 208 2885; x_wconf 91' lang='lat' dir='ltr'><strong>linae</strong></span> <span class='ocrx_word' id='word_1_468' title='bbox 233 2848 322 2891; x_wconf 74' lang='lat' dir='ltr'><strong>Suarez,</strong></span> <span class='ocrx_word' id='word_1_469' title='bbox 342 2851 421 2894; x_wconf 90' lang='lat' dir='ltr'><strong>quiin</strong></span> <span class='ocrx_word' id='word_1_470' title='bbox 440 2852 568 2895; x_wconf 88' lang='lat' dir='ltr'><strong>quaestione</strong></span> <span class='ocrx_word' id='word_1_471' title='bbox 593 2852 671 2887; x_wconf 84' lang='lat' dir='ltr'><strong>obiecti</strong></span> <span class='ocrx_word' id='word_1_472' title='bbox 696 2852 875 2897; x_wconf 88' lang='lat' dir='ltr'><strong>supernaturalis</strong></span> <span class='ocrx_word' id='word_1_473' title='bbox 895 2854 927 2888; x_wconf 89' lang='lat' dir='ltr'><strong>est</strong></span> <span class='ocrx_word' id='word_1_474' title='bbox 945 2854 993 2888; x_wconf 92' lang='lat' dir='ltr'><strong>eius</strong></span> 
     </span>
    </p>
   </div>
   <div class='ocr_carea' id='block_1_10' title="bbox 148 2897 991 2989">
    <p class='ocr_par' dir='ltr' id='par_1_10' title="bbox 148 2897 991 2989">
     <span class='ocr_line' id='line_1_53' title="bbox 148 2897 991 2989; baseline 0.005 -57"><span class='ocrx_word' id='word_1_475' title='bbox 148 2897 410 2989; x_wconf 30' lang='lat' dir='ltr'><strong>{tdgegsagiiciskiplpelnge</strong></span> <span class='ocrx_word' id='word_1_476' title='bbox 425 2899 525 2934; x_wconf 88' lang='lat' dir='ltr'><strong>concedit</strong></span> <span class='ocrx_word' id='word_1_477' title='bbox 541 2899 579 2943; x_wconf 85' lang='lat' dir='ltr'><strong>(De</strong></span> <span class='ocrx_word' id='word_1_478' title='bbox 593 2899 635 2944; x_wconf 76' lang='grc'><strong>11116</strong></span> <span class='ocrx_word' id='word_1_479' title='bbox 651 2900 705 2945; x_wconf 89' lang='lat' dir='ltr'><strong>disp.</strong></span> <span class='ocrx_word' id='word_1_480' title='bbox 722 2900 766 2978; x_wconf 76' lang='grc'><strong>95,</strong></span> <span class='ocrx_word' id='word_1_481' title='bbox 782 2900 794 2936; x_wconf 77' lang='lat'><em>2</em></span> <span class='ocrx_word' id='word_1_482' title='bbox 808 2909 828 2935; x_wconf 93' lang='lat' dir='ltr'><strong>n.</strong></span> <span class='ocrx_word' id='word_1_483' title='bbox 845 2899 877 2943; x_wconf 75' lang='lat'><strong>293</strong></span> <span class='ocrx_word' id='word_1_484' title='bbox 891 2901 921 2936; x_wconf 88' lang='lat' dir='ltr'><strong>Dc</strong></span> <span class='ocrx_word' id='word_1_485' title='bbox 936 2904 991 2945; x_wconf 67' lang='lat' dir='ltr'><strong>prat.</strong></span> 
     </span>
    </p>
   </div>
   <div class='ocr_carea' id='block_1_11' title="bbox 0 0 1112 3350">
    <p class='ocr_par' dir='ltr' id='par_1_11' title="bbox 0 0 1112 3350">
     <span class='ocr_line' id='line_1_54' title="bbox 0 0 1112 3350; baseline 0 3"><span class='ocrx_word' id='word_1_486' title='bbox 0 0 1112 3350; x_wconf 95' lang='lat' dir='ltr'><strong> </strong></span> 
     </span>
    </p>
   </div>
  </div>
 </body>
</html>
