2214 3350
180 216 216 254 438
252 217 312 255 sect:
322 218 346 254 V.
360 218 406 254 Art.
421 218 437 254 Ι.
452 218 558 255 Doctrina
571 209 627 269 cath.
643 219 670 255 de
683 217 740 263 grat
754 215 821 254 suffic.
837 217 860 253 et
871 216 953 253 efficaci

179 325 265 366 sticum
276 336 363 376 parurn
376 325 546 378 intellegentes,
558 338 587 367 ex
599 325 706 366 eiusdem
718 323 857 366 toleratione
869 323 1026 366 ecclesiastica

179 399 305 439 perperam
320 388 488 431 concluserunt
500 389 571 436 licere
586 386 700 428 catholico
715 388 776 428 hanc
791 387 879 428 thesim
893 397 987 438 negare,
1003 386 1026 428 et

179 451 199 491 si
216 445 315 501 insuper
332 451 441 493 attendas
455 445 488 493 ‘ed
505 462 544 492 ees
560 450 725 499 restrictioncs,
745 462 805 501 quas
821 450 931 491 catholici
948 451 1025 502 Infre-

178 514 278 565 lapserii
293 521 315 554 el
330 514 456 555 Serbonici
469 515 560 566 faciunt
578 514 610 565 (n.
625 516 666 555 556
682 525 694 554 c
710 513 743 565 d).
803 516 806 520 ’

179 638 234 680 566.
271 639 299 682 V.
311 639 390 686 Ratio.
402 640 425 691 a)
438 640 502 680 Deus
512 637 605 688 potest
618 638 643 679 id
656 638 740 687 iecere,
755 638 819 689 quod
831 638 856 678 in
870 638 931 679 thesi
944 637 1025 680 statui-

178 702 224 742 tur.
245 703 307 743 Nam
325 703 452 753 antequem
471 700 577 742 absolute
596 702 702 742 decernit
719 701 827 751 aliquam
844 701 954 752 gratiam,
975 702 1023 743 iam

141 770 144 774 ’
177 765 339 816 infallibiliter
349 765 393 805 scil
406 765 463 817 (sive
475 764 542 805 iuxta
552 760 717 805 Bannezianos
728 776 757 805 ex
769 766 856 806 natura
868 764 923 805 talis
934 764 1024 816 gratiae

179 829 228 870 sive
243 830 310 870 iuxta
324 829 459 869 Molinistas
474 839 503 868 ex
516 828 624 878 praeviso
640 827 727 868 effectu
743 827 906 868 condicionate
923 827 1022 879 tuturo),
1077 879 1078 882 Ἰ

178 893 261 933 utrum
285 892 331 932 ista
353 891 430 942 gratia
454 891 582 932 inductura
600 890 631 932 eit
649 901 791 931 consensum
816 902 898 932 necue.
925 892 1024 942 Semper

177 955 257 995 autem
270 955 319 994 Dee
331 960 425 1004 praeno
438 960 495 994 eunt
506 954 584 995 multa
597 954 688 995 auxilia
699 954 748 995 tam
761 954 864 996 efficacia
877 966 951 1006 quam
964 955 1023 995 inet-

177 1020 269 1067 iicacia,
290 1019 314 1059 et
333 1019 430 1070 quidem
449 1018 528 1069 quoad
547 1027 644 1058 omnem
664 1017 810 1058 voluntatem
831 1017 935 1058 creatam
955 1018 979 1059 et
997 1017 1024 1057 in

176 1082 294 1122 omnibus¹
307 1080 498 1129 circumstantiis,
517 1080 580 1120 iuter
596 1091 658 1131 quae
674 1080 765 1121 auxilia
781 1081 856 1121 litere
874 1081 959 1132 eligere
974 1081 1022 1122 Deo

177 1144 232 1185 licet
252 1144 291 1196 (ct.
309 1155 333 1184 n.
352 1145 411 1195 till).
430 1169 461 1175 -
479 1143 503 1195 h}
524 1144 589 1184 Deus
606 1144 690 1184 debet
708 1142 741 1184 ita
760 1143 895 1194 procedere;
921 1154 980 1184 narn
997 1143 1022 1183 in

175 1208 259 1248 ordine
280 1219 336 1247 oum
356 1207 460 1247 naturali
478 1207 529 1247 turn
549 1205 725 1257 supernaturali
747 1207 828 1247 omnia
848 1206 1022 1258 sapientissime

175 1271 292 1322 providet.
307 1271 369 1321 Ergo
382 1281 459 1321 neque
474 1281 540 1310 caece
553 1281 629 1321 neque
643 1270 810 1320 indifferenter
825 1270 931 1312 decernit
944 1269 1022 1311 distri-

175 1334 300 1374 butionem
311 1333 450 1383 gratiarum,
464 1344 523 1384 quae
535 1344 578 1383 pro
590 1332 699 1374 libertate
709 1333 803 1374 arbitrii
816 1332 888 1374 creati
899 1334 941 1374 aut
951 1333 1022 1375 habe-

176 1396 238 1437 bunt
251 1397 293 1437 eut
307 1407 355 1436 non
367 1396 490 1437 nabebunt
504 1396 618 1436 effectum
633 1395 762 1436 salutarem
777 1396 800 1437 et
815 1407 844 1436 ex
858 1407 961 1448 quorum
976 1407 1023 1436 usu

176 1460 283 1500 abusuve
301 1458 418 1509 dependet
436 1459 500 1498 salus
517 1458 541 1499 et
559 1458 669 1499 interitus
687 1459 851 1500 creaturarum
868 1458 1021 1499 rationalium

125 1543 130 1551 ·
177 1524 216 1575 (ci.
230 1534 253 1563 n.
265 1523 325 1574 elo).
336 1548 368 1554 -
378 1523 399 1573 o)
412 1523 477 1562 Deus
486 1522 505 1563 si
517 1522 643 1574 praeeligit
653 1522 771 1563 auxilium
783 1521 944 1564 infallibiliter
954 1533 1021 1572 prae-

175 1586 254 1627 visum
274 1585 363 1633 efficax,
381 1586 461 1625 maius
485 1584 508 1626 et
534 1585 692 1634 specialius
713 1585 892 1626 beneficium
918 1584 1022 1635 gratuite

175 1649 273 1697 confert,
291 1660 365 1699 qiiam
381 1650 400 1689 si
416 1648 525 1698 elegisset
540 1647 658 1688 auxilium
676 1647 722 1699 ipsi
739 1648 823 1688 notum
840 1659 889 1698 qua
904 1647 1018 1704 inefficax.

174 1711 255 1752 Maius
265 1712 289 1752 et
300 1711 426 1761 specialius
438 1711 464 1751 in
477 1712 520 1751 hoc
533 1722 589 1751 casu
601 1711 646 1752 erit
664 1711 686 1762 a)
700 1711 845 1752 beneficium
859 1711 1019 1759 materiale,

175 1775 232 1826 quia
243 1775 335 1815 donum
343 1773 501 1825 praeelectum
513 1775 611 1815 neuterio
624 1781 658 1814 esi
670 1775 765 1815 valoris.
779 1774 879 1815 Etiamsi
892 1775 1021 1826 aliquando
1067 1772 1073 1775 “

173 1837 271 1889 physice
287 1837 323 1878 est
337 1837 435 1888 ecquale
450 1838 488 1877 vel
503 1837 583 1877 rninus
600 1850 674 1894 quam
688 1837 806 1878 auxilium
822 1838 930 1879 inefficax
947 1838 1020 1890 (quod

174 1901 251 1952 potest
272 1901 385 1949 accidere,
409 1902 467 1953 quia
487 1900 591 1941 liberum
613 1900 740 1941 arbitrium
762 1900 891 1952 aliquande
915 1900 1020 1942 suasioni

174 1964 266 2005 fortiori
279 1964 367 2005 resistit
378 1964 402 2005 et
413 1963 542 2004 remissiori
555 1962 711 2015 obsequitur),
723 1963 803 2004 tamen
815 1965 842 2004 in
853 1965 941 2005 morali
953 1965 1019 2004 eecli

174 2027 277 2067 melione
298 2026 516 2078 incomparabiliter
536 2026 593 2077 plue
612 2025 674 2067 valet
695 2037 767 2076 quern
788 2026 855 2068 aliud
874 2027 1019 2068 beneficium

174 2090 329 2141 quantumvis
342 2090 368 2129 in
382 2101 405 2130 se
419 2101 534 2140 magnum
549 2088 586 2129 ve]
601 2088 673 2129 etiam
687 2087 773 2138 maius,
789 2091 853 2140 quod
867 2090 947 2130 tenren
961 2089 1019 2130 ecci-

173 2153 248 2203 pienti
261 2153 289 2193 de
304 2153 366 2193 iacto
379 2152 479 2193 nocebit.
494 2178 525 2183 —-
544 2152 566 2205 fil
583 2152 661 2193 Etiam
676 2152 802 2202 specialius
816 2154 861 2193 erit
874 2153 1027 2205 heneficium

173 2215 306 2255 formale.
322 2215 386 2255 Deus
398 2215 463 2255 enim
477 2214 608 2265 generatim
622 2213 703 2255 omnia
718 2215 809 2255 auxilia
823 2215 914 2256 confert
929 2227 957 2256 cn
973 2211 1028 2256 sinss

174 2289 227 2318 cera
239 2278 367 2326 uoluntate,
380 2278 408 2318 ut
417 2278 510 2328 prosint
522 2279 554 2329 (v.
567 2289 590 2318 n.
604 2281 652 2326 552,
665 2278 697 2328 2);
710 2278 766 2318 hine
780 2279 799 2318 si
811 2280 918 2328 praeviso
931 2279 1019 2320 effectu

174 2342 272 2383 salutari
288 2341 394 2382 absolute
412 2340 517 2381 decernit
534 2339 605 2383 telem
623 2341 733 2393 gratiam,
752 2341 825 2382 habet
841 2353 867 2383 eo
885 2342 936 2392 ipso
953 2344 1018 2383 abso-

172 2405 248 2445 lnleni
265 2405 413 2445 volantatem
430 2405 563 2456 beneficam
579 2405 685 2445 donandi
701 2404 766 2445 hunc
783 2404 863 2445 actum
881 2405 1016 2453 salutarem,
1082 2457 1088 2461 ,Α

173 2480 247 2519 quarn
264 2479 312 2508 non
330 2467 402 2509 habet
419 2468 445 2507 in
463 2468 612 2508 decernenda
629 2467 705 2518 gratie
724 2479 783 2517 pure
801 2468 936 2509 sufficiente.
956 2470 1017 2519 Ergo

171 2532 231 2573 ratio
246 2531 355 2583 specialis
368 2531 479 2571 beneficii
494 2531 616 2579 servatur,
625 2530 717 2571 etiamsi
732 2530 796 2571 Deus
806 2543 856 2571 nen
869 2533 975 2582 praecise
990 2543 1017 2572 en

171 2595 268 2645 praeuia
288 2601 353 2634 ecles
373 2594 482 2634 saluteris
502 2594 610 2634 absolute
629 2594 828 2645 praedefinitione
846 2595 971 2636 moveatur
986 2596 1017 2636 ad

171 2657 306 2707 eligendam
318 2657 419 2708 gretiam
430 2655 548 2697 efficacem
559 2668 606 2715 qna
618 2656 741 2706 efficerem
754 2658 779 2708 (1.
792 2668 812 2697 e.
826 2657 934 2698 servatur
945 2657 1018 2699 etiam

172 2720 198 2758 in
209 2731 269 2770 puro
284 2719 431 2768 tricliniaria
446 2720 476 2759 oi.
492 2721 532 2760 543
547 2719 605 2769 554).

240 2805 275 2844 Ex
294 2805 363 2845 dictis
382 2804 468 2845 elucet:
491 2805 513 2855 a)
533 2803 611 2845 Etiam
630 2805 659 2844 in
679 2804 778 2845 ordine
799 2804 1017 2855 supralapsario

172 2867 242 2908 etin
257 2868 332 2907 omni
347 2867 447 2908 ordine
465 2868 494 2918 (v.
512 2879 534 2917 g.
551 2868 649 2908 naturae
664 2868 746 2919 purae)
763 2867 861 2917 auxilia,
879 2880 939 2919 quae
953 2871 1018 2910 Deus

171 2931 201 2971 ad
220 2930 386 2980 attingendum
405 2930 480 2971 tinem
495 2930 610 2970 ultimum
627 2931 741 2979 concedit,
760 2942 804 2981 per
821 2931 873 2971 eius
889 2933 1017 2982 praevisio-

171 3004 227 3034 nem
244 2993 267 3034 et
283 2992 420 3033 electionem
437 2994 486 3034 iarn
503 2995 530 3033 in
548 2999 601 3033 aelii
619 2995 696 3045 priino
716 2995 896 3045 distinguentur
914 2995 939 3035 in
958 3007 1017 3046 pure
