2214 3350
197 232 233 269 516
355 235 409 271 sect.
423 234 448 269 V.
462 234 508 270 Art.
524 210 552 271 Il.
567 235 690 281 Explicatis
702 236 789 280 gratiae
802 235 896 273 efficacis

196 340 279 381 tielia²
295 342 408 393 Vorquer,
423 342 576 404 Praepositae
589 344 629 395 (Le
641 344 756 395 Prevostl
771 345 886 394 Berones,
900 346 934 386 De
948 346 1045 396 Hortor„

196 404 316 453 Petreius,
330 405 385 445 Ant.
399 405 479 455 Peren,
493 406 642 455 Hounoldas,
658 407 725 449 Ullco
739 407 763 449 et
775 407 846 450 hodie
861 420 935 459 paene
949 420 1039 458 ornnes,

196 466 238 518 qui
263 467 386 509 scientiam
409 469 524 531 mediam¹
539 469 675 512 admittunt.
699 470 765 512 Inter
788 471 929 514 recentiores
951 474 1042 515 eminet

135 565 137 568 ,
197 529 331 571 Fronretin.

197 638 253 681 650.
286 638 393 676 Nonnulli
409 638 485 674 tamen
502 644 603 682 expresse
620 634 699 670 notant
715 643 766 670 cum
783 633 824 669 hoc
841 618 960 678 systemate
976 640 1040 678 posse

198 692 265 734 stare,
280 691 339 736 quod
350 692 409 726 Deus
422 697 503 724 unum
517 688 665 724 alterumve
678 685 791 722 hominem
804 684 997 721 antecedenter
1012 685 1042 721 ad

197 743 293 787 gloriam
309 742 407 778 absolute
422 739 628 786 praedestinaverit,
646 740 666 774 et
681 748 695 774 a
709 737 804 781 fortiori,
821 738 879 782 quod
893 736 1040 771 nonnullos
1102 754 1106 773 s

197 795 275 831 aetus
290 795 373 829 bonos
389 791 544 827 formaliter
560 790 791 836 praedefiniverit
808 799 848 826 seu
865 788 975 834 quasdam
992 796 1041 832 gra·
1106 816 1107 819 ,

197 846 242 882 tias
256 844 360 886 efficaces,
374 844 473 890 praecise
488 843 552 888 quia
566 842 618 878 sunt
632 842 735 884 efficaces,
750 841 845 886 elegerit.
861 840 966 885 *cogitant
978 849 1042 887 prae·
1100 844 1107 850 '¹

197 898 275 933 sertim
291 897 318 932 de
334 897 363 932 iis
378 896 458 941 gratiis
481 893 612 938 efficacibus
631 902 687 939 quae
711 893 827 937 suffragiis
851 891 983 929 Sanctorum
1006 892 1041 927 vel
1103 892 1106 894 ⁴

196 950 265 985 etiam
276 949 372 994 propriis
383 946 469 983 meritis
482 947 508 982 de
520 955 617 991 congruo
629 947 650 982 et
661 946 758 992 propriis
768 946 871 992 precibus
883 943 1040 990 impetrantem
1101 952 1107 974 ι

195 1009 263 1046 porro
275 1000 301 1036 de
314 1000 342 1035 iis
354 999 446 1041 actibus,
461 999 552 1044 qui'pro
564 999 620 1033 bono
634 998 746 1033 communi
757 997 827 1033 totius
839 997 949 1033 Ecclesiae
962 996 1040 1041 magni
1099 998 1106 1025 .’

196 1052 250 1088 sunt
266 1051 377 1093 momenti,
395 1051 420 1086 ut
436 1059 455 1086 v.
471 1060 491 1095 g.
509 1051 613 1096 inopere
629 1049 794 1095 redemptionis,
812 1048 952 1085 institutione
968 1047 1042 1084 Eccle-

196 1104 250 1148 siae,
268 1103 382 1139 vocatione
400 1102 557 1148 apostolorum,
577 1101 742 1147 praedicatione
760 1100 870 1145 evangelii
888 1099 1039 1141 occurrerunt;
1096 1099 1106 1147 sp

196 1156 293 1191 maxime
307 1154 381 1191 autem
394 1154 434 1190 hoc
448 1153 508 1189 valet
522 1154 548 1190 de
561 1153 640 1198 gratiis
655 1153 742 1190 Christo
756 1154 849 1190 Domino
861 1153 884 1189 'et
897 1152 1041 1188 beatissimae
1101 1186 1105 1192 ,,

196 1207 264 1242 Matri
279 1207 326 1242 eius
342 1205 520 1252 praedestinatis.

259 1269 354 1313 Quidam
368 1268 502 1312 Molinistae‚
517 1268 576 1303 inter
588 1277 642 1312 quos
657 1267 717 1312 lltoo,
735 1267 814 1311 Plotet,
829 1264 905 1302 Kilber
920 1265 1040 1313 (Wirceb.)‚

196 1319 322 1365 Soraeque,
340 1321 380 1356 hoc
397 1320 511 1357 statuunt:
535 1320 594 1355 Deus
616 1318 701 1364 gratias
724 1317 822 1354 efficaces
846 1317 925 1354 saltem
948 1317 1041 1353 eatenus

197 1371 266 1417 eligit,
286 1372 349 1416 quia
366 1373 418 1407 sunt
436 1370 541 1415 efficaces,
558 1371 667 1416 quatenus
685 1379 773 1416 semper
794 1371 869 1405 intra
891 1370 1041 1405 limitatum
1105 1381 1107 1385 ’

197 1417 337 1458 numerum
362 1423 537 1466 auxiliorum,
564 1422 610 1458 sive
629 1422 737 1457 maiorem
756 1422 802 1458 sive
820 1421 934 1465 minorem,
957 1423 976 1457 si
996 1429 1041 1466 qua
1103 1444 1105 1446 v

197 1475 257 1510 videt
273 1475 319 1510 iore
335 1474 463 1519 inefficacia,
481 1474 576 1519 exquirit
591 1474 637 1510 alia
653 1473 751 1510 efficacia
768 1482 843 1518 eaque⁷
861 1474 880 1509 si
895 1472 956 1510 intra
972 1473 1041 1509 istum
1098 1471 1106 1493 ¹

196 1535 315 1562 numerum
329 1526 480 1568 inveniuntur,
506 1535 583 1562 revera
607 1526 704 1561 decernit
731 1527 757 1571 (v.
776 1526 824 1562 Ber.
845 1524 954 1570 (ild-638).
980 1525 1040 1560 Haec
1093 1519 1106 1576 J}

196 1578 308 1613 sententia
322 1578 409 1614 videtur
423 1578 519 1613 maxime
535 1587 560 1613 eo
576 1577 667 1613 consilio
683 1577 808 1621 excogitata
822 1586 875 1621 esse,
891 1578 917 1613 ut
933 1576 1040 1619 decreto

196 1629 350 1674 Aquavivae
371 1629 398 1675 (r.
418 1639 438 1664 n.
459 1629 502 1676 657)
523 1629 664 1675 aliquatenus
683 1629 787 1666 satisfiat.
807 1630 838 1665 lix
858 1629 934 1665 eodem
954 1629 1040 1665 decreto

196 1680 333 1725 intellegitur
340 1695 343 1718 :

196 1788 251 1831 etl.
288 1788 330 1830 111.
349 1789 460 1842 systema
478 1788 627 1841 Congruismi
643 1788 754 1840 mitigati,
773 1790 814 1841 qui
831 1788 956 1830 formalem
972 1798 1039 1842 prae=

196 1851 358 1894 definitionem
376 1853 486 1893 omniurn
505 1852 601 1892 actuum
620 1852 738 1892 bonorum
758 1852 825 1893 docet
841 1852 866 1893 et
881 1851 1040 1892 nihilominus

195 1914 437 1968 praedestinationem
449 1915 479 1956 ad
491 1914 590 1967 gloriam
598 1915 652 1968 post
659 1914 768 1967 praevisa
775 1914 860 1956 merita
871 1915 972 1956 retinere
979 1913 1038 1955 vult.
1062 1907 1063 1911 ’

197 1977 334 2019 Secundum
346 1979 408 2018 hanc
421 1977 562 2019 sententiam
574 1977 666 2029 prima
677 1979 721 2018 Dei
734 1977 842 2019 absoluta
854 1976 977 2018 intentio
992 1988 1039 2018 non

195 2040 273 2081 fertur
282 2040 307 2080 in
318 2040 490 2082 beatitudinem
501 2040 637 2090 electorum,
649 2041 690 2081 sed
701 2041 731 2081 in
743 2039 949 2082 determinatos
960 2039 1040 2082 actus

196 2103 285 2144 honos
303 2103 514 2144 determinatorum
532 2103 657 2151 viatorum,
676 2103 766 2154 quihus
780 2103 872 2145 actibus
889 2104 953 2145 Deus
969 2103 1039 2155 glori-

197 2166 289 2206 licetur.
306 2166 481 2216 Consequenter
493 2166 524 2206 ed
537 2166 581 2206 hoc
593 2166 700 2216 primum
714 2166 834 2206 decretum
847 2168 918 2215 Deus,
933 2166 961 2207 ut
974 2167 1040 2207 actus
1085 2157 1106 2216 fg}

197 2228 246 2268 iarn
260 2228 412 2278 praedefinili
427 2227 588 2267 infallibiliter
601 2227 668 2276 fiant,
685 2227 752 2277 eligit
765 2229 860 2279 arctius,
875 2240 936 2279 quas
948 2229 1039 2280 praevi·

197 2290 233 2330 dit
248 2291 299 2331 tore
312 2289 421 2338 effic-aces,
440 2290 499 2330 alias
517 2289 597 2340 (idque
613 2301 661 2331 non
678 2289 756 2331 solum
773 2290 836 2332 intra
851 2292 942 2333 certum
957 2303 1039 2332 nume-
1085 2282 1107 2341 {545

196 2363 258 2401 rum,
268 2353 308 2394 sed
315 2353 340 2393 in
347 2352 511 2404 indefinitum)
523 2351 646 2401 electurus
659 2353 678 2394 ei
689 2354 733 2395 hes
742 2353 833 2395 videret
841 2354 891 2396 iore
901 2355 1038 2397 inefficaces,
1085 2344 1107 2406 ⁴115}

124 2440 126 2443 -
198 2415 302 2457 Gloriam
318 2415 397 2457 eutem
413 2415 537 2457 caelestem
552 2416 674 2467 tamquam
688 2416 824 2467 proemium
839 2412 937 2459 actuum
953 2419 1039 2459 forma-

197 2479 252 2520 liter
265 2478 478 2529 praedefinitorum
493 2478 654 2539 praedestinat
670 2480 709 2532 (ct.
723 2480 757 2519 De
773 2480 898 2522 Scorrollle
914 2482 924 2522 I
939 2494 963 2533 p.
979 2482 1037 2532 356).

196 2582 257 2640 hant,
273 2597 368 2632 ostendit
381 2597 461 2633 iisdem
475 2597 575 2641 aliquam
589 2597 754 2633 antecedentem
769 2598 996 2643 praedestinationem
1011 2599 1040 2635 ad

197 2642 293 2695 gloriam
305 2643 329 2678 in
343 2642 420 2679 ordine
433 2642 564 2696 intentionis
575 2644 644 2697 tuisse
657 2644 759 2688 ignotam
775 2644 795 2689 (l.
812 2643 1040 2699 0-,19652-4-,M0n0-
1082 2653 1100 2690 ’ς-

197 2688 1040 2786 ttritelatitantemillmrestituanttta:

197 2777 337 2824 n111883),in
346 2788 391 2825 qua
399 2779 476 2815 multis
487 2780 624 2825 argumentis
634 2781 800 2818 demonstratur
810 2781 966 2818 auctoritatem
976 2781 1040 2826 Aqui-

160 2859 162 2861 ,
197 2824 257 2860 natis
271 2826 329 2861 stare
342 2834 382 2871 pro
396 2826 599 2871 praedestinatione
612 2827 641 2863 ad
654 2826 750 2872 gloriam
762 2828 822 2872 post
835 2829 939 2873 praevisa
952 2829 1036 2864 merita.
1081 2826 1102 2864 ³3:³2³

259 2888 266 2909 1
284 2888 427 2924 Differentiae
445 2888 538 2924 minoris
555 2889 660 2925 momenti
679 2889 704 2925 ln
720 2889 820 2926 doctrina
837 2886 997 2927 nonnullorum
1015 2900 1040 2926 ex

197 2933 233 2968 his
246 2932 354 2978 theologis
366 2943 385 2969 v.
403 2934 463 2979 apud
477 2935 500 2969 A.
518 2934 587 2970 d‘Alds
601 2935 614 2970 1.
631 2945 657 2978 c.;
673 2934 725 2971 ibid.
741 2946 760 2971 v,
777 2936 845 2971 etiam
856 2937 967 2980 quasdam
981 2936 1040 2972 difie-

197 2979 281 3014 rentias
293 2980 351 3015 inter
364 2979 461 3015 asseclas
473 2980 586 3025 oppositae
599 2980 728 3022 sententiae,
743 2982 874 3026 praesertim
887 2983 946 3018 inter
957 2983 1040 3018 Bellor-
1080 3011 1081 3018 ,

197 3025 283 3060 minime
297 3028 318 3060 et
332 3025 420 3061 suarez.

1079 2867 1107 2884 ,gu

1080 2924 1107 3009 wi
