2214 3350
273 206 351 249 Thesis
366 213 383 250 9.
401 214 464 248 Dona
481 183 611 258 simpliciter
628 200 810 256 supernaturalia
932 208 967 245 197

118 321 168 362 vita
181 320 269 371 dignus
281 320 311 362 lit
323 322 396 362 homo
408 331 452 371 per
464 319 566 371 gratiam
581 317 795 370 supernaturalem.
812 335 822 354 a
830 318 865 358 Ex
879 317 966 358 natura

118 384 198 425 autem
213 394 256 423 sua
270 384 342 424 homo
356 395 404 423 non
419 384 554 434 ositiones
571 381 636 422 tanto
649 382 720 429 hono,
737 391 792 421 curn
807 376 965 431 5115111111-

118 445 202 488 turale.
211 463 221 482 >1
242 460 273 477 -ε
290 458 312 486 a.
333 450 347 487 2
366 446 530 496 analogiam
549 444 725 495 principiorum
744 442 806 483 vitae
826 443 965 493 supernatu-

144 509 175 549 lis
190 520 247 557 curn
260 509 384 561 principiis
399 509 461 551 vitae
477 507 594 549 naturalis
609 506 719 548 ostendit.
737 507 764 546 Iu
780 504 965 546 naturalibus

117 571 273 623 distinguitur
285 578 372 613 notura
384 570 563 623 proportionata
577 571 608 611 ad
622 569 727 620 aliquem
742 569 826 617 linem,
841 568 964 609 inclinatio

117 635 217 676 naturae
232 635 258 675 in
273 636 338 676 hunc
355 635 429 676 tinem
444 646 489 686 per
504 633 637 685 appetitum
653 632 788 673 naturalem
804 632 829 692 et
843 638 922 672 nrotns
938 633 965 671 in

117 699 193 738 finem
209 708 252 748 per
268 698 429 748 operationem
446 698 535 738 viriani
552 696 707 737 naturalium.
727 695 766 737 Sic
784 690 965 745 1115111111-

116 760 206 802 turali
224 758 307 801 ordine
326 772 375 801 non
394 760 472 800 solum
492 760 562 801 debet
581 770 631 800 esse
649 757 754 809 operatio
765 757 965 814 ,supernaturalis

89 861 94 870 ,
116 822 557 875 11111111111111515111111111111
573 821 674 863 aitectus
690 822 715 862 in
732 815 807 862 finem
825 820 964 871 supernatu-

116 886 191 927 ralem
206 897 249 937 per
264 887 387 926 ceritatem
401 885 515 934 infusam,
533 887 574 927 sed
590 885 661 926 etiam
679 884 796 935 «oportet,
814 885 878 934 quod
894 884 965 925 detur

116 948 262 997 homini...
282 960 325 1000 per
342 949 405 1000 quod
429 947 483 1000 ipsa
505 948 634 989 natura...
654 948 760 989 elevetur
784 948 815 988 ad
841 947 962 998 quandam

116 1011 264 1062 dignitatem,
280 1012 411 1052 secundum
425 1022 499 1062 quam
513 1010 568 1052 talis
583 1008 640 1051 finis
655 1011 685 1051 sit
699 1011 720 1052 ei
735 1009 878 1060 competens,
895 1011 917 1051 et
931 1010 962 1050 ad

116 1075 160 1116 hoc
177 1075 249 1116 datur
264 1074 368 1125 pretio».
384 1094 416 1105 a
432 1073 457 1115 S.
476 1074 510 1123 tu,
528 1078 539 1114 1
557 1086 581 1125 q.
599 1077 626 1115 62
642 1086 663 1114 a.
682 1077 706 1114 1;
729 1073 794 1114 «Sed
812 1084 884 1124 super
900 1074 962 1115 hano

116 1138 253 1179 felicitatem
266 1137 301 1178 est
313 1137 362 1177 alia
374 1137 482 1185 felicitas,
497 1148 571 1188 quam
584 1138 610 1177 in
623 1135 703 1176 futuro
717 1136 889 1187 exspectamus,
905 1136 963 1186 quia

115 1201 252 1242 videbimus
267 1211 330 1249 eum,
350 1200 419 1241 sicuti
434 1200 478 1248 est,
496 1201 560 1250 quod
578 1199 676 1250 quidem
693 1199 728 1240 est
745 1210 819 1249 supra
836 1198 964 1251 cuiuslibet

115 1263 249 1304 intellectus
260 1263 332 1303 creati
344 1263 463 1303 naturam.
472 1280 482 1299 n
495 1288 527 1293 -
538 1265 558 1311 1,
570 1265 585 1302 2
596 1274 619 1313 q.
632 1265 659 1303 62
671 1274 692 1303 a.
706 1264 717 1302 1
729 1261 818 1302 iterum
830 1262 859 1302 de
872 1261 962 1312 duplici

115 1325 262 1367 heatitudine
273 1325 386 1377 loquitur.
398 1351 430 1356 -
440 1337 463 1377 q.
477 1327 516 1366 111
528 1337 549 1366 a.
563 1328 574 1366 1
587 1327 617 1366 ad
628 1328 654 1365 2:
668 1325 763 1376 Duplex
774 1325 810 1366 est
821 1324 961 1374 debitum,

115 1400 143 1429 ca
159 1390 244 1429 rnerito
261 1389 285 1430 et
300 1385 433 1429 secundam
450 1387 616 1436 condicionem
631 1393 738 1428 naturae.
757 1388 826 1429 Dona
843 1388 963 1429 naturalia

114 1451 195 1492 carent
208 1451 286 1502 priore
300 1451 387 1492 debito.
405 1469 415 1488 «
424 1451 470 1492 Sed
485 1451 548 1492 dona
561 1450 753 1502 supernaturalia
766 1456 868 1502 utroque
882 1450 963 1492 debito

115 1515 202 1563 carent,
219 1514 243 1555 et
258 1514 312 1554 ideo
328 1513 455 1565 specialius
472 1513 519 1554 sibi
534 1525 622 1554 nomen
638 1513 730 1564 gratiae
745 1511 914 1554 vindicant.›=²
931 1539 963 1545 -—

114 1588 136 1627 q.
149 1579 220 1617 1121.
233 1579 258 1617 1:
275 1577 388 1616 «Donum
399 1575 490 1626 gratiae
500 1575 593 1617 excedit
603 1587 698 1617 ornnem
711 1576 850 1617 facultatem
862 1577 962 1618 naturae

114 1639 212 1687 creatae,
229 1649 284 1679 cum
300 1639 362 1678 nihil
378 1639 444 1679 aliud
461 1639 493 1679 sit
508 1650 581 1689 quam
598 1640 716 1690 quaedam
732 1640 883 1690 participatio
901 1640 961 1680 diei-

113 1711 158 1741 111
170 1706 276 1749 naturae,
292 1712 354 1752 quae
366 1700 458 1741 excedit
471 1712 567 1742 omnem
582 1702 655 1742 aliam
668 1702 825 1742 naturam...
842 1702 881 1743 Sic
894 1701 960 1743 enim

114 1773 206 1803 necesse
222 1763 264 1810 est,
281 1763 345 1814 quod
361 1762 425 1803 solus
439 1764 504 1804 Deus
519 1762 641 1805 deificet.»
657 1790 689 1795 -
704 1775 726 1814 q.
745 1767 785 1806 114
801 1776 823 1805 a.
840 1766 865 1805 2:
887 1764 960 1806 «Vita

113 1824 192 1865 autem
210 1825 305 1866 aeterna
324 1826 360 1867 est
377 1826 499 1877 quoddam
523 1826 614 1867 honum
640 1826 754 1867 excedens
778 1828 960 1878 proportionem

113 1887 211 1928 naturae
223 1888 322 1936 creatae,
338 1887 395 1939 quia
408 1888 480 1929 etiarn
496 1889 588 1930 excedit
602 1889 761 1939 copnitionern
775 1896 798 1930 et
813 1890 960 1931 desideriunt

112 1951 165 1992 eius
177 1951 309 1991 secundum
322 1951 385 1991 illud
399 1954 409 1991 1
425 1951 471 1992 Gor
482 1954 503 2000 2,
518 1954 538 1991 9.
548 1969 558 1987 >³
572 1978 605 1983 -
618 1952 653 1992 (li.
668 1964 691 2004 q.
706 1955 747 1993 110
760 1964 781 1993 a.
796 1955 817 1993 3.

113 2075 167 2116 284.
204 2076 257 2116 Non
270 2086 321 2116 esse
335 2076 443 2117 debiturn
457 2076 589 2127 exigentiae
605 2078 683 2128 quoad
698 2077 814 2119 visionem
830 2079 873 2119 Dei
887 2078 960 2120 etiam

113 2138 188 2179 elucet
201 2150 230 2178 ex
244 2138 372 2190 Aquinatis
386 2139 494 2180 doctrina
509 2139 538 2181 de
552 2139 629 2181 statu
644 2151 798 2192 puerorum
813 2141 843 2181 in
858 2141 958 2183 limbo.

112 2201 140 2241 In
153 2203 167 2241 2
181 2202 203 2242 d.
219 2204 246 2242 33
261 2213 283 2253 q.
298 2205 312 2243 2
326 2214 347 2243 a.
363 2205 388 2243 2:
406 2202 511 2258 Adultus
524 2202 601 2254 potest
614 2214 639 2244 51
653 2214 797 2254 praeparare
811 2204 842 2245 ad
857 2204 959 2256 gratiam

112 2264 134 2304 et
144 2263 188 2304 hoo
200 2275 270 2304 sensu
282 2264 317 2305 est
329 2281 340 2301 «
348 2264 541 2316 proportionatae
552 2266 584 2307 ad
595 2266 670 2307 vitam
682 2267 804 2308 aeternam
816 2277 959 2318 consequen-

112 2326 196 2375 dam»;
213 2327 269 2367 hinc
286 2328 306 2368 si
323 2339 377 2368 eam
393 2327 488 2376 amittit,
507 2327 629 2370 maximus
644 2330 680 2371 est
696 2329 770 2370 dolor.
788 2330 861 2371 Pueri
878 2331 959 2373 autem

82 2444 84 2447 ἱ
112 2399 236 2440 nunquam
250 2390 349 2431 fuerunt
360 2390 532 2442 proportionati
545 2392 576 2432 ad
590 2392 725 2434 habendam
739 2392 814 2434 vitam
828 2393 957 2443 aeternam,

114 2468 123 2487 «
131 2452 188 2503 quia
205 2463 248 2493 nec
265 2451 300 2493 115
316 2453 448 2494 debebatur
464 2465 494 2494 ex
512 2453 639 2506 principiis
655 2455 798 2496 naturae...
824 2467 867 2497 nec
881 2457 960 2498 actus

111 2515 220 2565 proprios
234 2515 322 2556 hahere
338 2515 480 2567 potuerunt.
491 2548 495 2556 .
506 2548 526 2565 .,
542 2518 567 2558 et
582 2518 635 2558 ideo
650 2518 714 2559 nihii
729 2518 827 2559 omnino
844 2519 959 2560 dolebunt

112 2577 140 2617 de
156 2577 262 2619 carentia
277 2576 377 2619 visionis
393 2578 496 2627 divinae,
515 2579 592 2621 immo
608 2582 683 2631 moris
700 2581 841 2632 pendebunt
858 2582 888 2623 de
904 2582 957 2632 hoc,

111 2640 174 2689 quod
189 2640 367 2691 participabunt
382 2640 486 2682 multum
503 2641 531 2683 de
548 2641 630 2684 divina
646 2643 750 2684 bonitate
766 2645 792 2684 in
808 2644 958 2696 perfectioni-

172 2776 179 2797 1
194 2775 245 2812 erl
258 2785 277 2820 q.
286 2775 308 2812 21
322 2785 342 2811 a.
353 2775 399 2811 lad
411 2775 423 2811 3
435 2775 461 2810 de
473 2776 606 2821 conceptu
618 2776 703 2811 debiti
716 2776 737 2813 et
749 2775 868 2811 indebiti
881 2776 959 2812 natu-

110 2828 167 2857 rae:
189 2822 236 2856 «In
252 2822 342 2857 nomine
360 2820 427 2857 debiti
445 2821 581 2865 importatur
599 2822 691 2866 quidam
707 2821 762 2856 ordo
781 2821 905 2865 enipentioe
923 2822 959 2857 uel

111 2867 249 2902 necessitatis
265 2867 366 2909 alicuius,
384 2867 412 2903 ad
427 2867 485 2911 quod
501 2867 659 2904 ordinatur...
676 2868 779 2904 Debitum
795 2869 828 2904 est
844 2867 911 2904 alicui
926 2868 958 2904 rei

112 2912 205 2954 creatae,
223 2914 281 2957 quod
296 2912 378 2949 haheat
393 2913 422 2956 id,
440 2912 499 2957 quod
515 2913 544 2949 ad
559 2913 633 2958 ipsam
649 2914 772 2956 ordinatur,
791 2914 849 2950 sicut
865 2914 957 2956 homini,

111 2958 169 2999 quod
183 2959 264 2994 habeat
277 2968 359 2994 manus
373 2959 394 2994 et
407 2958 465 3003 quod
480 2959 500 2993 ei
514 2959 559 2994 alia
574 2960 683 2995 animalia
697 2960 801 2996 serviant.
813 2973 823 2993 »
839 2961 870 2996 De
884 2960 958 3005 poten-

111 3002 144 3039 tia
157 3004 313 3040 oboedientiali
327 3004 449 3040 seeundum
464 3004 590 3040 doctrinam
604 3005 624 3041 S.
641 3005 738 3042 Thomae
753 3014 772 3042 v.
788 3015 810 3041 n.
826 3004 868 3043 258.
935 3024 937 3026 ·
