2214 3350
376 345 509 398 SECTIO
529 343 673 403 QUINTA

496 540 550 598 DE

67 685 68 688 ’
99 673 277 746 uitauit
299 673 619 744 SUFFICIENTE
647 673 706 741 ET
732 670 945 740 efficaci

407 887 637 928 PRAENOTANDA

99 1011 154 1053 537.
192 1013 219 1052 ln
233 1013 278 1053 hac
292 1012 393 1052 sectione
407 1023 455 1051 non
468 1010 598 1051 attenditur
613 1011 644 1051 ad
659 1009 761 1060 gratiam
777 1008 883 1059 praecise
899 1022 947 1060 qua

100 1075 238 1123 elevantem,
253 1075 293 1115 sed
305 1075 390 1114 eadem
400 1074 499 1114 omuino
511 1073 596 1114 divisio
609 1074 663 1114 fieri
675 1074 753 1124 potest
764 1073 843 1123 quoad
855 1072 947 1112 auxilia

37 1184 38 1190 ¹
99 1138 220 1178 entitative
232 1137 358 1178 naturalia,
370 1138 406 1177 De
418 1136 481 1177 tacto
489 1147 545 1177 vero
557 1136 700 1186 respicimus
711 1137 741 1191 ad
752 1137 819 1176 actus
831 1134 946 1175 salutares

99 1200 122 1240 et
133 1200 304 1250 consequenter
315 1199 410 1250 agimus
422 1201 451 1240 de
463 1199 568 1247 auxiliis,
582 1210 642 1249 quae
656 1198 740 1239 saltem
752 1199 809 1239 sunt
821 1199 946 1238 coniuncta

69 1268 70 1271 ’
99 1274 156 1303 oum
171 1263 248 1314 gratia
263 1262 376 1303 elevante.
391 1263 444 1302 Non
459 1262 605 1302 attendimus
620 1262 650 1302 ad
666 1263 736 1311 vires,
753 1273 813 1313 quas
828 1261 906 1311 gratia
920 1263 946 1300 m

100 1331 154 1366 actu
165 1326 246 1377 primo
259 1325 356 1373 oehieri,
372 1325 413 1365 sed
427 1325 457 1365 ad
470 1336 543 1365 usum
555 1325 593 1364 vel
606 1336 738 1365 aon-usum
749 1324 839 1365 virium
852 1325 880 1364 m
893 1331 947 1365 octa

99 1389 210 1437 secumto,
227 1389 345 1439 quatenus
359 1400 415 1428 cum
431 1400 444 1428 a
458 1387 532 1428 libero
549 1387 647 1428 arbitrio
662 1388 714 1428 tum
730 1400 744 1428 a
758 1387 836 1437 gratia
850 1387 945 1438 pendet.
1019 1395 1021 1397 ·

99 1513 154 1555 538.
191 1515 208 1554 Ε
225 1513 249 1554 S.
266 1512 387 1570 Scriptura
402 1513 472 1554 facile
487 1514 545 1554 haec
559 1513 606 1553 duo
622 1513 798 1561 depromimus:
816 1513 838 1564 a)
856 1512 947 1554 Multae

99 1577 188 1627 gratiae
201 1588 231 1617 ex
247 1575 318 1627 culpa
338 1576 416 1616 malae
438 1575 569 1616 voluntatis
584 1587 632 1616 non
649 1575 731 1616 ierunt
752 1587 808 1616 eum
831 1576 945 1623 fructum,
1010 1598 1012 1602 ν

98 1650 172 1690 quem
181 1640 246 1679 Deus
256 1640 307 1679 iure
319 1639 454 1689 exspectare
465 1639 548 1690 potest.
561 1640 585 1690 h)
599 1639 763 1679 Nihilominus
775 1639 794 1679 si
807 1637 874 1679 actus
885 1639 947 1679 salu-

98 1703 157 1743 taris
171 1713 252 1753 reapse
267 1702 303 1750 iit,
319 1702 399 1752 ipsum
413 1701 474 1742 velle
489 1702 512 1742 et
524 1703 618 1751 operari
632 1702 729 1751 speciali
743 1703 786 1743 Dei
800 1702 909 1743 electioni
924 1702 948 1743 et

99 1765 278 1815 praedilectioni
296 1765 332 1806 est
348 1765 541 1805 adscribendum.
567 1766 628 1805 Ante
652 1765 677 1805 S.
698 1766 861 1816 Auqustimim
885 1765 909 1806 et
932 1776 946 1804 a

99 1827 210 1869 Patribus
224 1828 313 1879 macris
328 1828 442 1868 omnibus
455 1828 533 1878 magis
545 1827 603 1868 solet
616 1828 697 1877 urgeri
712 1827 778 1878 prior
792 1839 821 1868 ex
835 1827 875 1868 his
889 1827 947 1868 dua-

98 1892 145 1931 bus
157 1890 304 1937 veritatibus,
320 1891 336 1930 i.
352 1902 372 1931 e.
388 1890 507 1930 decisivus
520 1890 589 1930 liberi
604 1890 698 1931 arbitrii
712 1891 813 1931 humani
827 1891 944 1931 influxus.

98 1954 246 2004 stupeamus
260 1964 315 1993 vero
331 1964 386 1992 cum
403 1952 528 2003 discipulis
543 1953 658 1993 adversus
673 1953 815 2004 Pelagianos
829 1954 854 1994 et
869 1955 947 2005 magis

99 2018 213 2057 adversus
237 2015 441 2066 Semipelagianos
463 2014 585 2056 victricem
609 2015 699 2066 gratiae
722 2015 850 2058 efficaciam
875 2028 948 2068 super

98 2090 194 2119 omnem
210 2078 340 2119 voluntatis
356 2078 447 2119 creatae
465 2078 623 2119 resistentiam
642 2080 665 2119 et
681 2079 811 2132 vocationis
827 2091 946 2131 congruae

99 2142 200 2192 speciale
214 2140 359 2182 heneficium
377 2140 482 2182 maxime
499 2141 577 2182 ettert.
595 2168 627 2173 -
644 2141 786 2184 Scholastici
802 2143 877 2184 medii
894 2144 946 2185 aeri

98 2205 226 2255 utramque
242 2204 366 2244 veritatem
385 2203 526 2245 sufficienter
544 2204 664 2253 exhibent,
685 2206 726 2246 sed
744 2207 763 2246 si
782 2206 867 2246 ambas
884 2217 948 2247 com-

98 2277 185 2317 ponere
198 2266 300 2315 student,
315 2267 385 2307 facile
398 2266 512 2307 alterutra
524 2266 628 2307 laeditur
642 2268 785 2318 (Auselmas,
800 2269 945 2320 Beroaldus,

100 2330 202 2370 Thomas
218 2329 410 2380 Brodwmdme).
428 2330 541 2370 Nondum
558 2331 665 2372 statuunt
681 2331 791 2381 explicite
807 2333 870 2373 hanc
887 2333 948 2374 divi-

99 2392 189 2432 sionem
211 2392 324 2442 gratiael.
346 2417 379 2422 —-
401 2391 539 2433 Secundum
561 2391 729 2435 Protestantes
751 2393 830 2435 omnis
852 2396 946 2436 arbitrii

161 2523 168 2543 1
185 2522 206 2559 S.
224 2523 336 2558 Thomas
351 2522 472 2566 utrumque
487 2523 609 2559 terminum
623 2524 701 2562 hahet:
720 2526 741 2561 S.
761 2526 789 2561 th,
809 2524 826 2569 1,
844 2526 857 2562 2
873 2535 892 2570 q.
912 2526 948 2562 106

98 2577 117 2603 a¹
133 2567 146 2604 2
160 2567 188 2603 ad
201 2568 224 2605 2:
242 2569 304 2604 «Lex
317 2576 386 2603 nova.
396 2594 401 2602 .
410 2594 430 2609 .‚
447 2569 556 2612 quantum
571 2571 604 2605 est
618 2570 644 2606 de
659 2579 689 2613 se,
705 2570 820 2615 sufficiens
837 2572 947 2608 auxilium

63 2628 64 2631 ¹
99 2614 138 2650 dat
155 2614 184 2649 ad
200 2622 245 2649 non
261 2614 399 2659 peccandum
407 2623 426 2656 ιη
444 2615 472 2649 lu
488 2615 545 2650 Rom
562 2625 579 2652 c.
599 2616 610 2652 8
627 2616 675 2652 lect¹
695 2616 717 2653 ὃς
740 2618 787 2652 «Et
805 2617 874 2654 etiam
891 2618 948 2655 haec

98 2659 184 2696 vocatio
203 2660 236 2695 est
253 2660 332 2705 efficax
351 2659 376 2693 in
394 2660 574 2705 praedestinatis,
602 2662 655 2707 quia
680 2661 808 2699 huiusmodi
835 2665 946 2700 vocationi

99 2706 252 2742 assentiuntur
260 2715 280 2748 »3
295 2706 322 2741 In
336 2705 410 2740 Marta
425 2704 455 2748 26,
472 2706 507 2743 28:
527 2720 579 2743 «...
598 2709 617 2743 si
631 2708 784 2744 consideretur
800 2710 944 2754 sufficieutia,

99 2751 159 2797 »ipse
173 2752 206 2787 est
216 2750 345 2797 propitiatio
358 2751 508 2796 propeccatis
522 2753 633 2789 ...totius
646 2755 747 2798 mundae
761 2757 801 2792 sed
815 2757 835 2792 si
848 2756 948 2792 conside·

98 2806 173 2833 ramus
189 2798 296 2842 effectum,
312 2806 359 2832 non
373 2797 440 2832 hahet
454 2796 557 2834 eiiectum
571 2800 616 2835 nisi
630 2799 655 2835 in
670 2800 712 2842 his,
730 2802 768 2845 qui
784 2801 907 2846 salvantur,
925 2801 948 2837 et

98 2842 140 2878 hoc
159 2852 184 2878 ex
203 2842 269 2888 culpa
286 2843 428 2878 hominum».
450 2843 554 2880 Attamen
574 2846 594 2881 S.
616 2845 712 2881 Thomas
731 2846 829 2891 gratiam
846 2848 947 2884 nondum

98 2897 138 2932 per
150 2888 206 2924 haec
220 2889 263 2924 duo
276 2889 376 2924 membra
390 2888 475 2924 dividit.
490 2890 581 2926 Primus
595 2890 717 2935 theologus,
733 2902 799 2937 quem
814 2893 837 2929 G.
853 2894 948 2930 Schnee-

98 2942 168 2968 mmm
184 2934 291 2978 reontrov.
308 2944 327 2980 p.
342 2932 404 2978 318s)
419 2934 505 2970 invenit
518 2937 615 2980 gratiam
629 2937 662 2973 ita
676 2938 816 2984 dividentem,
833 2940 866 2974 est
879 2940 948 2975 Hen-
