2214 3350
218 127 219 130 ’
285 114 396 166 sanonum
411 129 428 164 a
444 129 474 163 oe
490 126 622 163 auctoritate
639 125 659 161 s.
676 123 796 168 Augustini
933 120 956 156 aa

112 237 313 279 Tridentinum
328 238 417 278 multas
432 235 548 287 formulas
565 235 588 274 S.
605 232 734 283 Augustini
749 232 774 271 in
790 231 911 271 decretum
927 231 957 270 de

112 300 281 345 iustificatione
295 299 432 351 assumpsit,
449 299 489 339 sed
506 303 582 337 totam
597 297 648 336 cios
663 297 768 345 systema
782 295 882 333 minime
898 294 956 343 desi-

111 364 179 403 nivit.
199 365 363 405 Protestantes
376 362 454 414 potius
474 361 552 402 dicere
572 359 648 400 solent
666 358 796 398 Ecclesiam
815 356 955 397 catholicam

112 426 137 465 in
151 427 195 467 hoo
210 426 310 468 concilio
324 424 447 480 definitive
461 425 491 464 ab
506 421 688 475 Augustinismo
702 422 727 461 in
742 420 819 461 castra
834 419 955 470 semipela-

112 489 184 539 giana
198 490 326 530 transiisse.

126 618 127 622 ,
154 581 155 584 ’
181 575 244 622 Baio,
266 569 374 616 lansenio
394 575 417 614 et
435 572 530 613 asseclis
550 583 632 612 eorum
653 569 801 620 Augustinus
820 570 875 618 plus
894 567 957 608 valet

111 649 185 688 quam
209 649 296 679 omnes
315 638 396 679 Patres
422 637 445 677 et
469 635 550 676 bullae
575 633 729 675 Pontificum.
757 633 799 673 Est
823 632 955 683 lansenio

114 700 207 740 «instar
225 701 334 741 omnium
343 706 362 748 »3
386 717 396 735 «
405 700 455 739 loco
473 698 584 738 omnium
592 715 611 745 a,
636 707 728 747 «supra
747 706 847 736 omnes»
879 695 956 746 (Liber

110 763 270 812 prooemialis,
286 764 311 803 in
325 775 416 814 quo...
432 760 560 802 auctoritas
575 761 597 801 S.
614 759 787 811 Augustini...
803 758 955 809 declaratur).

111 850 143 856 -
157 826 333 867 lansenistae
348 822 475 867 voluerunt
490 824 659 864 Tridentiuum
676 824 808 863 secundum
823 821 956 862 doctrinam

112 888 238 939 Augustini
254 900 378 939 exponere3
394 887 527 928 doctrinam
543 887 569 926 in
583 898 610 927 eo
626 885 689 927 clare
704 885 831 926 fundatam
847 884 958 925 dicebant

113 950 182 1002 posse
193 951 299 992 absolute
313 951 387 992 teneri
400 951 425 991 et
437 950 523 997 doceri,
539 961 586 989 non
600 948 749 1000 respiciendo
762 949 792 989 ad
807 948 882 988 ullam
897 948 957 988 Pou-

112 1014 186 1054 tiiicis
201 1014 293 1055 bullam
312 1015 353 1065 (Da
371 1014 442 1064 1320).
463 1012 548 1053 «Malo
563 1022 642 1064 errare
660 1023 714 1052 cum
732 1010 867 1063 Augustino
884 1022 956 1061 quam

113 1077 173 1116 hene
189 1076 276 1117 sentire
290 1072 345 1117 cum
361 1077 427 1127 Papa
434 1094 443 1112 a
464 1076 504 1126 (cf.
522 1075 691 1123 Linscnmonu,
709 1074 783 1114 Baius
797 1086 821 1125 p.
838 1077 865 1114 86
873 1074 914 1125 ss).

114 1206 165 1247 115.
201 1207 307 1247 iteratam
328 1207 392 1246 viora
414 1206 526 1246 tenebant
548 1206 661 1255 Theologi
684 1204 805 1245 catholici:
834 1206 954 1255 Vononen:

116 1270 201 1310 «Unus
214 1281 259 1320 pro
273 1269 356 1310 multis
370 1280 463 1319 sempor
478 1269 540 1309 mihi
555 1269 601 1309 erit
615 1268 764 1319 Augustinus
771 1281 792 1316 »ς
809 1269 834 1307 iu
850 1268 958 1309 doctrina

112 1332 201 1382 gratiae
223 1332 301 1373 «sicut
320 1332 354 1371 sol
374 1331 436 1371 inter
453 1331 559 1382 reliquos
577 1331 712 1381 praefulget
720 1349 730 1367 n
754 1332 828 1383 (Koch
848 1331 907 1382 181),
927 1356 958 1361 —

113 1395 201 1435 Saurea
218 1396 318 1446 (Proleg.
335 1397 348 1434 6
363 1406 382 1434 c.
399 1398 412 1435 6
427 1406 449 1434 n.
467 1395 547 1445 tisslz
569 1393 709 1435 «Sententia
724 1394 852 1445 Augustini
867 1395 958 1444 praele-

114 1457 188 1497 renda
204 1458 245 1505 est,
263 1457 310 1497 nisi
332 1468 387 1497 cum
411 1458 487 1497 maior
503 1457 601 1497 Patrum
625 1457 668 1497 aut
689 1457 809 1498 Ecclesiae
831 1456 957 1498 auctoritas

112 1520 205 1561 obstare
217 1520 319 1567 videtur,
335 1520 399 1570 quod
413 1531 467 1560 raro
481 1520 523 1560 aut
535 1530 669 1570 numquam
684 1519 831 1570 continget.»
846 1521 896 1560 Hoc
911 1531 958 1561 nou

113 1584 218 1625 extendit
233 1585 264 1625 ad
281 1585 429 1635 quaestiones
443 1584 676 1635 praedestinationis.
695 1585 747 1624 Non
765 1584 813 1626 tota
830 1584 957 1635 Augustini

114 1649 229 1690 sententia
241 1649 269 1689 de
282 1647 359 1699 gratia
367 1649 405 1689 est
416 1650 444 1689 de
457 1647 513 1697 tide,
528 1649 569 1689 sed
582 1648 631 1697 illa,
646 1660 720 1700 quarn
731 1649 836 1690 Ecclesia
848 1649 959 1700 probavit

114 1725 140 1754 ac
151 1712 262 1755 delinivit
275 1714 363 1765 (illusa.
376 1725 400 1753 u.
412 1713 456 1764 225).
468 1737 500 1741 —
510 1713 621 1753 Petaurus
635 1713 678 1765 (De
688 1714 805 1764 praedest.
817 1715 833 1754 l.
847 1717 873 1754 10
884 1726 904 1754 c.
918 1716 938 1767 1)
949 1727 953 1754 :

115 1778 217 1819 Cuilibet
239 1777 354 1822 catholico
375 1776 503 1827 Augustini
526 1778 556 1819 do
577 1778 793 1829 praedestinatione
816 1779 957 1821 sententiam

114 1843 181 1894 sequi
197 1843 258 1891 licet
275 1842 378 1883 sednon
393 1852 475 1883 omnes
491 1841 619 1883 sententiae
635 1842 738 1883 aliorum
755 1843 886 1885 declaratae
903 1845 959 1884 sunt

114 1907 194 1947 falsae.
208 1932 240 1938 —
252 1905 352 1946 Habere:
370 1905 447 1947 Etiam
461 1906 504 1946 alii
518 1906 600 1947 Patres
614 1907 639 1946 in
654 1907 762 1948 doctrina
776 1907 865 1958 gratiae
880 1908 958 1949 aucto-

115 1971 209 2012 ritatem
231 1971 321 2012 liabent
345 1971 419 2023 (Koch
437 1971 495 2021 180).
519 1996 551 2001 ᾔ
572 1971 607 2012 St.
626 1972 774 2023 Declrarups:
802 1974 907 2014 Ecclesia
929 1986 959 2015 ex

113 2036 241 2086 Augustini
253 2035 375 2076 sententiis
385 2046 433 2075 non
443 2036 585 2085 approbavit
596 2036 643 2075 nisi
655 2047 702 2085 eas,
715 2048 775 2088 quas
785 2039 870 2078 Arous.
883 2039 957 2086 docet

114 2101 165 2140 eius
177 2100 308 2148 ¹auctoritas
323 2100 393 2140 debet
408 2099 489 2140 cedere
505 2099 640 2141 auctoritati
656 2101 774 2142 Ecclesiae
789 2102 827 2142 vel
844 2101 958 2153 plurimo·
992 2143 994 2145 .

115 2176 170 2205 rum
186 2165 285 2206 Patrum
304 2165 377 2216 (Koch
396 2165 471 2218 180s).
489 2190 520 2195 -
536 2165 626 2206 Ardore
644 2166 775 2216 polemicae
791 2167 959 2208 antitansenia-

115 2240 160 2269 nae
171 2229 283 2280 abreptus
295 2240 358 2269 unus
369 2229 457 2269 alterve
470 2229 501 2280 (v.
515 2240 537 2278 g.
551 2230 669 2281 Annam-s)
683 2230 845 2281 Augustinom
859 2233 959 2273 minoris

114 2291 187 2343 quam
202 2305 247 2344 par
260 2293 302 2342 est,
318 2293 457 2334 aestimavit.
475 2294 577 2334 Ecoutra
592 2294 779 2346 uuaruicenses
796 2297 959 2338 auctoritatem

115 2359 138 2397 S.
155 2358 282 2409 Augustini
297 2357 478 2408 exaggerabant
502 2358 535 2399 sic
556 2359 626 2399 Naris
648 2361 674 2400 in
698 2361 833 2401 «vindiciis
849 2363 959 2413 Augusti-

114 2423 225 2464 nianisn:
242 2421 387 2473 «Augustini
400 2422 508 2462 doctrina
520 2423 638 2466 Ecclesiae
650 2425 776 2466 doctriua»
793 2427 867 2475 (Koch
882 2429 922 2467 184
928 2423 957 2476 st.

184 2508 313 2549 Clemens
325 2508 378 2548 vui
393 2508 480 2556 statuit,
494 2508 522 2548 ut
533 2509 641 2550 doctrina
653 2511 781 2562 Augustini
793 2512 854 2552 esset
866 2523 958 2560 norma,

115 2574 246 2614 secundum
261 2585 331 2624 quam
346 2574 372 2612 in
386 2571 612 2624 Conprcpotionz'hos
628 2576 658 2615 de
671 2576 774 2616 Ancillas
788 2576 961 2618 diiudicaretur

115 2630 268 2678 Thomismus
282 2639 305 2677 et
317 2636 477 2685 Marinianis
494 2640 534 2679 sed
549 2638 656 2680 Paulus
670 2641 690 2682 V
704 2641 741 2681 liti
756 2641 830 2682 tinem
846 2641 960 2692 imposuit

115 2701 258 2743 inculcando
275 2702 407 2743 doctrinam
424 2701 558 2743 Tridentini
576 2704 599 2744 et
615 2704 733 2746 imitando
749 2706 887 2757 exemplum
905 2708 959 2748 Gae-

115 2765 193 2806 lestini
208 2768 217 2806 Ι
234 2768 258 2818 (i.
274 2778 293 2807 e.
309 2765 428 2815 Ianiculi),
444 2767 486 2817 qui
501 2768 671 2818 profundiores
684 2771 833 2821 quaestiones
848 2771 961 2813 dirimere

116 2830 198 2871 noluit.
222 2857 254 2862 —-
275 2831 408 2871 Alcrroudcr
427 2832 469 2871 VII
492 2832 612 2884 theologos
636 2834 785 2876 lovanienses
809 2837 909 2887 monuit,
934 2840 960 2878 ut

116 2894 192 2936 tutam
211 2897 342 2937 doctrinam
362 2896 403 2935 SS.
423 2896 550 2946 Augustini
568 2899 592 2939 et
609 2899 715 2941 Thomae
734 2901 910 2952 profiterentur.
929 2929 961 2934 —-
