2214 3350
175 169 209 213 1,7[)
309 138 406 205 Sentii.
422 168 466 203 Art.
483 168 510 204 ΙΙ,
526 169 557 226 De
571 148 783 212 supernatural'tate
797 165 884 210 gratiae

174 277 363 329 supernaturalis
378 278 403 317 in
418 275 567 329 oppositione
582 265 652 327 atad
668 274 784 323 naturale,
802 275 872 325 prout
888 273 946 316 dicit
960 274 1019 315 nuti

174 354 239 392 vum,
253 342 417 394 oripinuriurn,
430 343 454 383 ὴ,
466 353 487 383 e.
500 332 533 390 id,
546 341 610 393 quod
621 340 677 381 inde
688 352 702 381 a
714 338 836 381 nativitate
849 339 898 381 sive
909 340 938 381 ab
951 339 1019 381 initio

173 406 283 448 habetur.
303 407 341 449 Sic
357 419 404 449 vox
420 408 449 447 ab
467 405 600 457 Auqastr'no
618 404 720 456 aliisque
736 404 849 446 Patribus
866 416 936 456 saepe
952 404 1019 459 adhi-

173 472 243 513 betur
256 473 339 525 (lodic.
350 484 401 524 cap.
413 475 426 513 4
436 471 480 530 [Dr
491 470 553 529 130]:
568 471 681 511 Homines
691 469 826 511 naturalem
836 469 1019 521 possibilitatem

173 537 197 578 et
216 537 375 578 innocentiam
394 534 569 587 perdiderunt
592 561 624 566 -
646 535 671 586 b)
691 535 723 576 ad
742 534 858 584 naturaie,
879 535 943 587 quod
962 533 1020 575 dicit

174 603 323 651 conueniens,
352 601 537 642 cousentaneum
563 601 669 642 naturae.
697 599 885 651 Supernaturale
910 610 958 640 non
984 600 1020 641 est

174 666 238 708 idem
252 679 278 708 ac
292 666 430 714 violentum,
447 665 590 715 innaturale,
606 664 806 714 contrariaturale;
821 688 852 694 --
866 665 886 716 c)
903 666 934 706 ad
950 661 1019 704 murr-

174 733 234 772 dum
245 731 364 779 visibilem
375 730 521 782 experientia
533 730 661 781 cognitum.
676 730 725 771 Hoc
738 741 809 771 seusu
821 731 931 770 moderni
944 729 1020 770 solent

173 797 258 846 Deum,
269 798 372 848 angelos,
384 795 542 837 substantiam
553 795 648 836 animae
656 806 742 836 vocare
750 795 816 836 entia
826 794 1018 846 supranaturalia

174 862 224 903 sive
238 861 434 902 transcendentia.

242 962 295 1001 Nos
315 960 346 1001 ad
367 960 546 1000 efformandum
567 958 675 1000 nostrum
696 958 856 1010 theologicum
878 958 1017 1010 conceptum

172 1025 235 1066 entis
248 1024 436 1076 supernaturalis
449 1024 603 1076 procedimus
616 1036 631 1065 a
644 1023 737 1072 natura,
754 1024 826 1075 prout
840 1023 898 1065 dicit
911 1024 1018 1075 aliquam

173 1090 342 1141 specificam
362 1088 554 1139 substantiam
575 1087 709 1138 creatam,
731 1100 793 1139 quae
812 1100 842 1130 ex
862 1088 1019 1130 determinata

172 1155 275 1196 essentie
292 1155 364 1206 atque
383 1154 441 1195 forte
461 1165 490 1194 ex
508 1153 618 1205 partibus
635 1153 802 1195 essentialibus
820 1153 844 1194 et
862 1153 1019 1205 integralibus

173 1220 331 1275 construitur,
344 1231 373 1260 ex
384 1231 432 1271 qua
444 1218 614 1260 determinatae
626 1218 788 1270 proprietates,
802 1218 933 1267 facultates,
947 1211 1017 1267 vires,

173 1284 339 1336 dispositiones
364 1284 487 1332 resultant,
507 1295 569 1333 quae
587 1282 741 1325 conformiter
765 1284 796 1324 ad
822 1295 878 1324 suas
901 1283 1019 1335 potentias

173 1349 263 1390 activas
279 1350 303 1390 et
310 1398 313 1402 ss
319 1349 426 1400 passivas
442 1349 554 1399 producit
571 1355 594 1389 ec
611 1349 695 1400 recipit
713 1348 780 1389 actus
797 1348 820 1389 et
838 1347 899 1389 forte
916 1347 1019 1399 acquirit

173 1414 277 1462 habitus,
292 1425 352 1464 quae
365 1412 432 1454 varia
445 1413 491 1453 sibi
505 1412 636 1454 extrinseca
651 1413 731 1464 eripit,
746 1413 774 1454 ut
787 1412 861 1464 possit
875 1412 1017 1461 conservari,

172 1479 340 1519 convenienter
355 1489 423 1529 agere
440 1477 512 1529 atque
528 1477 604 1519 evolvi
621 1478 644 1519 et
659 1477 735 1519 tinem
752 1478 878 1529 proprium
893 1477 1016 1529 attingere,

173 1555 202 1583 ne
219 1543 270 1594 ipsa
283 1543 307 1584 et
320 1543 383 1584 vires
396 1543 448 1584 eius
463 1541 553 1583 frustra
568 1541 622 1583 sint.
638 1542 798 1593 Quaecunque
813 1542 852 1583 his
866 1541 951 1591 modis,
969 1542 1018 1583 sive

171 1607 360 1649 constitutive
375 1607 424 1649 sive
438 1607 621 1648 consecutive
636 1608 685 1649 sive
700 1607 849 1659 exigitive,
865 1608 896 1649 ad
910 1607 1017 1658 aliquam

172 1684 223 1714 rem
242 1672 379 1724 specificam
397 1672 525 1724 pertinent,
545 1673 624 1713 eidem
643 1672 700 1713 sunt
718 1671 846 1721 naturalia
865 1672 919 1713 aliis
939 1673 1019 1714 verbis

171 1738 228 1779 sunt
240 1739 328 1787 omnia,
342 1749 404 1789 quae
415 1748 454 1779 res
466 1749 496 1778 ex
508 1748 532 1779 se
545 1736 623 1786 habet,
638 1749 681 1788 per
693 1738 757 1778 vires
770 1749 826 1778 suas
837 1737 959 1788 operando
972 1736 1017 1779 sibi

171 1814 310 1854 comparare
326 1803 403 1854 potest
418 1802 456 1843 vel
473 1813 517 1853 per
534 1813 589 1843 suas
604 1802 736 1854 exigentias
753 1801 800 1843 sibi
816 1802 930 1844 vindicat.
956 1804 1017 1845 Haec
1034 1812 1038 1818 ·

171 1868 253 1908 omnia
271 1867 343 1909 simul
362 1867 511 1908 constituunt
530 1867 657 1907 «debitum
674 1873 774 1907 naturae
782 1885 792 1904 »
821 1868 901 1919 (sensu
925 1867 1016 1917 latiora

171 1945 229 1974 nam
244 1945 314 1974 sensu
328 1944 410 1984 presso
425 1931 524 1973 debetur
538 1932 571 1981 id,
588 1934 651 1984 quod
665 1930 788 1984 exigitur).
805 1932 940 1974 Sumuntur
954 1944 1017 1975 nunc

171 1998 196 2038 et
207 1998 300 2046 natura,
314 1998 353 2037 cui
365 1998 483 2048 quaedam
496 1997 619 2046 debentur,
633 1998 657 2039 et
669 1998 722 2048 ipsa
733 1998 803 2047 bona,
818 2010 880 2050 quae
892 1998 1016 2048 debentur,

105 2080 107 2083 .
172 2062 264 2102 nonin
282 2062 407 2102 individuo
425 2063 449 2103 et
466 2063 545 2112 quoad
564 2063 672 2113 gradum,
694 2063 735 2103 sed
754 2064 887 2103 secundum
905 2064 1016 2115 speciem.

172 2126 273 2178 Singula
293 2126 358 2167 enim
380 2126 506 2167 individua
527 2127 626 2178 possunt
646 2139 688 2178 per
709 2127 819 2169 accidens
840 2128 889 2179 pati
902 2128 1017 2182 ¹¹deiectus

171 2191 289 2232 bonorum
307 2192 392 2242 speciei
409 2190 553 2241 debitorum,
572 2193 704 2234 dummodo
720 2192 795 2234 tinem
813 2204 884 2233 suum
902 2193 1016 2244 attingere

172 2256 263 2306 possint
280 2257 330 2308 (qui
346 2257 371 2296 in
388 2256 443 2297 solis
460 2256 555 2297 entibus
570 2257 728 2298 rationalibus
744 2258 779 2299 est
795 2257 951 2299 individualis
968 2258 1016 2300 sive

176 2319 323 2373 personalis);
347 2333 423 2373 nenne
446 2322 564 2363 debentur
586 2321 703 2363 eiusmodi
725 2323 789 2364 bona
811 2321 836 2363 in
860 2322 1016 2365 determinato

172 2384 249 2434 gradu
266 2385 296 2435 (v.
312 2396 336 2424 n.
352 2388 373 2433 5,
389 2385 420 2436 4).

242 2481 467 2532 Supernaturale
482 2482 517 2523 est
531 2482 605 2533 igitur
618 2494 688 2523 omne
703 2483 736 2531 id,
753 2483 816 2534 quod
831 2489 930 2524 naturae
946 2485 1015 2524 sensu

169 2545 287 2596 explicato
303 2546 410 2597 sumptae
427 2558 456 2587 ex
471 2546 613 2588 iiberalitate
628 2548 671 2588 Dei
687 2547 866 2598 superadditur·
881 2559 930 2589 non
946 2547 1016 2598 perti.

171 2610 212 2650 net
232 2611 261 2651 ad
282 2611 414 2652 creaturam
435 2612 560 2662 tamquam
579 2612 631 2653 eius
652 2623 707 2663 pars
729 2611 920 2653 constitutiva
939 2624 1016 2664 neque

168 2675 294 2727 tamquam
309 2676 448 2727 proprietas,
467 2676 578 2728 potentia,
596 2677 708 2728 operatio,
726 2677 823 2718 habitus
840 2688 1017 2728 consequens

169 2740 283 2781 naturam
302 2740 454 2783 constitutam
475 2752 551 2792 neque
573 2741 696 2793 tamquam
717 2742 799 2793 aliqua
819 2741 964 2792 exigentia
985 2744 1016 2784 ad

171 2806 246 2846 iinem
257 2806 328 2846 huius
339 2806 437 2847 naturae
449 2806 643 2858 consequendum
653 2806 784 2848 necessario
796 2807 926 2858 implenda.
939 2809 1016 2858 Quare

168 2870 261 2911 donum
280 2871 461 2921 supernaturale
478 2882 526 2911 non
545 2871 622 2912 solum
641 2871 806 2913 antecedenter
824 2873 855 2912 ad
873 2873 1015 2914 creationem

168 2936 206 2976 est
227 2936 334 2986 repetire
355 2936 498 2985 indebitum,
522 2936 562 2977 sed
584 2936 655 2978 etiam
677 2937 776 2977 naturae
799 2937 847 2977 iam
869 2937 960 2978 creatae
982 2939 1017 2979 est
