2214 3350
169 119 204 157 190
304 120 357 156 Sect.
373 120 400 156 ΙΙ.
415 120 504 175 Arari.
520 121 550 155 De
564 117 776 163 supernaturalitate
790 116 877 162 gratiae
925 109 927 111 ’

168 228 276 269 divinam
290 229 401 269 naturam
414 227 499 279 probat
515 226 623 279 (112079).
638 224 805 266 Differentiam
820 223 936 265 naturalis
951 223 1012 264 iilia-

113 297 114 300 ’
168 291 239 332 tionis
257 292 283 331 in
301 292 350 332 solo
370 291 462 331 Christo
480 290 503 331 et
521 287 637 340 gratuitae
655 289 681 345 in
700 287 811 329 omnibns
836 287 904 328 iustis
930 293 1011 328 eontra

167 354 305 394 Nestorium
322 353 391 406 urget
410 355 456 406 (W.
478 353 536 404 126).
557 350 775 393 communicatione
795 350 879 391 salutis
896 361 1011 401 pneuma-

168 418 212 457 tica
231 428 275 468 per
294 417 317 457 S.
339 415 454 468 Spiritum
473 415 497 456 et
515 416 628 456 romarico
646 426 689 465 per
707 413 876 456 eucharistiam
894 413 1011 455 efficimur

167 479 230 520 uirus
254 480 350 531 spiritus
367 479 390 520 et
405 490 481 519 unum
504 489 590 528 corpus
606 489 660 518 eum
675 477 770 523 ¹Christo
796 477 844 528 (W.
863 477 1008 528 11055152).

165 568 196 574 -
207 543 279 584 Novit
290 542 388 583 omnino
399 540 500 593 gratiam
513 541 647 589 creatam,
662 539 858 581 sanct'iicationis
870 540 1009 592 qualitatem
1027 554 1029 557 ⁴

165 607 215 662 (τῆς
228 607 257 647 ἐν
270 607 376 659 ἁγιασμῷ
390 605 528 661 ποιότητος),
546 615 620 654 quarn
640 602 663 643 S.
684 602 794 655 Spiritus,
816 603 894 645 forma
906 601 1008 650 Christi,
1052 632 1053 635 η

166 669 289 719 tamquam
325 665 432 708 divinam
468 666 638 717 figurationem
660 667 712 720 (τὸν
740 666 810 708 θεῖον
840 666 1016 720 ἐξειμονισμόν)

166 732 191 771 in
209 731 278 772 nobis
296 729 414 781 imprimit
430 730 608 780 quodammodo
625 740 668 780 per
685 741 710 770 se
727 728 808 780 ipsum
828 730 858 781 (R
875 729 948 780 2063).
969 729 1008 770 Sic

165 793 243 835 vetere
258 793 356 834 naturae
373 791 553 843 pulchritudine
569 792 708 843 recuperata
724 793 754 833 ad
772 792 879 833 divinam
896 792 1007 833 naturam

154 856 287 897 'reformati
304 866 394 896 sumus.
418 856 597 909 Ἀναβαίνομεν
610 858 644 908 εἰς
657 856 683 896 τὸ
700 857 757 909 ὑπὲρ
775 858 846 909 φύσιν
863 854 955 907 ἀξίωμα
972 856 1010 896 ocu

164 919 276 972 Χριστόν.
294 919 345 958 Non
366 919 456 959 erimus
476 917 525 958 filii
544 917 587 959 Dei
609 918 669 959 sieut
690 917 729 959 ille
750 918 840 969 absque
862 917 1007 966 discrimine,
1046 950 1048 953 .

164 982 204 1022 sed
229 983 267 1024 ὁιιὶ
286 989 327 1038 τῆς
345 983 406 1023 aurii
424 984 521 1038 pipinum
537 982 674 1039 χάριτος...
695 981 728 1022 Ἠ
744 983 851 1035 μὲνγὰρ
867 983 1009 1038 πεποιημένη

114 1070 116 1073 -
162 1047 200 1086 οιαὶ
220 1046 295 1102 ὁούλη
311 1047 384 1097 arieg
399 1046 506 1087 καλεῖται
522 1045 580 1099 πρὸς
597 1046 626 1086 τὰ
642 1046 700 1099 ὑπὲρ
718 1047 788 1099 φύσιν
809 1048 908 1096 νεύματι
924 1051 1009 1099 γυμνῷ

162 1110 200 1149 καὶ
215 1107 314 1165 θελήσει
335 1115 376 1149 τοῦ
395 1109 483 1162 πατρός
507 1108 572 1158 (ergo
591 1118 743 1158 nequaquam
763 1108 894 1148 secundum
913 1106 1007 1157 exigen-

162 1171 220 1211 tiam
235 1171 351 1221 naturae).
368 1171 468 1211 Econtra
482 1170 557 1211 Filius
572 1171 615 1211 Dei
630 1171 755 1221 proprium
769 1170 846 1221 ipsius
861 1169 1005 1210 substantiae
1022 1201 1024 1204 .

161 1235 253 1274 bonurn
266 1235 333 1275 ,κατὰ
351 1227 421 1288 φύσιν
438 1232 524 1284 accipit
541 1234 569 1284 (R
584 1233 656 1284 2106).
671 1234 720 1275 Per
734 1232 804 1275 istam
822 1234 1009 1287 μετοιμόρφωσιν

162 1297 362 1337 transformamur
380 1296 405 1336 in
422 1296 495 1336 aliam
517 1296 573 1349 ἕξιν.
593 1296 644 1348 Pro
657 1297 702 1337 hac
720 1295 916 1337 transmutatione
935 1295 1007 1336 babet

161 1360 275 1400 terminos
298 1360 525 1417 μετασχηματισμός,
546 1359 698 1413 μετάπλοισις,
720 1359 914 1416 parapectus-:rtem
937 1373 1007 1411 μεια-

161 1431 294 1479 σιοιχειοῦν
316 1423 359 1464 etc.
383 1423 429 1474 (W.
450 1425 491 1463 182
511 1423 568 1473 184).
588 1448 620 1453 —
639 1422 717 1473 Magis
735 1421 836 1464 attendit
855 1423 885 1463 ad
904 1422 1005 1472 gratiam

161 1485 330 1526 increatam:
352 1484 579 1535 spiritissimus,
599 1484 648 1525 tota
664 1484 769 1525 Trinitas
786 1486 917 1526 secundum
935 1496 1003 1526 suam

161 1547 319 1589 substantiam
341 1547 409 1588 iustis
430 1560 454 1588 se
477 1548 539 1588 dono
562 1547 609 1588 dat.
633 1547 671 1587 Sic
693 1547 769 1588 oritur
797 1549 883 1601 ἕνωσις
902 1551 1004 1605 operiar),

162 1611 227 1652 utin
244 1610 337 1652 Christo
351 1611 391 1657 est,
401 1612 458 1652 unio
473 1611 620 1662 hypostatica
638 1611 686 1661 (185
694 1612 722 1663 s).
739 1610 802 1652 Unio
817 1609 933 1651 iustorum
949 1623 1004 1652 cum

161 1674 210 1714 Deo
228 1685 276 1714 non
296 1674 394 1724 quidem
412 1674 447 1715 est
466 1673 636 1722 substantialis,
658 1674 699 1714 sed
718 1684 794 1723 neque
813 1684 879 1714 mere
897 1674 1003 1722 moralis;

160 1737 194 1777 est
205 1737 286 1787 aliqua
298 1737 354 1777 unio
365 1737 458 1776 interna
471 1743 493 1776 et
503 1736 581 1785 realis,
594 1736 649 1778 licet
660 1737 811 1790 accidentalis
826 1738 892 1789 (201).
904 1763 935 1768 -
948 1738 1004 1778 Gra-

159 1800 191 1840 tia
204 1799 319 1840 efficimur
331 1799 398 1850 quasi
411 1798 511 1850 cognati,
527 1799 696 1850 consanguinei
709 1800 751 1840 Dei
766 1800 887 1857 (οἰκειότης
905 1803 989 1857 peona)
996 1815 1005 1850 ;

159 1864 197 1903 W.
217 1863 277 1913 227).
304 1862 409 1903 Habetin
433 1862 516 1903 relatio
541 1861 587 1901 iilii
606 1862 637 1903 ad
655 1862 750 1903 Patrem
775 1862 906 1910 caelestem,
934 1873 1002 1913 spon-

160 1936 197 1965 sae
212 1926 243 1965 ad
258 1924 346 1965 Filium
360 1925 402 1965 Dei
420 1924 558 1976 (228—230).
573 1924 706 1975 Adoptione
721 1924 843 1965 elevamur
856 1926 887 1966 ad
901 1924 1002 1975 gloriam

158 1989 181 2029 et
200 1987 340 2038 dignitatern
360 1986 626 2038 incomprehensibilem
645 1987 668 2028 et
687 1987 782 2038 proprie
803 1987 909 2029 divinam
932 1989 999 2040 (237),

158 2050 307 2101 acquirimus
325 2050 363 2090 ius
382 2049 531 2091 hereditandi
551 2049 628 2091 totum
647 2050 765 2091 ambitum
785 2051 903 2092 bonorum
923 2050 1001 2093 Patris

162 2113 228 2165 (238).
243 2139 275 2144 —
289 2113 353 2154 Inter
367 2113 430 2153 bona
443 2112 635 2163 supernaturalia
647 2115 778 2163 praesentis
792 2114 816 2155 et
830 2115 926 2165 suturae
939 2115 1002 2156 vitae

157 2187 204 2217 non
219 2176 255 2217 est
268 2175 406 2217 differentia
419 2175 465 2217 nisi
479 2176 609 2227 prudentia.
626 2176 692 2217 Idem
710 2184 801 2229 πνεῦμα
819 2178 916 2228 posthac
931 2178 1002 2219 habe-

157 2239 238 2280 bimus
256 2239 373 2288 copiosius
391 2239 414 2279 et
430 2238 593 2280 abundantius
613 2240 680 2291 (248).
701 2239 727 2281 st
742 2240 777 2281 tui
796 2240 866 2280 finali
883 2241 1000 2291 paulatim

157 2302 378 2352 appropinquamus
387 2303 402 2340 ¹.

157 2425 228 2468 277.¹
248 2425 436 2479 Ps.=l)ionysius‚
455 2427 490 2466 De
510 2428 564 2467 ecel.
585 2427 644 2467 hier.
664 2430 683 2476 1,
703 2431 717 2468 3
737 2429 766 2479 (R
783 2429 861 2480 2286):
883 2407 1000 2472 Voluntas

156 2489 280 2530 Trinitatis
303 2490 338 2531 est
362 2489 442 2531 nostra
465 2490 489 2531 et
513 2501 670 2540 supernarum
697 2489 884 2533 substantiarum
916 2492 1002 2548 λομιιιη

155 2554 267 2609 σωτηρίη·
280 2563 339 2602 quae
354 2564 401 2592 non
416 2552 484 2593 aliter
498 2553 574 2603 potest
589 2553 643 2594 fieri
658 2553 704 2593 nisi
719 2553 860 2607 θεοομὲνων
869 2558 917 2596 τῶν
927 2556 1000 2608 σωζο-

215 2686 222 2707 1
239 2684 298 2720 «Die
312 2685 421 2729 Erlbsung
436 2686 473 2721 des
488 2685 602 2721 einzelnen
615 2686 644 2720 151
658 2685 695 2720 ein
708 2684 885 2727 fortdeuernder,
900 2684 998 2728 guaden-

154 2730 222 2766 voller
240 2730 541 2777 νοι·ςο1111οιωηςεροοπεεεο
562 2731 642 2776 (Weiql
658 2730 709 2776 259).
730 2743 740 2763 α
750 2731 777 2766 So
794 2730 824 2765 151
841 2730 881 2765 das
899 2730 998 2773 gesamte

154 2776 281 2813 Heilsleben
297 2776 333 2811 ein
347 2785 434 2821 grosser
449 2778 541 2813 Prozess
556 2776 687 2822 physischer
703 2777 749 2812 und
765 2775 875 2812 ethischer
889 2777 997 2811 Pneuma-

155 2823 283 2867 tisierung»
302 2821 359 2866 (266).
375 2844 401 2850 -
416 2824 530 2859 Summam
545 2823 613 2859 totius
629 2823 741 2858 doctrinae
759 2824 778 2859 S.
798 2821 875 2866 Cyrilli
891 2822 997 2858 eiusdem·

156 2877 197 2912 que
210 2868 399 2950 οοῐῃρηηὲᾒοῃεῃ]
411 2877 460 2904 cum
472 2869 584 2915 prioribus
597 2869 702 2905 Patribus
714 2878 800 2904 necnon
812 2877 862 2903 cum
870 2868 1000 2912 ,Augustino

155 2924 173 2949 v.
190 2915 223 2950 W.
240 2924 261 2960 p.
321 2923 348 2949 ss.
