2214 3350
280 121 286 125 .,
353 149 431 186 rhesis
445 149 474 186 15.
490 148 580 185 Filiatio
595 149 700 194 adoptiva
916 148 955 184 are

105 258 161 298 428.
198 256 256 310 Eph.
273 258 292 304 l,
306 260 375 297 3-—52
392 258 463 305 Deus,
477 256 499 298 et
511 257 580 297 Pater
592 256 688 296 Domini
701 256 775 297 nostri
789 258 841 297 Iesu
855 257 950 305 Christi,

83 369 85 371 ,
105 320 130 360 in
141 320 237 360 caritate
249 320 434 370 praedestinavit
444 331 488 360 nos
498 320 524 359 in
535 319 687 370 adoptionem
699 319 806 360 tiliorum
818 319 950 370 pertesum

106 383 227 424 Christum
244 383 270 422 in
285 383 373 433 ipsum.
389 408 421 414 —
438 385 476 423 n:
494 381 556 435 ἐμῷ
571 383 610 423 rai
623 381 802 439 ἐκληρώθημεν,
819 383 867 422 «ad
884 383 954 423 euius

106 446 213 504 [Christ]
225 446 297 487 etiam
307 445 420 487 intimum
432 444 577 486 consortium
588 445 655 485 electi
667 445 831 495 designatique
843 455 950 494 sumus»,

104 509 154 549 vel:
176 509 219 548 «in
236 520 282 560 quo
300 509 353 567 [sita
370 509 405 550 est
421 508 488 557 ratio,
507 508 580 565 quod]
598 507 655 547 iacti
673 517 757 548 sumus
772 508 867 565 κλῆρος,
887 508 954 547 here-

106 572 168 613 ditas
183 573 244 612 Dei»
264 572 344 622 (Zea).
367 596 398 601 —-
422 573 459 612 14:
484 571 528 612 «in
550 583 596 622 quo
620 570 762 630 [evangelio]
786 571 809 612 et
830 570 953 611 credentes
984 599 986 602 ψ

105 635 191 686 signati
205 635 261 676 estis
276 634 366 685 Spiritu
379 634 545 685 promissionis
560 634 653 682 Sancto,
669 635 710 685 qui
725 635 761 675 est
775 634 862 684 pignus
877 633 950 691 [arra]

105 699 245 740 hereditatis
264 699 383 740 nostrae».
407 701 430 740 S.
453 699 558 749 Spiritus
577 699 612 739 est
633 699 766 750 «sipulum,
789 710 835 749 quo
856 698 953 749 adoptio

105 756 213 805 filiorum
238 765 261 805 et
285 766 322 804 ius
346 764 485 806 hereditatis
502 764 667 812 confirmatur,
689 764 751 804 sicut
775 764 841 814 signo
867 764 951 804 annuli

104 829 193 870 tabulis
209 829 342 870 contractus
359 830 474 880 impresso
492 830 619 879 promissio
636 829 673 869 vel
692 829 788 870 donatio
806 829 948 870 roboratur„

108 895 251 945 (Knobcnh.;
263 896 291 935 de
303 906 356 934 arra
367 907 390 934 v.
403 906 427 934 n.
441 897 482 935 270
493 895 526 945 a).
539 894 645 935 Ulterius
657 894 792 934 declaratur
804 894 861 935 haec
874 893 952 944 ohsig=

103 957 167 998 natio
182 957 244 998 tacta
261 958 304 997 «in
319 957 507 1007 redemptionem
523 956 713 1007 acquisitionis».
732 958 791 997 Cum
809 959 955 1014 περιποίησις·
1019 999 1021 1002 ,

105 1022 224 1073 significet
238 1023 309 1068 etiarn
325 1022 357 1069 id,
373 1022 437 1072 quod
453 1022 497 1062 sibi
513 1021 600 1072 aliquis
614 1022 748 1072 acquisivit,
764 1023 894 1072 peculium,
911 1022 950 1062 hic

50 1125 52 1128 .
105 1087 252 1137 intellegitur
262 1086 372 1137 populus,
386 1097 456 1137 quem
468 1087 533 1126 Deus
543 1087 568 1125 in
580 1097 640 1126 novo
652 1086 747 1127 foedere
758 1087 803 1127 sihi
815 1086 951 1137 acquisivit,

73 1163 75 1169 ’
104 1151 118 1192 i.
136 1163 156 1191 e.
173 1151 264 1199 fideles,
288 1150 399 1199 Ecclesia;
426 1152 588 1205 ἀπολύτρωσις
612 1151 670 1192 dicit
692 1151 809 1200 integram
831 1152 861 1192 ab
884 1152 950 1192 omni
1005 1147 1006 1150 ’

104 1216 168 1257 malo
190 1217 363 1265 liberationem,
388 1227 449 1267 quae
473 1216 516 1257 iiet
537 1228 579 1267 per
602 1216 730 1266 gloriosam
754 1216 950 1257 resurrectionem

104 1281 222 1332 totiusque
249 1281 369 1322 creaturae
395 1280 593 1331 glorificationem
622 1281 703 1331 (Zaa).
732 1281 760 1320 ln
786 1281 851 1322 hunc-
877 1281 953 1332 igitur

104 1346 179 1386 iinern
194 1345 246 1400 (εἰς)
262 1345 292 1393 iit
309 1346 353 1386 ista
372 1345 505 1397 obsignatio
524 1346 547 1386 et
564 1346 636 1386 datur
654 1356 715 1394 arra,
737 1358 765 1386 ex
784 1336 853 1386 cuius
870 1346 953 1386 valore

104 1410 244 1451 concludere
264 1410 318 1451 licet
336 1411 367 1451 ad
386 1410 530 1451 immensam
550 1409 742 1461 magnitudinem
761 1410 893 1460 promissae
911 1411 950 1451 he-

104 1475 217 1516 reditatis.
240 1476 347 1515 Tandem
367 1474 487 1516 indicatur
507 1474 608 1515 ultimus
627 1476 651 1516 et
670 1486 780 1516 summus
800 1475 858 1515 finis
877 1475 953 1516 huius·

104 1540 161 1580 doni
182 1540 205 1580 et
225 1530 455 1590 omnium'operum
477 1539 532 1580 Dei:
559 1556 568 1575 (ι
577 1541 602 1579 in
624 1540 721 1580 laudem
743 1540 831 1589 gloriae
853 1540 948 1591 ipsius»

105 1604 258 1656 (Klintene).

173 1688 222 1731 eol.
243 1690 262 1737 l,
283 1690 330 1731 its
356 1692 386 1741 (v.
407 1689 575 1730 Tridentr'nuna
598 1702 615 1730 s.
635 1694 648 1731 6
672 1701 723 1741 cap.
742 1692 773 1730 {ts
797 1690 840 1748 [Dr
858 1690 946 1748 795s]).

103 1755 197 1796 Gratias
215 1755 277 1806 agite
297 1755 345 1795 Deo
365 1754 437 1802 Patri,
461 1756 520 1805 «qui
542 1755 639 1795 idoneos
658 1766 700 1795 vos
721 1755 783 1803 iecit,
806 1756 833 1796 ut
853 1755 949 1806 possitis

102 1820 189 1861 habere
203 1821 295 1871 partem
310 1831 338 1860 er
353 1819 394 1860 ilia
409 1819 477 1867 sorte,
494 1832 554 1871 quae
569 1820 656 1861 sanctis
670 1820 786 1871 contingit
792 1837 812 1861 n.
829 1821 948 1870 Quoniam

101 1885 188 1942 κλῆρος
206 1896 275 1936 saepe
290 1885 325 1925 est
335 1887 389 1925 'sors
404 1884 542 1925 hereditatis
557 1885 580 1926 et
594 1885 722 1935 Apostolus
736 1886 813 1925 Deum
828 1886 867 1927 liic
882 1886 952 1926 vocat

102 1950 205 1999 Patrem,
218 1949 298 2000 aliquo
311 1950 382 1990 modo
392 1949 537 1998 insinnatur,
551 1950 578 1990 ut
591 1950 759 1990 Tridentinuna
771 1950 835 1999 dicit,
850 1950 950 1991 transla-

102 2015 134 2055 tio
151 2015 177 2054 in
193 2014 280 2055 statum
298 2015 439 2064 adoptionis.
457 2015 494 2055 Ad
512 2014 604 2055 sanctos
619 2015 740 2065 pertinent
756 2025 838 2055 omnes
856 2015 948 2063 fidelem

103 2090 153 2120 sors
164 2078 271 2119 consistit
281 2079 306 2118 in
317 2078 388 2119 honis
399 2080 466 2129 regni
478 2079 529 2127 Dei;
542 2079 629 2120 dicitur
641 2091 690 2121 esse
704 2097 715 2116 a
723 2081 748 2120 in
760 2080 879 2129 lumine»,
892 2081 952 2131 qnia.

102 2143 137 2185 est
149 2144 298 2195 participatio
310 2143 372 2184 lucis
384 2144 480 2184 divinae
495 2145 533 2196 (oi.
548 2156 571 2184 n.
586 2146 627 2185 270
640 2145 670 2195 e).
684 2147 765 2185 -13:
785 2163 795 2182 «
804 2146 845 2196 qui
859 2144 951 2203 [Pater]

102 2209 191 2260 eripuit
208 2220 252 2249 nos
270 2209 298 2249 de
317 2208 431 2259 potestate
450 2209 602 2249 tenebrarum
621 2209 644 2250 et
663 2209 785 2250 transtulit
803 2211 827 2250 in
847 2221 950 2261 regnum

103 2274 158 2313 Filii
176 2273 309 2314 dilectionis
325 2285 399 2314 suae»
421 2273 460 2325 (ci.
481 2274 648 2314 redeuntum
666 2275 695 2315 de
713 2275 757 2315 hac
775 2274 950 2325 translatione).

103 2339 166 2389 Ergo
182 2339 252 2379 Pater
269 2350 304 2386 eo,
324 2339 388 2388 qnod
407 2338 492 2379 fideles
509 2350 552 2389 per
569 2338 764 2380 iustificationem
783 2339 905 2381 transtulit
923 2340 949 2379 in

102 2414 204 2454 regnum
223 2403 285 2451 Filii,
305 2404 330 2443 in
349 2402 478 2444 Ecclesiam
497 2402 648 2451 militantem,
668 2404 766 2444 idoneos
785 2415 824 2444 eos
843 2404 899 2446 tecit
917 2404 959 2444 ad,

102 2467 238 2508 hahendam
253 2467 344 2518 partem
360 2467 429 2508 sortis
445 2467 580 2508 'sanctorum
596 2468 728 2509 inlumina
746 2469 784 2520 (cf.
801 2469 949 2520 nauteam).
986 2517 987 2521 Ἰ
1045 2504 1047 2507 .

101 2594 157 2636 429.
193 2597 214 2636 3.
227 2594 335 2648 Apostoli
345 2594 442 2642 Paulus,
456 2594 547 2643 Petrus,
560 2595 660 2636 Iacchus
670 2596 693 2636 et
704 2596 830 2646 praecipue
842 2594 867 2637 S.
880 2596 948 2637 Ioan=

102 2669 145 2699 nes
164 2661 249 2700 docent
264 2660 334 2701 istam
353 2658 495 2700 filiationem
514 2671 563 2701 esse
581 2660 673 2710 aliquid
692 2661 747 2710 plus
765 2671 838 2710 quam
857 2672 950 2701 meram

102 2723 262 2775 adoptionem,
281 2724 352 2775 prout
369 2723 432 2765 inter
449 2724 559 2765 homines
577 2724 686 2773 occurrit,
706 2726 763 2776 quia
780 2736 824 2775 per
841 2726 949 2776 aliquam

102 2789 316 2837 generationem
335 2790 372 2830 sui
392 2789 485 2839 generis
503 2788 608 2831 efficitur.
635 2816 666 2821 -
691 2789 787 2838 Textus,
807 2790 870 2832 inter
889 2802 950 2842 quos

102 2853 191 2895 eminet
205 2855 215 2894 1
231 2854 257 2895 Io
269 2856 291 2902 3,
308 2857 322 2895 9
338 2855 437 2907 (σπέρμα
451 2856 525 2896 αὐτοῦ
537 2858 565 2896 ἐν
576 2858 640 2910 αὐτῷ
650 2854 736 2908 μένει),
752 2856 800 2896 iam
814 2855 880 2896 allati
895 2857 952 2898 sunt

102 2916 127 2955 in
138 2917 170 2958 th.
180 2921 206 2959 13
220 2920 251 2970 (n.
260 2921 308 2968 380,
317 2920 348 2969 2);
359 2933 381 2960 v.
391 2919 466 2960 libros
476 2920 534 2960 thid,
542 2920 659 2968 laudatos,
667 2920 766 2970 insuper
777 2920 950 2970 Rudemucher,
