<?xml version="1.0" encoding="UTF-8"?>
<!DOCTYPE html PUBLIC "-//W3C//DTD XHTML 1.0 Transitional//EN"
    "http://www.w3.org/TR/xhtml1/DTD/xhtml1-transitional.dtd">
<html xmlns="http://www.w3.org/1999/xhtml" xml:lang="en" lang="en">
 <head>
  <title>
</title>
<meta http-equiv="Content-Type" content="text/html;charset=utf-8" />
  <meta name='ocr-system' content='tesseract 3.04.00' />
  <meta name='ocr-capabilities' content='ocr_page ocr_carea ocr_par ocr_line ocrx_word'/>
</head>
<body>
  <div class='ocr_page' id='page_1' title='image "./MN41637ucmf_2_0328.png"; bbox 0 0 2214 3350; ppageno 0'>
   <div class='ocr_carea' id='block_1_1' title="bbox 173 143 901 199">
    <p class='ocr_par' dir='ltr' id='par_1_1' title="bbox 173 143 901 199">
     <span class='ocr_line' id='line_1_1' title="bbox 173 143 901 199; baseline -0.004 -1"><span class='ocrx_word' id='word_1_1' title='bbox 173 152 212 199; x_wconf 68' lang='grc'>’222</span> <span class='ocrx_word' id='word_1_2' title='bbox 296 162 350 198; x_wconf 78' lang='lat' dir='ltr'>sect.</span> <span class='ocrx_word' id='word_1_3' title='bbox 363 162 403 197; x_wconf 77' lang='grc' dir='ltr'>ΠΙ.</span> <span class='ocrx_word' id='word_1_4' title='bbox 411 143 462 197; x_wconf 73' lang='lat' dir='ltr'>vAre</span> <span class='ocrx_word' id='word_1_5' title='bbox 477 162 503 197; x_wconf 82' lang='grc' dir='ltr'>Π.</span> <span class='ocrx_word' id='word_1_6' title='bbox 518 163 549 197; x_wconf 75' lang='lat' dir='ltr'>ne</span> <span class='ocrx_word' id='word_1_7' title='bbox 561 161 625 197; x_wconf 78' lang='lat' dir='ltr'>coms</span> <span class='ocrx_word' id='word_1_8' title='bbox 637 161 662 195; x_wconf 83' lang='lat' dir='ltr'>in</span> <span class='ocrx_word' id='word_1_9' title='bbox 673 158 830 195; x_wconf 61' lang='lat' dir='ltr'>iniunctione</span> <span class='ocrx_word' id='word_1_10' title='bbox 843 159 901 195; x_wconf 74' lang='lat' dir='ltr'>eatis</span> 
     </span>
    </p>
   </div>
   <div class='ocr_carea' id='block_1_2' title="bbox 95 261 1020 321">
    <p class='ocr_par' dir='ltr' id='par_1_2' title="bbox 95 261 1020 321">
     <span class='ocr_line' id='line_1_2' title="bbox 95 261 1020 321; baseline -0.009 -7"><span class='ocrx_word' id='word_1_11' title='bbox 95 313 96 316; x_wconf 73' lang='grc'>,</span> <span class='ocrx_word' id='word_1_12' title='bbox 175 271 198 321; x_wconf 74' lang='lat' dir='ltr'>q.</span> <span class='ocrx_word' id='word_1_13' title='bbox 214 273 241 311; x_wconf 90' lang='grc'>62</span> <span class='ocrx_word' id='word_1_14' title='bbox 256 282 276 311; x_wconf 88' lang='lat' dir='ltr'>a.</span> <span class='ocrx_word' id='word_1_15' title='bbox 292 272 313 310; x_wconf 78' lang='lat'>4.</span> <span class='ocrx_word' id='word_1_16' title='bbox 326 261 377 311; x_wconf 51' lang='lat' dir='ltr'>¹Sed</span> <span class='ocrx_word' id='word_1_17' title='bbox 392 270 436 311; x_wconf 88' lang='lat' dir='ltr'>hoo</span> <span class='ocrx_word' id='word_1_18' title='bbox 451 269 527 321; x_wconf 88' lang='lat' dir='ltr'>potest</span> <span class='ocrx_word' id='word_1_19' title='bbox 541 268 667 318; x_wconf 86' lang='lat' dir='ltr'>explicari:</span> <span class='ocrx_word' id='word_1_20' title='bbox 688 268 759 307; x_wconf 81' lang='lat' dir='ltr'>simul</span> <span class='ocrx_word' id='word_1_21' title='bbox 775 266 895 318; x_wconf 86' lang='lat' dir='ltr'>incipiunt</span> <span class='ocrx_word' id='word_1_22' title='bbox 911 265 1020 307; x_wconf 86' lang='lat' dir='ltr'>«inesse</span> 
     </span>
    </p>
   </div>
   <div class='ocr_carea' id='block_1_3' title="bbox 169 330 1050 1325">
    <p class='ocr_par' dir='ltr' id='par_1_3' title="bbox 169 330 1050 1325">
     <span class='ocr_line' id='line_1_3' title="bbox 175 330 1020 384; baseline -0.005 -11"><span class='ocrx_word' id='word_1_23' title='bbox 175 333 271 373; x_wconf 82' lang='lat' dir='ltr'>virtutis</span> <span class='ocrx_word' id='word_1_24' title='bbox 287 332 428 384; x_wconf 87' lang='lat' dir='ltr'>simpliciter</span> <span class='ocrx_word' id='word_1_25' title='bbox 436 351 445 370; x_wconf 73' lang='lat' dir='ltr'>n</span> <span class='ocrx_word' id='word_1_26' title='bbox 466 334 496 384; x_wconf 86' lang='lat' dir='ltr'>(v.</span> <span class='ocrx_word' id='word_1_27' title='bbox 515 332 695 373; x_wconf 71' lang='lat' dir='ltr'>ueteranorum</span> <span class='ocrx_word' id='word_1_28' title='bbox 712 331 775 370; x_wconf 90' lang='lat' dir='ltr'>hunc</span> <span class='ocrx_word' id='word_1_29' title='bbox 792 330 871 370; x_wconf 86' lang='lat' dir='ltr'>locum</span> <span class='ocrx_word' id='word_1_30' title='bbox 888 330 911 370; x_wconf 94' lang='lat' dir='ltr'>et</span> <span class='ocrx_word' id='word_1_31' title='bbox 926 330 952 369; x_wconf 93' lang='lat' dir='ltr'>in</span> <span class='ocrx_word' id='word_1_32' title='bbox 968 332 989 378; x_wconf 87' lang='grc'>2,</span> <span class='ocrx_word' id='word_1_33' title='bbox 1007 331 1020 369; x_wconf 93' lang='grc'>2</span> 
     </span>
     <span class='ocr_line' id='line_1_4' title="bbox 169 393 1020 447; baseline -0.006 -10"><span class='ocrx_word' id='word_1_34' title='bbox 169 408 197 447; x_wconf 73' lang='grc'>2.</span> <span class='ocrx_word' id='word_1_35' title='bbox 214 399 227 436; x_wconf 93' lang='grc'>6</span> <span class='ocrx_word' id='word_1_36' title='bbox 242 408 263 436; x_wconf 90' lang='lat' dir='ltr'>a.</span> <span class='ocrx_word' id='word_1_37' title='bbox 279 396 311 447; x_wconf 79' lang='grc'>2).</span> <span class='ocrx_word' id='word_1_38' title='bbox 328 398 389 437; x_wconf 86' lang='lat' dir='ltr'>Nam</span> <span class='ocrx_word' id='word_1_39' title='bbox 404 397 507 436; x_wconf 82' lang='lat' dir='ltr'>Thomas</span> <span class='ocrx_word' id='word_1_40' title='bbox 522 406 615 445; x_wconf 78' lang='lat' dir='ltr'>quoque</span> <span class='ocrx_word' id='word_1_41' title='bbox 631 394 720 434; x_wconf 89' lang='lat' dir='ltr'>censet:</span> <span class='ocrx_word' id='word_1_42' title='bbox 732 410 751 441; x_wconf 61' lang='lat' dir='ltr'>e</span> <span class='ocrx_word' id='word_1_43' title='bbox 759 393 830 433; x_wconf 82' lang='lat' dir='ltr'>Fides</span> <span class='ocrx_word' id='word_1_44' title='bbox 845 393 956 433; x_wconf 82' lang='lat' dir='ltr'>informis</span> <span class='ocrx_word' id='word_1_45' title='bbox 971 403 1020 432; x_wconf 88' lang='lat' dir='ltr'>non</span> 
     </span>
     <span class='ocr_line' id='line_1_5' title="bbox 175 455 1050 511; baseline -0.007 -12"><span class='ocrx_word' id='word_1_46' title='bbox 175 459 210 500; x_wconf 87' lang='lat' dir='ltr'>est</span> <span class='ocrx_word' id='word_1_47' title='bbox 219 459 314 500; x_wconf 69' lang='lat' dir='ltr'>virtus»</span> <span class='ocrx_word' id='word_1_48' title='bbox 330 460 358 511; x_wconf 89' lang='grc'>(2,</span> <span class='ocrx_word' id='word_1_49' title='bbox 371 462 385 500; x_wconf 94' lang='grc'>2</span> <span class='ocrx_word' id='word_1_50' title='bbox 396 471 418 510; x_wconf 82' lang='lat' dir='ltr'>q.</span> <span class='ocrx_word' id='word_1_51' title='bbox 429 462 443 499; x_wconf 84' lang='lat'><strong>4</strong></span> <span class='ocrx_word' id='word_1_52' title='bbox 453 471 474 499; x_wconf 91' lang='lat' dir='ltr'>a.</span> <span class='ocrx_word' id='word_1_53' title='bbox 486 459 516 509; x_wconf 79' lang='lat'>5).</span> <span class='ocrx_word' id='word_1_54' title='bbox 529 459 564 498; x_wconf 84' lang='lat' dir='ltr'>Ex</span> <span class='ocrx_word' id='word_1_55' title='bbox 576 457 649 498; x_wconf 90' lang='lat' dir='ltr'>altera</span> <span class='ocrx_word' id='word_1_56' title='bbox 659 463 715 497; x_wconf 86' lang='lat' dir='ltr'>vero</span> <span class='ocrx_word' id='word_1_57' title='bbox 727 456 793 507; x_wconf 88' lang='lat' dir='ltr'>parte</span> <span class='ocrx_word' id='word_1_58' title='bbox 806 455 918 506; x_wconf 88' lang='lat' dir='ltr'>supponit</span> <span class='ocrx_word' id='word_1_59' title='bbox 929 465 1018 503; x_wconf 85' lang='lat' dir='ltr'>casum,</span> <span class='ocrx_word' id='word_1_60' title='bbox 1048 497 1050 499; x_wconf 64' lang='grc'><strong>,</strong></span> 
     </span>
     <span class='ocr_line' id='line_1_6' title="bbox 175 519 1018 573; baseline -0.004 -11"><span class='ocrx_word' id='word_1_61' title='bbox 175 523 240 573; x_wconf 89' lang='lat' dir='ltr'>quod</span> <span class='ocrx_word' id='word_1_62' title='bbox 254 522 343 573; x_wconf 84' lang='lat' dir='ltr'>aliquis</span> <span class='ocrx_word' id='word_1_63' title='bbox 359 522 462 571; x_wconf 81' lang='lat' dir='ltr'>«accipit</span> <span class='ocrx_word' id='word_1_64' title='bbox 477 533 490 561; x_wconf 87' lang='lat' dir='ltr'>o</span> <span class='ocrx_word' id='word_1_65' title='bbox 504 522 553 560; x_wconf 86' lang='lat' dir='ltr'>Deo</span> <span class='ocrx_word' id='word_1_66' title='bbox 568 520 644 570; x_wconf 82' lang='lat' dir='ltr'>sidem</span> <span class='ocrx_word' id='word_1_67' title='bbox 659 519 747 570; x_wconf 76' lang='lat' dir='ltr'>ubsque</span> <span class='ocrx_word' id='word_1_68' title='bbox 763 520 877 559; x_wconf 79' lang='lat' dir='ltr'>caritate»</span> <span class='ocrx_word' id='word_1_69' title='bbox 897 519 930 570; x_wconf 85' lang='lat' dir='ltr'>(S.</span> <span class='ocrx_word' id='word_1_70' title='bbox 948 519 980 560; x_wconf 79' lang='lat' dir='ltr'>th.</span> <span class='ocrx_word' id='word_1_71' title='bbox 997 521 1018 567; x_wconf 83' lang='grc'>2,</span> 
     </span>
     <span class='ocr_line' id='line_1_7' title="bbox 175 582 1020 636; baseline -0.004 -11"><span class='ocrx_word' id='word_1_72' title='bbox 175 588 189 625; x_wconf 94' lang='grc'>2</span> <span class='ocrx_word' id='word_1_73' title='bbox 204 597 227 636; x_wconf 85' lang='lat' dir='ltr'>q.</span> <span class='ocrx_word' id='word_1_74' title='bbox 243 588 257 625; x_wconf 87' lang='lat'>6</span> <span class='ocrx_word' id='word_1_75' title='bbox 272 597 293 625; x_wconf 90' lang='lat' dir='ltr'>a.</span> <span class='ocrx_word' id='word_1_76' title='bbox 309 588 323 625; x_wconf 89' lang='grc'>2</span> <span class='ocrx_word' id='word_1_77' title='bbox 338 585 368 625; x_wconf 90' lang='lat' dir='ltr'>ad</span> <span class='ocrx_word' id='word_1_78' title='bbox 384 585 415 635; x_wconf 85' lang='lat'>3),</span> <span class='ocrx_word' id='word_1_79' title='bbox 431 585 474 624; x_wconf 88' lang='lat' dir='ltr'>ubi</span> <span class='ocrx_word' id='word_1_80' title='bbox 490 583 514 622; x_wconf 93' lang='lat' dir='ltr'>in</span> <span class='ocrx_word' id='word_1_81' title='bbox 530 582 577 623; x_wconf 91' lang='lat' dir='ltr'>toto</span> <span class='ocrx_word' id='word_1_82' title='bbox 594 582 705 623; x_wconf 86' lang='lat' dir='ltr'>contextu</span> <span class='ocrx_word' id='word_1_83' title='bbox 719 583 880 623; x_wconf 87' lang='lat' dir='ltr'>videturesse</span> <span class='ocrx_word' id='word_1_84' title='bbox 897 592 973 622; x_wconf 90' lang='lat' dir='ltr'>sermo</span> <span class='ocrx_word' id='word_1_85' title='bbox 990 582 1020 622; x_wconf 91' lang='lat' dir='ltr'>de</span> 
     </span>
     <span class='ocr_line' id='line_1_8' title="bbox 175 644 1020 697; baseline -0.007 -9"><span class='ocrx_word' id='word_1_86' title='bbox 175 649 225 688; x_wconf 81' lang='lat' dir='ltr'>tide</span> <span class='ocrx_word' id='word_1_87' title='bbox 236 648 360 688; x_wconf 75' lang='lat' dir='ltr'><em>habituali.</em></span> <span class='ocrx_word' id='word_1_88' title='bbox 372 673 404 677; x_wconf 98' lang='lat'><strong>—</strong></span> <span class='ocrx_word' id='word_1_89' title='bbox 415 647 450 687; x_wconf 81' lang='lat' dir='ltr'>Gt.</span> <span class='ocrx_word' id='word_1_90' title='bbox 462 647 513 686; x_wconf 78' lang='grc'>123</span> <span class='ocrx_word' id='word_1_91' title='bbox 525 646 548 686; x_wconf 85' lang='lat' dir='ltr'>d.</span> <span class='ocrx_word' id='word_1_92' title='bbox 561 649 587 687; x_wconf 87' lang='grc'>23</span> <span class='ocrx_word' id='word_1_93' title='bbox 599 657 621 697; x_wconf 82' lang='lat' dir='ltr'>q.</span> <span class='ocrx_word' id='word_1_94' title='bbox 634 649 647 686; x_wconf 83' lang='lat'><strong>3</strong></span> <span class='ocrx_word' id='word_1_95' title='bbox 658 657 680 686; x_wconf 89' lang='lat' dir='ltr'>a.</span> <span class='ocrx_word' id='word_1_96' title='bbox 693 648 713 693; x_wconf 83' lang='lat'>2,</span> <span class='ocrx_word' id='word_1_97' title='bbox 726 645 768 686; x_wconf 91' lang='lat' dir='ltr'>ubi</span> <span class='ocrx_word' id='word_1_98' title='bbox 780 655 913 695; x_wconf 75' lang='lat' dir='ltr'>supponere</span> <span class='ocrx_word' id='word_1_99' title='bbox 925 644 1020 685; x_wconf 86' lang='lat' dir='ltr'>videtur</span> 
     </span>
     <span class='ocr_line' id='line_1_9' title="bbox 175 708 1019 761; baseline -0.005 -10"><span class='ocrx_word' id='word_1_100' title='bbox 175 711 300 761; x_wconf 76' lang='lat' dir='ltr'>aliquoties</span> <span class='ocrx_word' id='word_1_101' title='bbox 319 710 415 749; x_wconf 89' lang='lat' dir='ltr'>iniundi</span> <span class='ocrx_word' id='word_1_102' title='bbox 434 709 544 749; x_wconf 87' lang='lat' dir='ltr'>habitum</span> <span class='ocrx_word' id='word_1_103' title='bbox 563 709 699 748; x_wconf 78' lang='lat' dir='ltr'>informem.</span> <span class='ocrx_word' id='word_1_104' title='bbox 721 709 772 748; x_wconf 90' lang='lat' dir='ltr'>Non</span> <span class='ocrx_word' id='word_1_105' title='bbox 793 708 891 758; x_wconf 77' lang='lat' dir='ltr'>quidem</span> <span class='ocrx_word' id='word_1_106' title='bbox 910 718 1019 758; x_wconf 73' lang='lat' dir='ltr'>expresse</span> 
     </span>
     <span class='ocr_line' id='line_1_10' title="bbox 173 770 1019 822; baseline -0.002 -10"><span class='ocrx_word' id='word_1_107' title='bbox 173 774 218 813; x_wconf 88' lang='lat' dir='ltr'>hoc</span> <span class='ocrx_word' id='word_1_108' title='bbox 230 773 295 820; x_wconf 87' lang='lat' dir='ltr'>dieit;</span> <span class='ocrx_word' id='word_1_109' title='bbox 307 773 332 813; x_wconf 91' lang='lat' dir='ltr'>id</span> <span class='ocrx_word' id='word_1_110' title='bbox 343 772 441 813; x_wconf 79' lang='lat' dir='ltr'>fortasse</span> <span class='ocrx_word' id='word_1_111' title='bbox 453 784 480 812; x_wconf 94' lang='lat' dir='ltr'>eo</span> <span class='ocrx_word' id='word_1_112' title='bbox 491 771 629 821; x_wconf 73' lang='lat' dir='ltr'>explicetur,</span> <span class='ocrx_word' id='word_1_113' title='bbox 643 772 707 822; x_wconf 83' lang='lat' dir='ltr'>quod</span> <span class='ocrx_word' id='word_1_114' title='bbox 718 770 849 821; x_wconf 74' lang='lat' dir='ltr'>generatim</span> <span class='ocrx_word' id='word_1_115' title='bbox 861 771 938 820; x_wconf 80' lang='lat' dir='ltr'>magis</span> <span class='ocrx_word' id='word_1_116' title='bbox 949 770 1019 810; x_wconf 86' lang='lat' dir='ltr'>illum</span> 
     </span>
     <span class='ocr_line' id='line_1_11' title="bbox 175 833 1019 884; baseline -0.004 -8"><span class='ocrx_word' id='word_1_117' title='bbox 175 848 256 876; x_wconf 88' lang='lat' dir='ltr'>casum</span> <span class='ocrx_word' id='word_1_118' title='bbox 274 836 389 875; x_wconf 85' lang='lat' dir='ltr'>rariorem</span> <span class='ocrx_word' id='word_1_119' title='bbox 413 834 552 882; x_wconf 86' lang='lat' dir='ltr'>considerat,</span> <span class='ocrx_word' id='word_1_120' title='bbox 571 834 613 874; x_wconf 87' lang='lat' dir='ltr'>ubi</span> <span class='ocrx_word' id='word_1_121' title='bbox 631 846 673 884; x_wconf 90' lang='lat' dir='ltr'>per</span> <span class='ocrx_word' id='word_1_122' title='bbox 691 845 766 874; x_wconf 88' lang='lat' dir='ltr'>unum</span> <span class='ocrx_word' id='word_1_123' title='bbox 785 833 864 874; x_wconf 85' lang='lat' dir='ltr'>actum</span> <span class='ocrx_word' id='word_1_124' title='bbox 883 833 1019 874; x_wconf 85' lang='lat' dir='ltr'>subitaneae</span> 
     </span>
     <span class='ocr_line' id='line_1_12' title="bbox 173 896 1017 948; baseline -0.005 -9"><span class='ocrx_word' id='word_1_125' title='bbox 173 899 335 939; x_wconf 80' lang='lat' dir='ltr'>conversionis</span> <span class='ocrx_word' id='word_1_126' title='bbox 356 898 437 938; x_wconf 88' lang='lat' dir='ltr'>omnia</span> <span class='ocrx_word' id='word_1_127' title='bbox 455 898 517 938; x_wconf 89' lang='lat' dir='ltr'>dona</span> <span class='ocrx_word' id='word_1_128' title='bbox 533 898 559 937; x_wconf 89' lang='lat' dir='ltr'>in</span> <span class='ocrx_word' id='word_1_129' title='bbox 576 898 659 938; x_wconf 91' lang='lat' dir='ltr'>eodem</span> <span class='ocrx_word' id='word_1_130' title='bbox 683 897 780 937; x_wconf 87' lang='lat' dir='ltr'>instanti</span> <span class='ocrx_word' id='word_1_131' title='bbox 805 896 953 947; x_wconf 87' lang='lat' dir='ltr'>accipiantur</span> <span class='ocrx_word' id='word_1_132' title='bbox 978 897 1017 948; x_wconf 81' lang='lat' dir='ltr'>(ei.</span> 
     </span>
     <span class='ocr_line' id='line_1_13' title="bbox 174 959 1019 1012; baseline -0.004 -10"><span class='ocrx_word' id='word_1_133' title='bbox 174 974 197 1001; x_wconf 90' lang='lat' dir='ltr'>n.</span> <span class='ocrx_word' id='word_1_134' title='bbox 217 964 258 1002; x_wconf 86' lang='grc'>223</span> <span class='ocrx_word' id='word_1_135' title='bbox 276 962 467 1012; x_wconf 70' lang='grc'>346343-346).</span> <span class='ocrx_word' id='word_1_136' title='bbox 494 961 628 1010; x_wconf 81' lang='lat' dir='ltr'>Tamquam</span> <span class='ocrx_word' id='word_1_137' title='bbox 652 960 766 1011; x_wconf 89' lang='lat' dir='ltr'>patronus</span> <span class='ocrx_word' id='word_1_138' title='bbox 792 959 865 999; x_wconf 88' lang='lat' dir='ltr'>huius</span> <span class='ocrx_word' id='word_1_139' title='bbox 891 959 1019 1000; x_wconf 89' lang='lat' dir='ltr'>sententiae</span> 
     </span>
     <span class='ocr_line' id='line_1_14' title="bbox 173 1023 1018 1075; baseline -0.001 -12"><span class='ocrx_word' id='word_1_140' title='bbox 173 1024 281 1075; x_wconf 80' lang='lat' dir='ltr'>Aquinas</span> <span class='ocrx_word' id='word_1_141' title='bbox 300 1023 432 1074; x_wconf 89' lang='lat' dir='ltr'>explicatur</span> <span class='ocrx_word' id='word_1_142' title='bbox 452 1024 482 1063; x_wconf 88' lang='lat' dir='ltr'>ab</span> <span class='ocrx_word' id='word_1_143' title='bbox 501 1023 557 1063; x_wconf 88' lang='lat' dir='ltr'>aliis</span> <span class='ocrx_word' id='word_1_144' title='bbox 576 1023 676 1063; x_wconf 88' lang='lat' dir='ltr'>eandem</span> <span class='ocrx_word' id='word_1_145' title='bbox 697 1023 887 1071; x_wconf 87' lang='lat' dir='ltr'>defendentibus,</span> <span class='ocrx_word' id='word_1_146' title='bbox 909 1023 924 1062; x_wconf 89' lang='lat' dir='ltr'>i.</span> <span class='ocrx_word' id='word_1_147' title='bbox 945 1034 965 1062; x_wconf 95' lang='lat' dir='ltr'>e.</span> <span class='ocrx_word' id='word_1_148' title='bbox 987 1023 1018 1062; x_wconf 90' lang='lat' dir='ltr'>ab</span> 
     </span>
     <span class='ocr_line' id='line_1_15' title="bbox 173 1085 1019 1137; baseline -0.004 -11"><span class='ocrx_word' id='word_1_149' title='bbox 173 1087 306 1127; x_wconf 85' lang='lat' dir='ltr'>omnibus</span> <span class='ocrx_word' id='word_1_150' title='bbox 321 1087 380 1127; x_wconf 85' lang='lat' dir='ltr'>iere</span> <span class='ocrx_word' id='word_1_151' title='bbox 396 1085 553 1126; x_wconf 82' lang='lat' dir='ltr'>Themistis</span> <span class='ocrx_word' id='word_1_152' title='bbox 570 1086 683 1137; x_wconf 77' lang='lat' dir='ltr'>(Medion,</span> <span class='ocrx_word' id='word_1_153' title='bbox 700 1086 795 1126; x_wconf 76' lang='lat' dir='ltr'>Bannez</span> <span class='ocrx_word' id='word_1_154' title='bbox 812 1086 864 1137; x_wconf 76' lang='lat' dir='ltr'>eet)</span> <span class='ocrx_word' id='word_1_155' title='bbox 882 1086 905 1127; x_wconf 85' lang='lat' dir='ltr'>et</span> <span class='ocrx_word' id='word_1_156' title='bbox 918 1097 933 1126; x_wconf 89' lang='lat' dir='ltr'>a</span> <span class='ocrx_word' id='word_1_157' title='bbox 947 1085 1019 1126; x_wconf 89' lang='lat' dir='ltr'>mul-</span> 
     </span>
     <span class='ocr_line' id='line_1_16' title="bbox 174 1148 1017 1200; baseline -0.001 -10"><span class='ocrx_word' id='word_1_158' title='bbox 174 1151 210 1190; x_wconf 91' lang='lat' dir='ltr'>tis</span> <span class='ocrx_word' id='word_1_159' title='bbox 230 1150 361 1190; x_wconf 88' lang='lat' dir='ltr'>Iesuitis:</span> <span class='ocrx_word' id='word_1_160' title='bbox 391 1149 490 1197; x_wconf 79' lang='lat' dir='ltr'>Matina,</span> <span class='ocrx_word' id='word_1_161' title='bbox 513 1148 627 1197; x_wconf 78' lang='lat' dir='ltr'>Valentia,</span> <span class='ocrx_word' id='word_1_162' title='bbox 648 1149 744 1197; x_wconf 68' lang='lat' dir='ltr'>Saurea,</span> <span class='ocrx_word' id='word_1_163' title='bbox 767 1149 882 1200; x_wconf 66' lang='lat' dir='ltr'>Vonones,</span> <span class='ocrx_word' id='word_1_164' title='bbox 905 1149 1017 1197; x_wconf 71' lang='lat' dir='ltr'>Contacta,</span> 
     </span>
     <span class='ocr_line' id='line_1_17' title="bbox 172 1212 1019 1267; baseline -0.001 -14"><span class='ocrx_word' id='word_1_165' title='bbox 172 1214 266 1267; x_wconf 80' lang='lat' dir='ltr'>Turres,</span> <span class='ocrx_word' id='word_1_166' title='bbox 283 1212 402 1261; x_wconf 60' lang='lat' dir='ltr'>(truendo,</span> <span class='ocrx_word' id='word_1_167' title='bbox 418 1212 524 1252; x_wconf 77' lang='lat' dir='ltr'>Hurtudo</span> <span class='ocrx_word' id='word_1_168' title='bbox 540 1212 583 1253; x_wconf 90' lang='lat' dir='ltr'>etc.</span> <span class='ocrx_word' id='word_1_169' title='bbox 600 1212 675 1252; x_wconf 86' lang='lat' dir='ltr'>Hodie</span> <span class='ocrx_word' id='word_1_170' title='bbox 691 1212 752 1252; x_wconf 88' lang='lat' dir='ltr'>hano</span> <span class='ocrx_word' id='word_1_171' title='bbox 768 1212 909 1253; x_wconf 86' lang='lat' dir='ltr'>sententiam</span> <span class='ocrx_word' id='word_1_172' title='bbox 924 1212 952 1253; x_wconf 91' lang='lat' dir='ltr'>ut</span> <span class='ocrx_word' id='word_1_173' title='bbox 966 1223 1019 1262; x_wconf 89' lang='lat' dir='ltr'>pro-</span> 
     </span>
     <span class='ocr_line' id='line_1_18' title="bbox 173 1274 782 1325; baseline -0.003 -9"><span class='ocrx_word' id='word_1_174' title='bbox 173 1276 315 1316; x_wconf 86' lang='lat' dir='ltr'>babiliorem</span> <span class='ocrx_word' id='word_1_175' title='bbox 334 1275 415 1316; x_wconf 85' lang='lat' dir='ltr'>tenent</span> <span class='ocrx_word' id='word_1_176' title='bbox 434 1274 574 1316; x_wconf 84' lang='lat' dir='ltr'>Sohiftini</span> <span class='ocrx_word' id='word_1_177' title='bbox 593 1275 616 1315; x_wconf 88' lang='lat' dir='ltr'>et</span> <span class='ocrx_word' id='word_1_178' title='bbox 634 1274 782 1325; x_wconf 87' lang='lat' dir='ltr'>Diekamp.</span> 
     </span>
    </p>
   </div>
   <div class='ocr_carea' id='block_1_4' title="bbox 170 1364 1019 2235">
    <p class='ocr_par' dir='ltr' id='par_1_4' title="bbox 170 1364 1019 2235">
     <span class='ocr_line' id='line_1_19' title="bbox 241 1364 1016 1419; baseline -0.001 -12"><span class='ocrx_word' id='word_1_179' title='bbox 241 1370 262 1407; x_wconf 90' lang='grc'>2.</span> <span class='ocrx_word' id='word_1_180' title='bbox 277 1366 412 1419; x_wconf 84' lang='lat' dir='ltr'>Numquam</span> <span class='ocrx_word' id='word_1_181' title='bbox 425 1365 579 1407; x_wconf 78' lang='lat' dir='ltr'>intunduntur</span> <span class='ocrx_word' id='word_1_182' title='bbox 593 1365 644 1407; x_wconf 86' lang='lat' dir='ltr'>sine</span> <span class='ocrx_word' id='word_1_183' title='bbox 657 1365 740 1406; x_wconf 83' lang='lat' dir='ltr'>habitu</span> <span class='ocrx_word' id='word_1_184' title='bbox 753 1366 847 1417; x_wconf 77' lang='lat' dir='ltr'>gratiae</span> <span class='ocrx_word' id='word_1_185' title='bbox 861 1367 886 1405; x_wconf 85' lang='lat' dir='ltr'>et</span> <span class='ocrx_word' id='word_1_186' title='bbox 901 1364 1016 1406; x_wconf 83' lang='lat' dir='ltr'>caritatis.</span> 
     </span>
     <span class='ocr_line' id='line_1_20' title="bbox 173 1428 1019 1479; baseline -0.002 -9"><span class='ocrx_word' id='word_1_187' title='bbox 173 1453 204 1459; x_wconf 86' lang='lat'>—-</span> <span class='ocrx_word' id='word_1_188' title='bbox 218 1430 241 1470; x_wconf 84' lang='lat' dir='ltr'>S.</span> <span class='ocrx_word' id='word_1_189' title='bbox 257 1428 459 1470; x_wconf 84' lang='lat' dir='ltr'>Bonaventura</span> <span class='ocrx_word' id='word_1_190' title='bbox 471 1428 565 1469; x_wconf 85' lang='lat' dir='ltr'>videtur</span> <span class='ocrx_word' id='word_1_191' title='bbox 578 1429 657 1469; x_wconf 81' lang='lat' dir='ltr'>lavere</span> <span class='ocrx_word' id='word_1_192' title='bbox 670 1428 699 1468; x_wconf 84' lang='lat' dir='ltr'>In</span> <span class='ocrx_word' id='word_1_193' title='bbox 713 1431 726 1468; x_wconf 80' lang='lat'><em>3</em></span> <span class='ocrx_word' id='word_1_194' title='bbox 739 1428 762 1469; x_wconf 92' lang='lat' dir='ltr'>d.</span> <span class='ocrx_word' id='word_1_195' title='bbox 777 1431 805 1469; x_wconf 90' lang='grc'>23</span> <span class='ocrx_word' id='word_1_196' title='bbox 817 1440 840 1479; x_wconf 87' lang='lat' dir='ltr'>q.</span> <span class='ocrx_word' id='word_1_197' title='bbox 855 1431 876 1477; x_wconf 74' lang='lat'>43</span> <span class='ocrx_word' id='word_1_198' title='bbox 891 1428 913 1469; x_wconf 92' lang='lat' dir='ltr'>d.</span> <span class='ocrx_word' id='word_1_199' title='bbox 927 1431 955 1469; x_wconf 89' lang='grc'>26</span> <span class='ocrx_word' id='word_1_200' title='bbox 968 1438 990 1468; x_wconf 90' lang='lat' dir='ltr'>a.</span> <span class='ocrx_word' id='word_1_201' title='bbox 1005 1430 1019 1468; x_wconf 93' lang='grc'>2</span> 
     </span>
     <span class='ocr_line' id='line_1_21' title="bbox 174 1491 1018 1543; baseline -0.004 -10"><span class='ocrx_word' id='word_1_202' title='bbox 174 1504 196 1543; x_wconf 78' lang='lat' dir='ltr'>q.</span> <span class='ocrx_word' id='word_1_203' title='bbox 210 1495 232 1541; x_wconf 75' lang='lat'>33</span> <span class='ocrx_word' id='word_1_204' title='bbox 245 1493 285 1533; x_wconf 90' lang='lat' dir='ltr'>sed</span> <span class='ocrx_word' id='word_1_205' title='bbox 299 1493 322 1533; x_wconf 90' lang='lat' dir='ltr'>d.</span> <span class='ocrx_word' id='word_1_206' title='bbox 335 1495 362 1533; x_wconf 89' lang='grc'>26</span> <span class='ocrx_word' id='word_1_207' title='bbox 374 1504 395 1533; x_wconf 85' lang='grc'>2.</span> <span class='ocrx_word' id='word_1_208' title='bbox 410 1495 421 1532; x_wconf 84' lang='grc'>1</span> <span class='ocrx_word' id='word_1_209' title='bbox 435 1503 457 1542; x_wconf 80' lang='lat' dir='ltr'>q.</span> <span class='ocrx_word' id='word_1_210' title='bbox 472 1491 591 1532; x_wconf 65' lang='lat' dir='ltr'>evidetur</span> <span class='ocrx_word' id='word_1_211' title='bbox 602 1491 768 1532; x_wconf 86' lang='lat' dir='ltr'>universaliter</span> <span class='ocrx_word' id='word_1_212' title='bbox 780 1492 809 1532; x_wconf 90' lang='lat' dir='ltr'>de</span> <span class='ocrx_word' id='word_1_213' title='bbox 822 1492 888 1531; x_wconf 87' lang='lat' dir='ltr'>omni</span> <span class='ocrx_word' id='word_1_214' title='bbox 901 1491 954 1532; x_wconf 85' lang='lat' dir='ltr'>actu</span> <span class='ocrx_word' id='word_1_215' title='bbox 968 1491 1018 1542; x_wconf 90' lang='lat' dir='ltr'>spei</span> 
     </span>
     <span class='ocr_line' id='line_1_22' title="bbox 173 1554 1018 1604; baseline -0.001 -9"><span class='ocrx_word' id='word_1_216' title='bbox 173 1556 285 1595; x_wconf 82' lang='lat' dir='ltr'>informis</span> <span class='ocrx_word' id='word_1_217' title='bbox 300 1555 390 1595; x_wconf 81' lang='lat' dir='ltr'>dicere:</span> <span class='ocrx_word' id='word_1_218' title='bbox 412 1572 421 1591; x_wconf 80' lang='lat' dir='ltr'>(t</span> <span class='ocrx_word' id='word_1_219' title='bbox 429 1554 472 1595; x_wconf 94' lang='lat' dir='ltr'>Ille</span> <span class='ocrx_word' id='word_1_220' title='bbox 488 1554 554 1595; x_wconf 85' lang='lat' dir='ltr'>actus</span> <span class='ocrx_word' id='word_1_221' title='bbox 570 1554 681 1604; x_wconf 88' lang='lat' dir='ltr'>sperandi</span> <span class='ocrx_word' id='word_1_222' title='bbox 697 1555 727 1595; x_wconf 88' lang='lat' dir='ltr'>ab</span> <span class='ocrx_word' id='word_1_223' title='bbox 743 1554 823 1604; x_wconf 78' lang='lat' dir='ltr'>aliquo</span> <span class='ocrx_word' id='word_1_224' title='bbox 840 1554 923 1595; x_wconf 90' lang='lat' dir='ltr'>habitu</span> <span class='ocrx_word' id='word_1_225' title='bbox 938 1565 1018 1604; x_wconf 87' lang='lat' dir='ltr'>proce-</span> 
     </span>
     <span class='ocr_line' id='line_1_23' title="bbox 173 1611 1018 1668; baseline -0.001 -9"><span class='ocrx_word' id='word_1_226' title='bbox 173 1618 253 1659; x_wconf 78' lang='grc'>612»1</span> <span class='ocrx_word' id='word_1_227' title='bbox 266 1644 298 1649; x_wconf 84' lang='lat'>—</span> <span class='ocrx_word' id='word_1_228' title='bbox 311 1617 397 1659; x_wconf 83' lang='lat' dir='ltr'>Scotus</span> <span class='ocrx_word' id='word_1_229' title='bbox 410 1618 440 1658; x_wconf 86' lang='lat' dir='ltr'>ab</span> <span class='ocrx_word' id='word_1_230' title='bbox 452 1617 566 1658; x_wconf 88' lang='lat' dir='ltr'>omnibus</span> <span class='ocrx_word' id='word_1_231' title='bbox 578 1618 627 1658; x_wconf 85' lang='lat' dir='ltr'>tere</span> <span class='ocrx_word' id='word_1_232' title='bbox 640 1617 742 1658; x_wconf 88' lang='lat' dir='ltr'>habetur</span> <span class='ocrx_word' id='word_1_233' title='bbox 755 1616 870 1668; x_wconf 88' lang='lat' dir='ltr'>patronus</span> <span class='ocrx_word' id='word_1_234' title='bbox 883 1617 956 1658; x_wconf 86' lang='lat' dir='ltr'>huius</span> <span class='ocrx_word' id='word_1_235' title='bbox 968 1611 1018 1667; x_wconf 82' lang='lat' dir='ltr'>opi-</span> 
     </span>
     <span class='ocr_line' id='line_1_24' title="bbox 173 1680 1019 1731; baseline -0.001 -10"><span class='ocrx_word' id='word_1_236' title='bbox 173 1681 259 1729; x_wconf 88' lang='lat' dir='ltr'>nionis;</span> <span class='ocrx_word' id='word_1_237' title='bbox 277 1682 318 1721; x_wconf 86' lang='lat' dir='ltr'>sed</span> <span class='ocrx_word' id='word_1_238' title='bbox 339 1681 463 1731; x_wconf 68' lang='lat' dir='ltr'>Lycaei-ris,</span> <span class='ocrx_word' id='word_1_239' title='bbox 488 1680 628 1731; x_wconf 86' lang='lat' dir='ltr'>principalis</span> <span class='ocrx_word' id='word_1_240' title='bbox 649 1681 701 1721; x_wconf 89' lang='lat' dir='ltr'>eius</span> <span class='ocrx_word' id='word_1_241' title='bbox 722 1680 901 1729; x_wconf 72' lang='lat' dir='ltr'>commentator,</span> <span class='ocrx_word' id='word_1_242' title='bbox 919 1681 1019 1721; x_wconf 87' lang='lat' dir='ltr'>conatur</span> 
     </span>
     <span class='ocr_line' id='line_1_25' title="bbox 170 1742 1018 1793; baseline -0.002 -9"><span class='ocrx_word' id='word_1_243' title='bbox 170 1756 226 1784; x_wconf 88' lang='lat' dir='ltr'>eum</span> <span class='ocrx_word' id='word_1_244' title='bbox 243 1743 310 1785; x_wconf 85' lang='lat' dir='ltr'>iuxta</span> <span class='ocrx_word' id='word_1_245' title='bbox 327 1747 365 1785; x_wconf 68' lang='lat' dir='ltr'>pm</span> <span class='ocrx_word' id='word_1_246' title='bbox 395 1744 534 1785; x_wconf 88' lang='lat' dir='ltr'>sententiam</span> <span class='ocrx_word' id='word_1_247' title='bbox 553 1754 677 1793; x_wconf 82' lang='lat' dir='ltr'>exponere.</span> <span class='ocrx_word' id='word_1_248' title='bbox 702 1744 855 1784; x_wconf 85' lang='lat' dir='ltr'>Durandus</span> <span class='ocrx_word' id='word_1_249' title='bbox 878 1744 902 1785; x_wconf 89' lang='lat' dir='ltr'>et</span> <span class='ocrx_word' id='word_1_250' title='bbox 925 1742 1018 1784; x_wconf 89' lang='lat' dir='ltr'>Nomi-</span> 
     </span>
     <span class='ocr_line' id='line_1_26' title="bbox 172 1805 1016 1858; baseline 0.001 -12"><span class='ocrx_word' id='word_1_251' title='bbox 172 1807 306 1855; x_wconf 88' lang='lat' dir='ltr'>nalistae‚</span> <span class='ocrx_word' id='word_1_252' title='bbox 324 1807 498 1858; x_wconf 75' lang='lat' dir='ltr'>quadamtenus</span> <span class='ocrx_word' id='word_1_253' title='bbox 515 1806 586 1847; x_wconf 89' lang='lat' dir='ltr'>etiam</span> <span class='ocrx_word' id='word_1_254' title='bbox 604 1805 754 1854; x_wconf 84' lang='lat' dir='ltr'>Scotistae‚</span> <span class='ocrx_word' id='word_1_255' title='bbox 773 1818 802 1846; x_wconf 78' lang='lat' dir='ltr'>ea</span> <span class='ocrx_word' id='word_1_256' title='bbox 817 1806 878 1857; x_wconf 75' lang='lat' dir='ltr'>falso</span> <span class='ocrx_word' id='word_1_257' title='bbox 895 1806 1016 1857; x_wconf 80' lang='lat' dir='ltr'>supposito</span> 
     </span>
     <span class='ocr_line' id='line_1_27' title="bbox 172 1868 1017 1920; baseline 0 -10"><span class='ocrx_word' id='word_1_258' title='bbox 172 1870 228 1910; x_wconf 91' lang='lat' dir='ltr'>huic</span> <span class='ocrx_word' id='word_1_259' title='bbox 245 1870 374 1911; x_wconf 85' lang='lat' dir='ltr'>sententiae</span> <span class='ocrx_word' id='word_1_260' title='bbox 391 1869 527 1917; x_wconf 60' lang='lat' dir='ltr'>adhaerent</span> <span class='ocrx_word' id='word_1_261' title='bbox 546 1869 631 1920; x_wconf 89' lang='lat' dir='ltr'>putant</span> <span class='ocrx_word' id='word_1_262' title='bbox 646 1869 711 1910; x_wconf 87' lang='lat' dir='ltr'>enirn</span> <span class='ocrx_word' id='word_1_263' title='bbox 728 1868 795 1909; x_wconf 89' lang='lat' dir='ltr'>actus</span> <span class='ocrx_word' id='word_1_264' title='bbox 812 1868 932 1911; x_wconf 87' lang='lat' dir='ltr'>entitative</span> <span class='ocrx_word' id='word_1_265' title='bbox 950 1869 992 1910; x_wconf 90' lang='lat' dir='ltr'>nat</span> <span class='ocrx_word' id='word_1_266' title='bbox 1010 1896 1017 1902; x_wconf 95' lang='lat'>-</span> 
     </span>
     <span class='ocr_line' id='line_1_28' title="bbox 172 1931 1017 1983; baseline 0 -10"><span class='ocrx_word' id='word_1_267' title='bbox 172 1933 233 1973; x_wconf 88' lang='lat' dir='ltr'>rales</span> <span class='ocrx_word' id='word_1_268' title='bbox 251 1933 274 1973; x_wconf 86' lang='lat' dir='ltr'>et</span> <span class='ocrx_word' id='word_1_269' title='bbox 291 1933 388 1974; x_wconf 87' lang='lat' dir='ltr'>habitus</span> <span class='ocrx_word' id='word_1_270' title='bbox 406 1932 534 1983; x_wconf 80' lang='lat' dir='ltr'>acquisitos</span> <span class='ocrx_word' id='word_1_271' title='bbox 552 1932 693 1973; x_wconf 85' lang='lat' dir='ltr'>sufficienler</span> <span class='ocrx_word' id='word_1_272' title='bbox 711 1932 836 1982; x_wconf 86' lang='lat' dir='ltr'>disponere</span> <span class='ocrx_word' id='word_1_273' title='bbox 855 1933 886 1973; x_wconf 90' lang='lat' dir='ltr'>ad</span> <span class='ocrx_word' id='word_1_274' title='bbox 903 1931 1017 1973; x_wconf 83' lang='lat' dir='ltr'>iustifica-</span> 
     </span>
     <span class='ocr_line' id='line_1_29' title="bbox 172 1994 1017 2048; baseline 0 -12"><span class='ocrx_word' id='word_1_275' title='bbox 172 1996 262 2036; x_wconf 87' lang='lat' dir='ltr'>tionem</span> <span class='ocrx_word' id='word_1_276' title='bbox 280 1998 310 2048; x_wconf 90' lang='lat' dir='ltr'>(v.</span> <span class='ocrx_word' id='word_1_277' title='bbox 329 2007 352 2035; x_wconf 89' lang='lat' dir='ltr'>n.</span> <span class='ocrx_word' id='word_1_278' title='bbox 370 1994 500 2045; x_wconf 80' lang='grc'>226-228).</span> <span class='ocrx_word' id='word_1_279' title='bbox 517 1994 585 2046; x_wconf 75' lang='lat' dir='ltr'>Vaga</span> <span class='ocrx_word' id='word_1_280' title='bbox 601 2006 644 2045; x_wconf 87' lang='lat' dir='ltr'>pro</span> <span class='ocrx_word' id='word_1_281' title='bbox 660 1995 704 2035; x_wconf 89' lang='lat' dir='ltr'>hac</span> <span class='ocrx_word' id='word_1_282' title='bbox 722 1994 837 2036; x_wconf 87' lang='lat' dir='ltr'>sententia</span> <span class='ocrx_word' id='word_1_283' title='bbox 853 1996 884 2036; x_wconf 89' lang='lat' dir='ltr'>ad</span> <span class='ocrx_word' id='word_1_284' title='bbox 900 1995 1017 2036; x_wconf 80' lang='lat' dir='ltr'>Tridenti-</span> 
     </span>
     <span class='ocr_line' id='line_1_30' title="bbox 172 2057 1016 2110; baseline 0.001 -12"><span class='ocrx_word' id='word_1_285' title='bbox 172 2070 232 2099; x_wconf 88' lang='lat' dir='ltr'>num</span> <span class='ocrx_word' id='word_1_286' title='bbox 253 2058 372 2108; x_wconf 83' lang='lat' dir='ltr'>provocat,</span> <span class='ocrx_word' id='word_1_287' title='bbox 396 2058 461 2109; x_wconf 77' lang='lat' dir='ltr'>Lugo</span> <span class='ocrx_word' id='word_1_288' title='bbox 483 2058 505 2099; x_wconf 90' lang='lat' dir='ltr'>et</span> <span class='ocrx_word' id='word_1_289' title='bbox 527 2057 627 2110; x_wconf 81' lang='lat' dir='ltr'>Ripalda</span> <span class='ocrx_word' id='word_1_290' title='bbox 644 2070 697 2099; x_wconf 89' lang='lat' dir='ltr'>eam</span> <span class='ocrx_word' id='word_1_291' title='bbox 713 2058 739 2099; x_wconf 86' lang='lat' dir='ltr'>ut</span> <span class='ocrx_word' id='word_1_292' title='bbox 755 2057 941 2108; x_wconf 84' lang='lat' dir='ltr'>probabiliorem</span> <span class='ocrx_word' id='word_1_293' title='bbox 964 2059 1016 2099; x_wconf 82' lang='lat' dir='ltr'>fuse</span> 
     </span>
     <span class='ocr_line' id='line_1_31' title="bbox 172 2121 1017 2163; baseline -0.001 -1"><span class='ocrx_word' id='word_1_294' title='bbox 172 2121 311 2162; x_wconf 78' lang='lat' dir='ltr'>defendunt.</span> <span class='ocrx_word' id='word_1_295' title='bbox 332 2121 451 2162; x_wconf 83' lang='lat' dir='ltr'>Paulatim</span> <span class='ocrx_word' id='word_1_296' title='bbox 469 2121 543 2161; x_wconf 81' lang='lat' dir='ltr'>erasit</span> <span class='ocrx_word' id='word_1_297' title='bbox 559 2121 634 2161; x_wconf 80' lang='lat' dir='ltr'>multo</span> <span class='ocrx_word' id='word_1_298' title='bbox 653 2122 810 2161; x_wconf 74' lang='lat' dir='ltr'>conturbator.</span> <span class='ocrx_word' id='word_1_299' title='bbox 826 2121 937 2162; x_wconf 90' lang='lat' dir='ltr'>.Doeetur</span> <span class='ocrx_word' id='word_1_300' title='bbox 955 2122 1017 2163; x_wconf 87' lang='lat' dir='ltr'>inter</span> 
     </span>
     <span class='ocr_line' id='line_1_32' title="bbox 172 2184 1014 2235; baseline 0 -10"><span class='ocrx_word' id='word_1_301' title='bbox 172 2185 231 2225; x_wconf 87' lang='lat' dir='ltr'>alios</span> <span class='ocrx_word' id='word_1_302' title='bbox 244 2196 259 2225; x_wconf 87' lang='lat' dir='ltr'>a</span> <span class='ocrx_word' id='word_1_303' title='bbox 276 2185 520 2235; x_wconf 75' lang='lat' dir='ltr'>Wirceburpensibns,</span> <span class='ocrx_word' id='word_1_304' title='bbox 537 2184 659 2233; x_wconf 75' lang='lat' dir='ltr'>llluzzellu,</span> <span class='ocrx_word' id='word_1_305' title='bbox 676 2184 802 2233; x_wconf 81' lang='lat' dir='ltr'>Lubousse,</span> <span class='ocrx_word' id='word_1_306' title='bbox 819 2184 902 2233; x_wconf 82' lang='lat' dir='ltr'>Peseb,</span> <span class='ocrx_word' id='word_1_307' title='bbox 919 2186 1014 2225; x_wconf 75' lang='lat' dir='ltr'>Beruzu.</span> 
     </span>
    </p>
   </div>
   <div class='ocr_carea' id='block_1_5' title="bbox 172 2275 1070 2515">
    <p class='ocr_par' dir='ltr' id='par_1_5' title="bbox 172 2275 1070 2515">
     <span class='ocr_line' id='line_1_33' title="bbox 239 2275 1016 2327; baseline 0 -10"><span class='ocrx_word' id='word_1_308' title='bbox 239 2279 260 2317; x_wconf 89' lang='lat'>3.</span> <span class='ocrx_word' id='word_1_309' title='bbox 277 2275 382 2317; x_wconf 83' lang='lat' dir='ltr'>Mediam</span> <span class='ocrx_word' id='word_1_310' title='bbox 398 2275 541 2317; x_wconf 80' lang='lat' dir='ltr'>sententiam</span> <span class='ocrx_word' id='word_1_311' title='bbox 558 2276 642 2317; x_wconf 84' lang='lat' dir='ltr'>docent</span> <span class='ocrx_word' id='word_1_312' title='bbox 658 2276 811 2317; x_wconf 82' lang='lat' dir='ltr'>Caietanus</span> <span class='ocrx_word' id='word_1_313' title='bbox 829 2277 866 2327; x_wconf 83' lang='lat' dir='ltr'>(ln</span> <span class='ocrx_word' id='word_1_314' title='bbox 883 2279 902 2324; x_wconf 79' lang='lat' dir='ltr'>l,</span> <span class='ocrx_word' id='word_1_315' title='bbox 919 2279 932 2316; x_wconf 83' lang='grc'>2</span> <span class='ocrx_word' id='word_1_316' title='bbox 948 2288 970 2327; x_wconf 82' lang='lat' dir='ltr'>q.</span> <span class='ocrx_word' id='word_1_317' title='bbox 989 2279 1016 2317; x_wconf 90' lang='grc'>62</span> 
     </span>
     <span class='ocr_line' id='line_1_34' title="bbox 172 2338 1016 2390; baseline 0 -11"><span class='ocrx_word' id='word_1_318' title='bbox 172 2351 192 2379; x_wconf 89' lang='lat' dir='ltr'>a.</span> <span class='ocrx_word' id='word_1_319' title='bbox 207 2340 228 2390; x_wconf 75' lang='lat'>4)</span> <span class='ocrx_word' id='word_1_320' title='bbox 242 2339 265 2380; x_wconf 90' lang='lat' dir='ltr'>et</span> <span class='ocrx_word' id='word_1_321' title='bbox 277 2340 345 2379; x_wconf 91' lang='lat' dir='ltr'>Dom.</span> <span class='ocrx_word' id='word_1_322' title='bbox 360 2338 426 2379; x_wconf 86' lang='lat' dir='ltr'>Soto</span> <span class='ocrx_word' id='word_1_323' title='bbox 440 2339 482 2390; x_wconf 84' lang='lat' dir='ltr'>(De</span> <span class='ocrx_word' id='word_1_324' title='bbox 495 2344 544 2379; x_wconf 83' lang='lat' dir='ltr'>not.</span> <span class='ocrx_word' id='word_1_325' title='bbox 559 2345 580 2379; x_wconf 84' lang='lat' dir='ltr'>et</span> <span class='ocrx_word' id='word_1_326' title='bbox 592 2345 652 2390; x_wconf 75' lang='lat' dir='ltr'>prat.</span> <span class='ocrx_word' id='word_1_327' title='bbox 667 2342 687 2387; x_wconf 85' lang='lat'>1,</span> <span class='ocrx_word' id='word_1_328' title='bbox 701 2339 736 2390; x_wconf 85' lang='lat'>8):</span> <span class='ocrx_word' id='word_1_329' title='bbox 754 2339 828 2379; x_wconf 81' lang='lat' dir='ltr'>Extra</span> <span class='ocrx_word' id='word_1_330' title='bbox 840 2339 1016 2380; x_wconf 83' lang='lat' dir='ltr'>sacramentum</span> 
     </span>
     <span class='ocr_line' id='line_1_35' title="bbox 172 2401 1016 2453; baseline 0.001 -11"><span class='ocrx_word' id='word_1_331' title='bbox 172 2402 233 2442; x_wconf 85' lang='lat' dir='ltr'>tides</span> <span class='ocrx_word' id='word_1_332' title='bbox 251 2402 274 2442; x_wconf 90' lang='lat' dir='ltr'>et</span> <span class='ocrx_word' id='word_1_333' title='bbox 292 2413 345 2452; x_wconf 88' lang='lat' dir='ltr'>spes</span> <span class='ocrx_word' id='word_1_334' title='bbox 362 2413 411 2442; x_wconf 91' lang='lat' dir='ltr'>non</span> <span class='ocrx_word' id='word_1_335' title='bbox 429 2401 592 2442; x_wconf 84' lang='lat' dir='ltr'>intunduntur</span> <span class='ocrx_word' id='word_1_336' title='bbox 616 2402 705 2453; x_wconf 80' lang='lat' dir='ltr'>absque</span> <span class='ocrx_word' id='word_1_337' title='bbox 731 2401 835 2443; x_wconf 87' lang='lat' dir='ltr'>caritate.</span> <span class='ocrx_word' id='word_1_338' title='bbox 863 2403 1016 2443; x_wconf 80' lang='lat' dir='ltr'>Sacramenta</span> 
     </span>
     <span class='ocr_line' id='line_1_36' title="bbox 172 2464 1070 2515; baseline 0.002 -11"><span class='ocrx_word' id='word_1_339' title='bbox 172 2465 251 2505; x_wconf 84' lang='lat' dir='ltr'>autem</span> <span class='ocrx_word' id='word_1_340' title='bbox 267 2465 404 2515; x_wconf 83' lang='lat' dir='ltr'>operantur,</span> <span class='ocrx_word' id='word_1_341' title='bbox 422 2465 447 2504; x_wconf 93' lang='lat' dir='ltr'>in</span> <span class='ocrx_word' id='word_1_342' title='bbox 465 2464 581 2515; x_wconf 80' lang='lat' dir='ltr'>quantum</span> <span class='ocrx_word' id='word_1_343' title='bbox 599 2465 659 2505; x_wconf 86' lang='lat' dir='ltr'>obex</span> <span class='ocrx_word' id='word_1_344' title='bbox 676 2476 724 2505; x_wconf 91' lang='lat' dir='ltr'>non</span> <span class='ocrx_word' id='word_1_345' title='bbox 739 2464 824 2514; x_wconf 85' lang='lat' dir='ltr'>obstat,</span> <span class='ocrx_word' id='word_1_346' title='bbox 843 2466 866 2506; x_wconf 90' lang='lat' dir='ltr'>et</span> <span class='ocrx_word' id='word_1_347' title='bbox 882 2465 1016 2515; x_wconf 87' lang='lat' dir='ltr'>baptismus</span> <span class='ocrx_word' id='word_1_348' title='bbox 1065 2497 1070 2512; x_wconf 73' lang='lat'>,</span> 
     </span>
    </p>
   </div>
   <div class='ocr_carea' id='block_1_6' title="bbox 113 2527 1016 2580">
    <p class='ocr_par' dir='ltr' id='par_1_6' title="bbox 113 2527 1016 2580">
     <span class='ocr_line' id='line_1_37' title="bbox 113 2527 1016 2580; baseline 0.007 -17"><span class='ocrx_word' id='word_1_349' title='bbox 113 2558 115 2563; x_wconf 76' lang='grc'><em>.</em></span> <span class='ocrx_word' id='word_1_350' title='bbox 172 2527 305 2578; x_wconf 86' lang='lat' dir='ltr'>specialiter</span> <span class='ocrx_word' id='word_1_351' title='bbox 322 2527 410 2569; x_wconf 86' lang='lat' dir='ltr'>dieitur</span> <span class='ocrx_word' id='word_1_352' title='bbox 427 2527 602 2568; x_wconf 86' lang='lat' dir='ltr'>sacramentum</span> <span class='ocrx_word' id='word_1_353' title='bbox 619 2528 685 2568; x_wconf 79' lang='lat' dir='ltr'>ndei.</span> <span class='ocrx_word' id='word_1_354' title='bbox 705 2528 765 2568; x_wconf 88' lang='lat' dir='ltr'>Hinc</span> <span class='ocrx_word' id='word_1_355' title='bbox 784 2528 917 2580; x_wconf 82' lang='lat' dir='ltr'>baptismus</span> <span class='ocrx_word' id='word_1_356' title='bbox 935 2540 1016 2579; x_wconf 87' lang='lat' dir='ltr'>pecca-</span> 
     </span>
    </p>
   </div>
   <div class='ocr_carea' id='block_1_7' title="bbox 171 2590 1015 2641">
    <p class='ocr_par' dir='ltr' id='par_1_7' title="bbox 171 2590 1015 2641">
     <span class='ocr_line' id='line_1_38' title="bbox 171 2590 1015 2641; baseline 0.001 -10"><span class='ocrx_word' id='word_1_357' title='bbox 171 2590 216 2631; x_wconf 87' lang='lat' dir='ltr'>tori</span> <span class='ocrx_word' id='word_1_358' title='bbox 236 2591 375 2639; x_wconf 88' lang='lat' dir='ltr'>credenti‚</span> <span class='ocrx_word' id='word_1_359' title='bbox 397 2592 437 2631; x_wconf 89' lang='lat' dir='ltr'>sed</span> <span class='ocrx_word' id='word_1_360' title='bbox 457 2590 628 2641; x_wconf 86' lang='lat' dir='ltr'>impoenitenti,</span> <span class='ocrx_word' id='word_1_361' title='bbox 649 2590 743 2641; x_wconf 86' lang='lat' dir='ltr'>praeter</span> <span class='ocrx_word' id='word_1_362' title='bbox 762 2590 922 2632; x_wconf 87' lang='lat' dir='ltr'>characterem</span> <span class='ocrx_word' id='word_1_363' title='bbox 943 2592 1015 2632; x_wconf 88' lang='lat' dir='ltr'>etiam</span> 
     </span>
    </p>
   </div>
   <div class='ocr_carea' id='block_1_8' title="bbox 170 2724 1016 2953">
    <p class='ocr_par' dir='ltr' id='par_1_8' title="bbox 170 2724 1016 2953">
     <span class='ocr_line' id='line_1_39' title="bbox 233 2724 1016 2804; baseline 0.004 -45"><span class='ocrx_word' id='word_1_364' title='bbox 233 2725 241 2746; x_wconf 76' lang='lat'>1</span> <span class='ocrx_word' id='word_1_365' title='bbox 257 2725 383 2760; x_wconf 87' lang='lat' dir='ltr'>Secundum</span> <span class='ocrx_word' id='word_1_366' title='bbox 396 2725 419 2760; x_wconf 81' lang='lat' dir='ltr'>F.</span> <span class='ocrx_word' id='word_1_367' title='bbox 435 2725 518 2760; x_wconf 79' lang='lat' dir='ltr'>Mttzlra</span> <span class='ocrx_word' id='word_1_368' title='bbox 534 2726 553 2761; x_wconf 85' lang='lat' dir='ltr'>S.</span> <span class='ocrx_word' id='word_1_369' title='bbox 570 2727 587 2761; x_wconf 83' lang='lat' dir='ltr'>J.</span> <span class='ocrx_word' id='word_1_370' title='bbox 606 2725 679 2770; x_wconf 84' lang='lat' dir='ltr'>(ZkTh</span> <span class='ocrx_word' id='word_1_371' title='bbox 693 2725 717 2762; x_wconf 82' lang='lat'>50</span> <span class='ocrx_word' id='word_1_372' title='bbox 732 2724 799 2804; x_wconf 45' lang='grc' dir='ltr'>Η1922]</span> <span class='ocrx_word' id='word_1_373' title='bbox 817 2724 890 2770; x_wconf 74' lang='grc'>22422)</span> <span class='ocrx_word' id='word_1_374' title='bbox 907 2726 927 2761; x_wconf 89' lang='lat' dir='ltr'>S.</span> <span class='ocrx_word' id='word_1_375' title='bbox 944 2726 1016 2762; x_wconf 84' lang='lat' dir='ltr'>Bonu-</span> 
     </span>
     <span class='ocr_line' id='line_1_40' title="bbox 170 2771 1016 2816; baseline 0.004 -12"><span class='ocrx_word' id='word_1_376' title='bbox 170 2771 265 2805; x_wconf 81' lang='lat' dir='ltr'>oenturu</span> <span class='ocrx_word' id='word_1_377' title='bbox 279 2779 325 2804; x_wconf 89' lang='lat' dir='ltr'>non</span> <span class='ocrx_word' id='word_1_378' title='bbox 337 2771 398 2805; x_wconf 84' lang='lat' dir='ltr'>novit</span> <span class='ocrx_word' id='word_1_379' title='bbox 411 2771 482 2806; x_wconf 88' lang='lat' dir='ltr'>ullum</span> <span class='ocrx_word' id='word_1_380' title='bbox 496 2771 570 2806; x_wconf 86' lang='lat' dir='ltr'>aetum</span> <span class='ocrx_word' id='word_1_381' title='bbox 584 2771 733 2816; x_wconf 87' lang='lat' dir='ltr'>supernatura</span> <span class='ocrx_word' id='word_1_382' title='bbox 743 2780 784 2813; x_wconf 81' lang='lat' dir='ltr'>ern,</span> <span class='ocrx_word' id='word_1_383' title='bbox 800 2771 837 2815; x_wconf 82' lang='lat' dir='ltr'>qui</span> <span class='ocrx_word' id='word_1_384' title='bbox 852 2780 898 2805; x_wconf 91' lang='lat' dir='ltr'>non</span> <span class='ocrx_word' id='word_1_385' title='bbox 910 2772 1016 2816; x_wconf 85' lang='lat' dir='ltr'>procedat</span> 
     </span>
     <span class='ocr_line' id='line_1_41' title="bbox 171 2815 1016 2862; baseline -0.001 -10"><span class='ocrx_word' id='word_1_386' title='bbox 171 2826 196 2852; x_wconf 86' lang='lat' dir='ltr'>ex</span> <span class='ocrx_word' id='word_1_387' title='bbox 210 2815 290 2851; x_wconf 88' lang='lat' dir='ltr'>habitu</span> <span class='ocrx_word' id='word_1_388' title='bbox 305 2816 477 2860; x_wconf 81' lang='lat' dir='ltr'>supernaturali.</span> <span class='ocrx_word' id='word_1_389' title='bbox 495 2817 566 2860; x_wconf 83' lang='lat' dir='ltr'>Quare</span> <span class='ocrx_word' id='word_1_390' title='bbox 581 2817 669 2852; x_wconf 87' lang='lat' dir='ltr'>videtur</span> <span class='ocrx_word' id='word_1_391' title='bbox 683 2826 771 2852; x_wconf 91' lang='lat' dir='ltr'>censere</span> <span class='ocrx_word' id='word_1_392' title='bbox 786 2817 811 2851; x_wconf 90' lang='lat' dir='ltr'>in</span> <span class='ocrx_word' id='word_1_393' title='bbox 825 2817 939 2862; x_wconf 85' lang='lat' dir='ltr'>peccatore</span> <span class='ocrx_word' id='word_1_394' title='bbox 954 2817 1016 2853; x_wconf 87' lang='lat' dir='ltr'>habi-</span> 
     </span>
     <span class='ocr_line' id='line_1_42' title="bbox 170 2862 1016 2907; baseline 0 -10"><span class='ocrx_word' id='word_1_395' title='bbox 170 2862 230 2897; x_wconf 87' lang='lat' dir='ltr'>tibus</span> <span class='ocrx_word' id='word_1_396' title='bbox 244 2862 453 2907; x_wconf 87' lang='lat' dir='ltr'>supernaturalibus</span> <span class='ocrx_word' id='word_1_397' title='bbox 467 2863 555 2898; x_wconf 86' lang='lat' dir='ltr'>carente</span> <span class='ocrx_word' id='word_1_398' title='bbox 569 2863 658 2898; x_wconf 76' lang='lat' dir='ltr'>infundi</span> <span class='ocrx_word' id='word_1_399' title='bbox 671 2863 773 2898; x_wconf 84' lang='lat' dir='ltr'>habiturn</span> <span class='ocrx_word' id='word_1_400' title='bbox 786 2863 910 2904; x_wconf 80' lang='lat' dir='ltr'>informem,</span> <span class='ocrx_word' id='word_1_401' title='bbox 926 2863 1016 2907; x_wconf 84' lang='lat' dir='ltr'>quando</span> 
     </span>
     <span class='ocr_line' id='line_1_43' title="bbox 170 2908 1015 2953; baseline 0.001 -11"><span class='ocrx_word' id='word_1_402' title='bbox 170 2908 319 2953; x_wconf 87' lang='lat' dir='ltr'>respectivum</span> <span class='ocrx_word' id='word_1_403' title='bbox 340 2908 415 2943; x_wconf 86' lang='lat' dir='ltr'>actum</span> <span class='ocrx_word' id='word_1_404' title='bbox 435 2909 517 2944; x_wconf 86' lang='lat' dir='ltr'>remote</span> <span class='ocrx_word' id='word_1_405' title='bbox 540 2909 693 2953; x_wconf 85' lang='lat' dir='ltr'>disponentem</span> <span class='ocrx_word' id='word_1_406' title='bbox 716 2908 774 2945; x_wconf 87' lang='lat' dir='ltr'>elicit</span> <span class='ocrx_word' id='word_1_407' title='bbox 799 2909 832 2953; x_wconf 89' lang='lat' dir='ltr'>(ot.</span> <span class='ocrx_word' id='word_1_408' title='bbox 857 2910 982 2945; x_wconf 80' lang='lat' dir='ltr'>Scholastilc</span> <span class='ocrx_word' id='word_1_409' title='bbox 1006 2908 1015 2943; x_wconf 92' lang='lat'>1</span> 
     </span>
    </p>
   </div>
   <div class='ocr_carea' id='block_1_9' title="bbox 172 2953 307 2999">
    <p class='ocr_par' dir='ltr' id='par_1_9' title="bbox 172 2953 307 2999">
     <span class='ocr_line' id='line_1_44' title="bbox 172 2953 307 2999; baseline 0 -10"><span class='ocrx_word' id='word_1_410' title='bbox 172 2953 239 2999; x_wconf 74' lang='grc'>[1222]</span> <span class='ocrx_word' id='word_1_411' title='bbox 256 2953 307 2999; x_wconf 74' lang='lat' dir='ltr'>ere).</span> 
     </span>
    </p>
   </div>
   <div class='ocr_carea' id='block_1_10' title="bbox 0 0 1112 3350">
    <p class='ocr_par' dir='ltr' id='par_1_10' title="bbox 0 0 1112 3350">
     <span class='ocr_line' id='line_1_45' title="bbox 0 0 1112 3350; baseline 0 1"><span class='ocrx_word' id='word_1_412' title='bbox 0 0 1112 3350; x_wconf 95' lang='lat' dir='ltr'> </span> 
     </span>
    </p>
   </div>
  </div>
 </body>
</html>
