<?xml version="1.0" encoding="UTF-8"?>
<!DOCTYPE html PUBLIC "-//W3C//DTD XHTML 1.0 Transitional//EN"
    "http://www.w3.org/TR/xhtml1/DTD/xhtml1-transitional.dtd">
<html xmlns="http://www.w3.org/1999/xhtml" xml:lang="en" lang="en">
 <head>
  <title>
</title>
<meta http-equiv="Content-Type" content="text/html;charset=utf-8" />
  <meta name='ocr-system' content='tesseract 3.04.00' />
  <meta name='ocr-capabilities' content='ocr_page ocr_carea ocr_par ocr_line ocrx_word'/>
</head>
<body>
  <div class='ocr_page' id='page_1' title='image "./MN41637ucmf_2_0243.png"; bbox 0 0 2214 3350; ppageno 0'>
   <div class='ocr_carea' id='block_1_1' title="bbox 233 126 965 191">
    <p class='ocr_par' dir='ltr' id='par_1_1' title="bbox 233 126 965 191">
     <span class='ocr_line' id='line_1_1' title="bbox 233 126 965 191; baseline -0.008 -9"><span class='ocrx_word' id='word_1_1' title='bbox 233 126 235 128; x_wconf 17' lang='grc' dir='ltr'><strong><em>ι</em></strong></span> <span class='ocrx_word' id='word_1_2' title='bbox 269 147 347 182; x_wconf 88' lang='lat' dir='ltr'>Thesis</span> <span class='ocrx_word' id='word_1_3' title='bbox 365 146 392 183; x_wconf 88' lang='lat'>10.</span> <span class='ocrx_word' id='word_1_4' title='bbox 410 146 609 185; x_wconf 79' lang='lat' dir='ltr'>Actusentitative</span> <span class='ocrx_word' id='word_1_5' title='bbox 626 143 809 191; x_wconf 76' lang='lat' dir='ltr'>supernaturales</span> <span class='ocrx_word' id='word_1_6' title='bbox 928 140 965 178; x_wconf 75' lang='lat'>209</span> 
     </span>
    </p>
   </div>
   <div class='ocr_carea' id='block_1_2' title="bbox 111 245 963 1112">
    <p class='ocr_par' dir='ltr' id='par_1_2' title="bbox 111 245 963 1112">
     <span class='ocr_line' id='line_1_2' title="bbox 114 245 963 306; baseline -0.006 -10"><span class='ocrx_word' id='word_1_7' title='bbox 114 267 160 297; x_wconf 88' lang='lat' dir='ltr'>nae</span> <span class='ocrx_word' id='word_1_8' title='bbox 178 254 267 306; x_wconf 83' lang='lat' dir='ltr'>gratiae</span> <span class='ocrx_word' id='word_1_9' title='bbox 284 265 332 294; x_wconf 87' lang='lat' dir='ltr'>uon</span> <span class='ocrx_word' id='word_1_10' title='bbox 349 245 532 305; x_wconf 60' lang='lat' dir='ltr'>intellegeretur,</span> <span class='ocrx_word' id='word_1_11' title='bbox 552 253 572 292; x_wconf 89' lang='lat' dir='ltr'>si</span> <span class='ocrx_word' id='word_1_12' title='bbox 590 264 658 293; x_wconf 90' lang='lat' dir='ltr'>mera·</span> <span class='ocrx_word' id='word_1_13' title='bbox 674 250 826 292; x_wconf 86' lang='lat' dir='ltr'>accidentalis</span> <span class='ocrx_word' id='word_1_14' title='bbox 844 251 963 301; x_wconf 88' lang='lat' dir='ltr'>quaedam</span> 
     </span>
     <span class='ocr_line' id='line_1_3' title="bbox 113 310 961 370; baseline -0.007 -12"><span class='ocrx_word' id='word_1_15' title='bbox 113 317 228 370; x_wconf 75' lang='lat' dir='ltr'>perfectio</span> <span class='ocrx_word' id='word_1_16' title='bbox 241 316 315 366; x_wconf 86' lang='lat' dir='ltr'>actus,</span> <span class='ocrx_word' id='word_1_17' title='bbox 329 310 579 368; x_wconf 47' lang='lat' dir='ltr'>quoad‘suhstantiam</span> <span class='ocrx_word' id='word_1_18' title='bbox 593 315 665 356; x_wconf 86' lang='lat' dir='ltr'>etiam</span> <span class='ocrx_word' id='word_1_19' title='bbox 679 313 820 354; x_wconf 75' lang='lat' dir='ltr'>naturaliter</span> <span class='ocrx_word' id='word_1_20' title='bbox 833 313 961 365; x_wconf 85' lang='lat' dir='ltr'>possibilis,</span> 
     </span>
     <span class='ocr_line' id='line_1_4' title="bbox 131 376 963 435; baseline -0.007 -14"><span class='ocrx_word' id='word_1_21' title='bbox 131 380 206 422; x_wconf 88' lang='lat' dir='ltr'>uxilio</span> <span class='ocrx_word' id='word_1_22' title='bbox 221 380 310 435; x_wconf 83' lang='lat' dir='ltr'>gratiae</span> <span class='ocrx_word' id='word_1_23' title='bbox 325 380 476 431; x_wconf 85' lang='lat' dir='ltr'>procuranda</span> <span class='ocrx_word' id='word_1_24' title='bbox 491 379 558 420; x_wconf 88' lang='lat' dir='ltr'>esset.</span> <span class='ocrx_word' id='word_1_25' title='bbox 576 380 625 420; x_wconf 86' lang='lat' dir='ltr'>Gur</span> <span class='ocrx_word' id='word_1_26' title='bbox 639 378 705 418; x_wconf 89' lang='lat' dir='ltr'>enirn</span> <span class='ocrx_word' id='word_1_27' title='bbox 721 376 806 417; x_wconf 85' lang='lat' dir='ltr'>natura</span> <span class='ocrx_word' id='word_1_28' title='bbox 823 377 963 427; x_wconf 88' lang='lat' dir='ltr'>requisitam</span> 
     </span>
     <span class='ocr_line' id='line_1_5' title="bbox 114 439 961 493; baseline -0.006 -9"><span class='ocrx_word' id='word_1_29' title='bbox 114 443 281 491; x_wconf 84' lang='lat' dir='ltr'>intensionem,</span> <span class='ocrx_word' id='word_1_30' title='bbox 312 441 459 491; x_wconf 74' lang='lat' dir='ltr'>facilitatem,</span> <span class='ocrx_word' id='word_1_31' title='bbox 490 439 714 493; x_wconf 73' lang='lat' dir='ltr'>promptitudinem,</span> <span class='ocrx_word' id='word_1_32' title='bbox 746 439 961 487; x_wconf 59' lang='lat' dir='ltr'>aeternaitatem,</span> 
     </span>
     <span class='ocr_line' id='line_1_6' title="bbox 116 502 963 554; baseline -0.005 -7"><span class='ocrx_word' id='word_1_33' title='bbox 116 506 264 554; x_wconf 85' lang='lat' dir='ltr'>suavitatem,</span> <span class='ocrx_word' id='word_1_34' title='bbox 290 505 438 554; x_wconf 85' lang='lat' dir='ltr'>firmitatem,</span> <span class='ocrx_word' id='word_1_35' title='bbox 463 504 614 546; x_wconf 81' lang='lat' dir='ltr'>durationem</span> <span class='ocrx_word' id='word_1_36' title='bbox 632 503 674 544; x_wconf 90' lang='lat' dir='ltr'>etc.</span> <span class='ocrx_word' id='word_1_37' title='bbox 695 513 820 553; x_wconf 88' lang='lat' dir='ltr'>nunquam</span> <span class='ocrx_word' id='word_1_38' title='bbox 839 502 894 542; x_wconf 88' lang='lat' dir='ltr'>solis</span> <span class='ocrx_word' id='word_1_39' title='bbox 913 503 963 543; x_wconf 88' lang='lat' dir='ltr'>suis</span> 
     </span>
     <span class='ocr_line' id='line_1_7' title="bbox 113 565 963 619; baseline -0.005 -9"><span class='ocrx_word' id='word_1_40' title='bbox 113 570 208 611; x_wconf 86' lang='lat' dir='ltr'>viribus</span> <span class='ocrx_word' id='word_1_41' title='bbox 224 568 315 619; x_wconf 79' lang='lat' dir='ltr'>agendo</span> <span class='ocrx_word' id='word_1_42' title='bbox 333 570 371 609; x_wconf 90' lang='lat' dir='ltr'>vel</span> <span class='ocrx_word' id='word_1_43' title='bbox 388 568 478 609; x_wconf 89' lang='lat' dir='ltr'>auxilio</span> <span class='ocrx_word' id='word_1_44' title='bbox 496 568 593 608; x_wconf 88' lang='lat' dir='ltr'>externo</span> <span class='ocrx_word' id='word_1_45' title='bbox 611 567 705 608; x_wconf 87' lang='lat' dir='ltr'>tantum</span> <span class='ocrx_word' id='word_1_46' title='bbox 723 566 805 607; x_wconf 89' lang='lat' dir='ltr'>adiuta</span> <span class='ocrx_word' id='word_1_47' title='bbox 823 565 963 616; x_wconf 74' lang='lat' dir='ltr'>attingeret?</span> 
     </span>
     <span class='ocr_line' id='line_1_8' title="bbox 135 628 962 683; baseline -0.006 -10"><span class='ocrx_word' id='word_1_48' title='bbox 135 630 213 673; x_wconf 86' lang='lat' dir='ltr'>onstat</span> <span class='ocrx_word' id='word_1_49' title='bbox 228 630 308 672; x_wconf 84' lang='lat' dir='ltr'>tamen</span> <span class='ocrx_word' id='word_1_50' title='bbox 325 631 422 672; x_wconf 86' lang='lat' dir='ltr'>aliunde</span> <span class='ocrx_word' id='word_1_51' title='bbox 439 631 461 683; x_wconf 87' lang='lat' dir='ltr'>a)</span> <span class='ocrx_word' id='word_1_52' title='bbox 481 631 573 672; x_wconf 90' lang='lat' dir='ltr'>actibus</span> <span class='ocrx_word' id='word_1_53' title='bbox 591 642 659 681; x_wconf 89' lang='lat' dir='ltr'>saepe</span> <span class='ocrx_word' id='word_1_54' title='bbox 677 628 783 680; x_wconf 83' lang='lat' dir='ltr'>repetitis</span> <span class='ocrx_word' id='word_1_55' title='bbox 800 630 824 670; x_wconf 90' lang='lat' dir='ltr'>et</span> <span class='ocrx_word' id='word_1_56' title='bbox 839 629 962 670; x_wconf 87' lang='lat' dir='ltr'>habitibus</span> 
     </span>
     <span class='ocr_line' id='line_1_9' title="bbox 128 692 960 745; baseline -0.004 -10"><span class='ocrx_word' id='word_1_57' title='bbox 128 695 202 735; x_wconf 82' lang='lat' dir='ltr'>xinde</span> <span class='ocrx_word' id='word_1_58' title='bbox 218 694 340 745; x_wconf 80' lang='lat' dir='ltr'>acquisitis</span> <span class='ocrx_word' id='word_1_59' title='bbox 356 693 414 735; x_wconf 85' lang='lat' dir='ltr'>istas</span> <span class='ocrx_word' id='word_1_60' title='bbox 430 694 528 735; x_wconf 87' lang='lat' dir='ltr'>actuum</span> <span class='ocrx_word' id='word_1_61' title='bbox 544 693 610 734; x_wconf 88' lang='lat' dir='ltr'>dotes</span> <span class='ocrx_word' id='word_1_62' title='bbox 628 694 652 733; x_wconf 89' lang='lat' dir='ltr'>in</span> <span class='ocrx_word' id='word_1_63' title='bbox 670 692 795 742; x_wconf 80' lang='lat' dir='ltr'>infinitum</span> <span class='ocrx_word' id='word_1_64' title='bbox 813 692 864 733; x_wconf 87' lang='lat' dir='ltr'>fere</span> <span class='ocrx_word' id='word_1_65' title='bbox 879 692 960 744; x_wconf 81' lang='lat' dir='ltr'>augeri</span> 
     </span>
     <span class='ocr_line' id='line_1_10' title="bbox 114 755 962 809; baseline -0.002 -12"><span class='ocrx_word' id='word_1_66' title='bbox 114 768 183 809; x_wconf 85' lang='lat' dir='ltr'>posse</span> <span class='ocrx_word' id='word_1_67' title='bbox 198 757 220 798; x_wconf 92' lang='lat' dir='ltr'>et</span> <span class='ocrx_word' id='word_1_68' title='bbox 232 757 256 808; x_wconf 85' lang='lat' dir='ltr'>b)</span> <span class='ocrx_word' id='word_1_69' title='bbox 273 768 320 797; x_wconf 92' lang='lat' dir='ltr'>non</span> <span class='ocrx_word' id='word_1_70' title='bbox 335 757 424 807; x_wconf 81' lang='lat' dir='ltr'>requiri</span> <span class='ocrx_word' id='word_1_71' title='bbox 439 758 470 798; x_wconf 89' lang='lat' dir='ltr'>ad</span> <span class='ocrx_word' id='word_1_72' title='bbox 484 757 599 798; x_wconf 86' lang='lat' dir='ltr'>salutares</span> <span class='ocrx_word' id='word_1_73' title='bbox 614 756 680 797; x_wconf 90' lang='lat' dir='ltr'>actus</span> <span class='ocrx_word' id='word_1_74' title='bbox 689 755 878 797; x_wconf 85' lang='lat' dir='ltr'>determinatam</span> <span class='ocrx_word' id='word_1_75' title='bbox 892 755 962 796; x_wconf 88' lang='lat' dir='ltr'>adeo-</span> 
     </span>
     <span class='ocr_line' id='line_1_11' title="bbox 111 818 962 871; baseline -0.002 -11"><span class='ocrx_word' id='word_1_76' title='bbox 111 831 160 871; x_wconf 85' lang='lat' dir='ltr'>que</span> <span class='ocrx_word' id='word_1_77' title='bbox 171 831 285 871; x_wconf 81' lang='lat' dir='ltr'>magnam</span> <span class='ocrx_word' id='word_1_78' title='bbox 297 819 464 869; x_wconf 82' lang='lat' dir='ltr'>intensitatem,</span> <span class='ocrx_word' id='word_1_79' title='bbox 477 819 636 868; x_wconf 89' lang='lat' dir='ltr'>durationem,</span> <span class='ocrx_word' id='word_1_80' title='bbox 650 818 859 861; x_wconf 83' lang='lat' dir='ltr'>delectabilitatem</span> <span class='ocrx_word' id='word_1_81' title='bbox 874 818 962 871; x_wconf 86' lang='lat' dir='ltr'>(quoad</span> 
     </span>
     <span class='ocr_line' id='line_1_12' title="bbox 111 881 961 932; baseline -0.004 -8"><span class='ocrx_word' id='word_1_82' title='bbox 111 881 280 924; x_wconf 85' lang='lat' dir='ltr'>contritionem</span> <span class='ocrx_word' id='word_1_83' title='bbox 293 895 315 923; x_wconf 86' lang='lat' dir='ltr'>v.</span> <span class='ocrx_word' id='word_1_84' title='bbox 329 883 356 923; x_wconf 89' lang='grc' dir='ltr'>Β.</span> <span class='ocrx_word' id='word_1_85' title='bbox 371 883 507 924; x_wconf 78' lang='lat' dir='ltr'>Froocolc&#39;ai</span> <span class='ocrx_word' id='word_1_86' title='bbox 521 883 583 932; x_wconf 83' lang='lat' dir='ltr'>S.J.,</span> <span class='ocrx_word' id='word_1_87' title='bbox 598 884 631 924; x_wconf 92' lang='lat' dir='ltr'>De</span> <span class='ocrx_word' id='word_1_88' title='bbox 646 883 726 923; x_wconf 90' lang='lat' dir='ltr'>dolore</span> <span class='ocrx_word' id='word_1_89' title='bbox 740 883 770 922; x_wconf 91' lang='lat' dir='ltr'>ad</span> <span class='ocrx_word' id='word_1_90' title='bbox 784 882 961 922; x_wconf 85' lang='lat' dir='ltr'>sacramentum</span> 
     </span>
     <span class='ocr_line' id='line_1_13' title="bbox 114 944 959 1004; baseline -0.001 -18"><span class='ocrx_word' id='word_1_91' title='bbox 114 944 271 996; x_wconf 88' lang='lat' dir='ltr'>poenitentiae</span> <span class='ocrx_word' id='word_1_92' title='bbox 287 945 331 986; x_wconf 87' lang='lat' dir='ltr'>rite</span> <span class='ocrx_word' id='word_1_93' title='bbox 347 946 526 996; x_wconf 87' lang='lat' dir='ltr'>suscipiendum</span> <span class='ocrx_word' id='word_1_94' title='bbox 542 944 681 993; x_wconf 86' lang='lat' dir='ltr'>necessario,</span> <span class='ocrx_word' id='word_1_95' title='bbox 698 945 715 985; x_wconf 89' lang='lat' dir='ltr'>l.</span> <span class='ocrx_word' id='word_1_96' title='bbox 732 948 745 986; x_wconf 82' lang='lat'><strong>2</strong></span> <span class='ocrx_word' id='word_1_97' title='bbox 761 945 860 1003; x_wconf 82' lang='lat' dir='ltr'>[Romae</span> <span class='ocrx_word' id='word_1_98' title='bbox 876 944 959 1004; x_wconf 78' lang='grc'>1706]).</span> 
     </span>
     <span class='ocr_line' id='line_1_14' title="bbox 114 1007 961 1059; baseline -0.002 -10"><span class='ocrx_word' id='word_1_99' title='bbox 114 1008 237 1059; x_wconf 86' lang='lat' dir='ltr'>Numquid</span> <span class='ocrx_word' id='word_1_100' title='bbox 249 1008 392 1059; x_wconf 86' lang='lat' dir='ltr'>martyrium</span> <span class='ocrx_word' id='word_1_101' title='bbox 404 1019 452 1049; x_wconf 87' lang='lat' dir='ltr'>non</span> <span class='ocrx_word' id='word_1_102' title='bbox 465 1008 601 1059; x_wconf 89' lang='lat' dir='ltr'>potestesse</span> <span class='ocrx_word' id='word_1_103' title='bbox 615 1007 725 1056; x_wconf 83' lang='lat' dir='ltr'>salutare,</span> <span class='ocrx_word' id='word_1_104' title='bbox 739 1008 785 1048; x_wconf 89' lang='lat' dir='ltr'>nisi</span> <span class='ocrx_word' id='word_1_105' title='bbox 797 1019 854 1048; x_wconf 88' lang='lat' dir='ltr'>cum</span> <span class='ocrx_word' id='word_1_106' title='bbox 866 1007 961 1048; x_wconf 88' lang='lat' dir='ltr'>interna</span> 
     </span>
     <span class='ocr_line' id='line_1_15' title="bbox 112 1070 826 1112; baseline -0.003 -1"><span class='ocrx_word' id='word_1_107' title='bbox 112 1070 296 1112; x_wconf 85' lang='lat' dir='ltr'>delectabilitate</span> <span class='ocrx_word' id='word_1_108' title='bbox 314 1070 421 1111; x_wconf 80' lang='lat' dir='ltr'>subitur?</span> <span class='ocrx_word' id='word_1_109' title='bbox 824 1070 826 1072; x_wconf 80' lang='grc'><strong>’</strong></span> 
     </span>
    </p>
   </div>
   <div class='ocr_carea' id='block_1_3' title="bbox 108 1196 962 1965">
    <p class='ocr_par' dir='ltr' id='par_1_3' title="bbox 108 1196 962 1865">
     <span class='ocr_line' id='line_1_16' title="bbox 113 1196 962 1243; baseline -0.009 -4"><span class='ocrx_word' id='word_1_110' title='bbox 113 1199 169 1239; x_wconf 78' lang='grc'>299.</span> <span class='ocrx_word' id='word_1_111' title='bbox 203 1198 314 1234; x_wconf 77' lang='lat' dir='ltr'>strantes</span> <span class='ocrx_word' id='word_1_112' title='bbox 330 1198 402 1243; x_wconf 89' lang='lat' dir='ltr'>primo</span> <span class='ocrx_word' id='word_1_113' title='bbox 419 1196 510 1242; x_wconf 87' lang='lat' dir='ltr'>aspectu</span> <span class='ocrx_word' id='word_1_114' title='bbox 526 1196 624 1241; x_wconf 85' lang='lat' dir='ltr'>aliquem</span> <span class='ocrx_word' id='word_1_115' title='bbox 639 1197 731 1232; x_wconf 89' lang='lat' dir='ltr'>modum</span> <span class='ocrx_word' id='word_1_116' title='bbox 746 1197 840 1232; x_wconf 89' lang='lat' dir='ltr'>innuere</span> <span class='ocrx_word' id='word_1_117' title='bbox 857 1196 962 1231; x_wconf 89' lang='lat' dir='ltr'>videntur</span> 
     </span>
     <span class='ocr_line' id='line_1_17' title="bbox 115 1249 961 1296; baseline 0.001 -14"><span class='ocrx_word' id='word_1_118' title='bbox 115 1251 135 1296; x_wconf 74' lang='lat' dir='ltr'>(c</span> <span class='ocrx_word' id='word_1_119' title='bbox 145 1250 202 1285; x_wconf 79' lang='lat' dir='ltr'>sicot</span> <span class='ocrx_word' id='word_1_120' title='bbox 217 1250 328 1294; x_wconf 71' lang='lat' dir='ltr'>oportet»,</span> <span class='ocrx_word' id='word_1_121' title='bbox 347 1250 391 1283; x_wconf 82' lang='lat' dir='ltr'>«ut</span> <span class='ocrx_word' id='word_1_122' title='bbox 407 1249 493 1294; x_wconf 70' lang='lat' dir='ltr'>expedit</span> <span class='ocrx_word' id='word_1_123' title='bbox 501 1259 520 1291; x_wconf 73' lang='lat'>»;</span> <span class='ocrx_word' id='word_1_124' title='bbox 538 1250 558 1285; x_wconf 86' lang='lat' dir='ltr'>S.</span> <span class='ocrx_word' id='word_1_125' title='bbox 578 1249 674 1294; x_wconf 86' lang='lat' dir='ltr'>Spiritus</span> <span class='ocrx_word' id='word_1_126' title='bbox 691 1249 729 1284; x_wconf 85' lang='lat' dir='ltr'>dat</span> <span class='ocrx_word' id='word_1_127' title='bbox 747 1249 919 1283; x_wconf 72' lang='lat' dir='ltr'>«sacertotem»</span> <span class='ocrx_word' id='word_1_128' title='bbox 937 1249 961 1283; x_wconf 92' lang='lat' dir='ltr'>in</span> 
     </span>
     <span class='ocr_line' id='line_1_18' title="bbox 112 1300 959 1347; baseline 0 -11"><span class='ocrx_word' id='word_1_129' title='bbox 112 1301 270 1337; x_wconf 86' lang='lat' dir='ltr'>consentiendo</span> <span class='ocrx_word' id='word_1_130' title='bbox 292 1301 313 1336; x_wconf 89' lang='lat' dir='ltr'>et</span> <span class='ocrx_word' id='word_1_131' title='bbox 334 1301 450 1343; x_wconf 75' lang='lat' dir='ltr'>credendo,</span> <span class='ocrx_word' id='word_1_132' title='bbox 472 1301 498 1335; x_wconf 82' lang='lat' dir='ltr'>cf.</span> <span class='ocrx_word' id='word_1_133' title='bbox 521 1300 600 1335; x_wconf 79' lang='lat' dir='ltr'>Araus.</span> <span class='ocrx_word' id='word_1_134' title='bbox 618 1310 665 1336; x_wconf 89' lang='lat' dir='ltr'>can.</span> <span class='ocrx_word' id='word_1_135' title='bbox 683 1300 720 1343; x_wconf 80' lang='lat' dir='ltr'>6s3</span> <span class='ocrx_word' id='word_1_136' title='bbox 742 1301 789 1336; x_wconf 82' lang='lat' dir='ltr'>Vct.</span> <span class='ocrx_word' id='word_1_137' title='bbox 806 1309 822 1335; x_wconf 87' lang='lat' dir='ltr'>s.</span> <span class='ocrx_word' id='word_1_138' title='bbox 840 1300 852 1336; x_wconf 89' lang='lat'>3</span> <span class='ocrx_word' id='word_1_139' title='bbox 867 1309 913 1345; x_wconf 87' lang='lat' dir='ltr'>cap.</span> <span class='ocrx_word' id='word_1_140' title='bbox 931 1301 959 1347; x_wconf 82' lang='lat'>3),</span> 
     </span>
     <span class='ocr_line' id='line_1_19' title="bbox 113 1352 961 1398; baseline -0.001 -10"><span class='ocrx_word' id='word_1_141' title='bbox 113 1354 143 1388; x_wconf 86' lang='lat' dir='ltr'>ad</span> <span class='ocrx_word' id='word_1_142' title='bbox 162 1352 330 1398; x_wconf 86' lang='lat' dir='ltr'>explicationem</span> <span class='ocrx_word' id='word_1_143' title='bbox 349 1353 468 1387; x_wconf 86' lang='lat' dir='ltr'>dicendum</span> <span class='ocrx_word' id='word_1_144' title='bbox 487 1352 530 1388; x_wconf 89' lang='lat' dir='ltr'>est:</span> <span class='ocrx_word' id='word_1_145' title='bbox 553 1353 574 1398; x_wconf 86' lang='lat' dir='ltr'>a)</span> <span class='ocrx_word' id='word_1_146' title='bbox 602 1353 697 1396; x_wconf 83' lang='lat' dir='ltr'>Logice</span> <span class='ocrx_word' id='word_1_147' title='bbox 723 1352 961 1398; x_wconf 88' lang='lat' dir='ltr'>supernaturalitatem</span> 
     </span>
     <span class='ocr_line' id='line_1_20' title="bbox 110 1404 961 1450; baseline 0.001 -11"><span class='ocrx_word' id='word_1_148' title='bbox 110 1405 228 1449; x_wconf 84' lang='lat' dir='ltr'>tamquam</span> <span class='ocrx_word' id='word_1_149' title='bbox 245 1405 336 1440; x_wconf 85' lang='lat' dir='ltr'>modum</span> <span class='ocrx_word' id='word_1_150' title='bbox 353 1404 492 1440; x_wconf 84' lang='lat' dir='ltr'>substantiae</span> <span class='ocrx_word' id='word_1_151' title='bbox 510 1404 573 1439; x_wconf 86' lang='lat' dir='ltr'>actus</span> <span class='ocrx_word' id='word_1_152' title='bbox 591 1404 761 1450; x_wconf 87' lang='lat' dir='ltr'>superadditum</span> <span class='ocrx_word' id='word_1_153' title='bbox 780 1405 893 1450; x_wconf 83' lang='lat' dir='ltr'>concipere</span> <span class='ocrx_word' id='word_1_154' title='bbox 912 1413 961 1450; x_wconf 89' lang='lat' dir='ltr'>pos-</span> 
     </span>
     <span class='ocr_line' id='line_1_21' title="bbox 114 1455 962 1502; baseline 0 -11"><span class='ocrx_word' id='word_1_155' title='bbox 114 1465 191 1492; x_wconf 83' lang='lat' dir='ltr'>sumus</span> <span class='ocrx_word' id='word_1_156' title='bbox 208 1456 234 1501; x_wconf 86' lang='lat' dir='ltr'>(v.</span> <span class='ocrx_word' id='word_1_157' title='bbox 250 1457 327 1491; x_wconf 87' lang='lat' dir='ltr'>notam</span> <span class='ocrx_word' id='word_1_158' title='bbox 342 1457 371 1491; x_wconf 87' lang='lat' dir='ltr'>ad</span> <span class='ocrx_word' id='word_1_159' title='bbox 385 1465 405 1491; x_wconf 92' lang='lat' dir='ltr'>n.</span> <span class='ocrx_word' id='word_1_160' title='bbox 421 1455 473 1501; x_wconf 76' lang='lat'>295).</span> <span class='ocrx_word' id='word_1_161' title='bbox 489 1474 515 1487; x_wconf 41' lang='lat'>-4</span> <span class='ocrx_word' id='word_1_162' title='bbox 527 1457 548 1499; x_wconf 81' lang='lat' dir='ltr'>b]</span> <span class='ocrx_word' id='word_1_163' title='bbox 565 1456 725 1500; x_wconf 88' lang='lat' dir='ltr'>Mysterium</span> <span class='ocrx_word' id='word_1_164' title='bbox 740 1456 870 1492; x_wconf 81' lang='lat' dir='ltr'>elevationis</span> <span class='ocrx_word' id='word_1_165' title='bbox 886 1466 962 1502; x_wconf 85' lang='lat' dir='ltr'>super-</span> 
     </span>
     <span class='ocr_line' id='line_1_22' title="bbox 112 1507 960 1556; baseline 0.001 -14"><span class='ocrx_word' id='word_1_166' title='bbox 112 1508 224 1543; x_wconf 89' lang='lat' dir='ltr'>naturalis</span> <span class='ocrx_word' id='word_1_167' title='bbox 241 1507 323 1543; x_wconf 85' lang='lat' dir='ltr'>talibus</span> <span class='ocrx_word' id='word_1_168' title='bbox 336 1507 430 1556; x_wconf 51' lang='lat' dir='ltr'>¹verbis</span> <span class='ocrx_word' id='word_1_169' title='bbox 446 1507 572 1543; x_wconf 85' lang='lat' dir='ltr'>humanis</span> <span class='ocrx_word' id='word_1_170' title='bbox 590 1507 748 1553; x_wconf 83' lang='lat' dir='ltr'>metaphoricis</span> <span class='ocrx_word' id='word_1_171' title='bbox 766 1508 786 1544; x_wconf 90' lang='lat' dir='ltr'>et</span> <span class='ocrx_word' id='word_1_172' title='bbox 804 1508 906 1553; x_wconf 77' lang='lat' dir='ltr'>analogia</span> <span class='ocrx_word' id='word_1_173' title='bbox 925 1508 960 1543; x_wconf 91' lang='lat' dir='ltr'>vel</span> 
     </span>
     <span class='ocr_line' id='line_1_23' title="bbox 110 1558 960 1606; baseline 0.002 -13"><span class='ocrx_word' id='word_1_174' title='bbox 110 1558 170 1593; x_wconf 83' lang='lat' dir='ltr'>certe</span> <span class='ocrx_word' id='word_1_175' title='bbox 192 1559 376 1594; x_wconf 83' lang='lat' dir='ltr'>insufficientibus</span> <span class='ocrx_word' id='word_1_176' title='bbox 398 1559 534 1604; x_wconf 84' lang='lat' dir='ltr'>exprimitur.</span> <span class='ocrx_word' id='word_1_177' title='bbox 556 1578 583 1588; x_wconf 36' lang='grc'>-4</span> <span class='ocrx_word' id='word_1_178' title='bbox 603 1562 622 1606; x_wconf 91' lang='lat' dir='ltr'>c)</span> <span class='ocrx_word' id='word_1_179' title='bbox 645 1559 729 1595; x_wconf 83' lang='lat' dir='ltr'>Iidem</span> <span class='ocrx_word' id='word_1_180' title='bbox 750 1560 839 1596; x_wconf 80' lang='lat' dir='ltr'>fontes</span> <span class='ocrx_word' id='word_1_181' title='bbox 862 1560 960 1595; x_wconf 89' lang='lat' dir='ltr'>innuunt</span> 
     </span>
     <span class='ocr_line' id='line_1_24' title="bbox 112 1610 960 1657; baseline 0.002 -12"><span class='ocrx_word' id='word_1_182' title='bbox 112 1611 175 1645; x_wconf 86' lang='lat' dir='ltr'>actus</span> <span class='ocrx_word' id='word_1_183' title='bbox 194 1610 308 1646; x_wconf 85' lang='lat' dir='ltr'>naturales</span> <span class='ocrx_word' id='word_1_184' title='bbox 326 1610 376 1645; x_wconf 86' lang='lat' dir='ltr'>ideo</span> <span class='ocrx_word' id='word_1_185' title='bbox 394 1619 439 1645; x_wconf 88' lang='lat' dir='ltr'>non</span> <span class='ocrx_word' id='word_1_186' title='bbox 457 1620 505 1646; x_wconf 88' lang='lat' dir='ltr'>esse</span> <span class='ocrx_word' id='word_1_187' title='bbox 523 1610 580 1646; x_wconf 88' lang='lat' dir='ltr'>sicut</span> <span class='ocrx_word' id='word_1_188' title='bbox 598 1611 690 1656; x_wconf 87' lang='lat' dir='ltr'>oportet,</span> <span class='ocrx_word' id='word_1_189' title='bbox 711 1610 764 1656; x_wconf 88' lang='lat' dir='ltr'>quia</span> <span class='ocrx_word' id='word_1_190' title='bbox 781 1621 827 1646; x_wconf 90' lang='lat' dir='ltr'>non</span> <span class='ocrx_word' id='word_1_191' title='bbox 846 1611 960 1657; x_wconf 81' lang='lat' dir='ltr'>attingant</span> 
     </span>
     <span class='ocr_line' id='line_1_25' title="bbox 110 1662 956 1710; baseline 0.005 -14"><span class='ocrx_word' id='word_1_192' title='bbox 110 1662 234 1697; x_wconf 88' lang='lat' dir='ltr'>ordinem</span> <span class='ocrx_word' id='word_1_193' title='bbox 251 1662 382 1697; x_wconf 82' lang='lat' dir='ltr'>divinum.</span> <span class='ocrx_word' id='word_1_194' title='bbox 402 1662 437 1698; x_wconf 90' lang='lat' dir='ltr'>Sic</span> <span class='ocrx_word' id='word_1_195' title='bbox 454 1663 624 1706; x_wconf 58' lang='lat' dir='ltr'>supposueris</span> <span class='ocrx_word' id='word_1_196' title='bbox 644 1663 673 1708; x_wconf 85' lang='lat' dir='ltr'>(C.</span> <span class='ocrx_word' id='word_1_197' title='bbox 692 1664 705 1699; x_wconf 76' lang='lat'><em>2</em></span> <span class='ocrx_word' id='word_1_198' title='bbox 722 1672 754 1708; x_wconf 85' lang='lat' dir='ltr'>ep.</span> <span class='ocrx_word' id='word_1_199' title='bbox 772 1663 817 1699; x_wconf 82' lang='lat' dir='ltr'>Pel.</span> <span class='ocrx_word' id='word_1_200' title='bbox 837 1664 855 1707; x_wconf 79' lang='lat'>4,</span> <span class='ocrx_word' id='word_1_201' title='bbox 874 1664 891 1705; x_wconf 80' lang='lat'>6,</span> <span class='ocrx_word' id='word_1_202' title='bbox 911 1664 956 1710; x_wconf 77' lang='grc'>13)’;</span> 
     </span>
     <span class='ocr_line' id='line_1_26' title="bbox 114 1713 959 1758; baseline 0.008 -14"><span class='ocrx_word' id='word_1_203' title='bbox 114 1713 160 1748; x_wconf 85' lang='lat' dir='ltr'>«In</span> <span class='ocrx_word' id='word_1_204' title='bbox 179 1713 287 1754; x_wconf 85' lang='lat' dir='ltr'>omnibus,</span> <span class='ocrx_word' id='word_1_205' title='bbox 309 1722 365 1757; x_wconf 89' lang='lat' dir='ltr'>quae</span> <span class='ocrx_word' id='word_1_206' title='bbox 385 1713 478 1758; x_wconf 88' lang='lat' dir='ltr'>quisque</span> <span class='ocrx_word' id='word_1_207' title='bbox 498 1714 544 1758; x_wconf 82' lang='lat' dir='ltr'>agit</span> <span class='ocrx_word' id='word_1_208' title='bbox 564 1714 686 1749; x_wconf 82' lang='lat' dir='ltr'>secondom</span> <span class='ocrx_word' id='word_1_209' title='bbox 705 1715 782 1757; x_wconf 76' lang='lat' dir='ltr'>Deum,</span> <span class='ocrx_word' id='word_1_210' title='bbox 803 1716 959 1751; x_wconf 87' lang='lat' dir='ltr'>misericordia</span> 
     </span>
     <span class='ocr_line' id='line_1_27' title="bbox 108 1764 956 1811; baseline 0.005 -12"><span class='ocrx_word' id='word_1_211' title='bbox 108 1764 159 1799; x_wconf 86' lang='lat' dir='ltr'>eius</span> <span class='ocrx_word' id='word_1_212' title='bbox 170 1765 285 1809; x_wconf 86' lang='lat' dir='ltr'>praevenit</span> <span class='ocrx_word' id='word_1_213' title='bbox 296 1774 371 1808; x_wconf 60' lang='lat' dir='ltr'>eumrq</span> <span class='ocrx_word' id='word_1_214' title='bbox 384 1766 404 1800; x_wconf 87' lang='lat' dir='ltr'>et</span> <span class='ocrx_word' id='word_1_215' title='bbox 415 1766 495 1800; x_wconf 76' lang='lat' dir='ltr'>Bonis</span> <span class='ocrx_word' id='word_1_216' title='bbox 500 1766 576 1802; x_wconf 90' lang='lat' dir='ltr'>acius</span> <span class='ocrx_word' id='word_1_217' title='bbox 587 1767 609 1801; x_wconf 84' lang='lat' dir='ltr'>II</span> <span class='ocrx_word' id='word_1_218' title='bbox 621 1767 645 1801; x_wconf 89' lang='lat' dir='ltr'>in</span> <span class='ocrx_word' id='word_1_219' title='bbox 655 1767 725 1810; x_wconf 81' lang='lat' dir='ltr'>Epist.</span> <span class='ocrx_word' id='word_1_220' title='bbox 739 1768 883 1811; x_wconf 72' lang='lat' dir='ltr'>confirmante</span> <span class='ocrx_word' id='word_1_221' title='bbox 896 1776 956 1803; x_wconf 85' lang='lat' dir='ltr'>conc.</span> 
     </span>
     <span class='ocr_line' id='line_1_28' title="bbox 112 1815 959 1865; baseline 0.006 -15"><span class='ocrx_word' id='word_1_222' title='bbox 112 1815 190 1851; x_wconf 80' lang='lat' dir='ltr'>Arous.</span> <span class='ocrx_word' id='word_1_223' title='bbox 207 1825 227 1851; x_wconf 89' lang='lat' dir='ltr'>n.</span> <span class='ocrx_word' id='word_1_224' title='bbox 243 1816 256 1852; x_wconf 78' lang='lat'>2</span> <span class='ocrx_word' id='word_1_225' title='bbox 271 1817 309 1862; x_wconf 71' lang='grc' dir='ltr'>(ΒΖ</span> <span class='ocrx_word' id='word_1_226' title='bbox 324 1817 356 1853; x_wconf 90' lang='lat' dir='ltr'>ed.</span> <span class='ocrx_word' id='word_1_227' title='bbox 375 1816 397 1852; x_wconf 88' lang='grc'>16</span> <span class='ocrx_word' id='word_1_228' title='bbox 411 1826 431 1852; x_wconf 91' lang='lat' dir='ltr'>n.</span> <span class='ocrx_word' id='word_1_229' title='bbox 449 1816 504 1860; x_wconf 78' lang='lat'>30393</span> <span class='ocrx_word' id='word_1_230' title='bbox 520 1819 560 1854; x_wconf 79' lang='lat' dir='ltr'>ML</span> <span class='ocrx_word' id='word_1_231' title='bbox 575 1819 606 1861; x_wconf 81' lang='lat'>45,</span> <span class='ocrx_word' id='word_1_232' title='bbox 623 1818 691 1864; x_wconf 67' lang='lat' dir='ltr'>iren:</span> <span class='ocrx_word' id='word_1_233' title='bbox 711 1819 787 1854; x_wconf 82' lang='lat' dir='ltr'>«nihil</span> <span class='ocrx_word' id='word_1_234' title='bbox 802 1828 850 1855; x_wconf 84' lang='lat' dir='ltr'>esse</span> <span class='ocrx_word' id='word_1_235' title='bbox 865 1829 959 1865; x_wconf 88' lang='lat' dir='ltr'>prorsus</span> 
     </span>
    </p>

    <p class='ocr_par' dir='ltr' id='par_1_4' title="bbox 109 1866 959 1965">
     <span class='ocr_line' id='line_1_29' title="bbox 138 1866 959 1914; baseline 0.007 -13"><span class='ocrx_word' id='word_1_236' title='bbox 138 1866 235 1901; x_wconf 82' lang='lat' dir='ltr'>cundum</span> <span class='ocrx_word' id='word_1_237' title='bbox 247 1868 317 1902; x_wconf 83' lang='lat' dir='ltr'>Deum</span> <span class='ocrx_word' id='word_1_238' title='bbox 330 1868 388 1910; x_wconf 78' lang='lat' dir='ltr'>horu,</span> <span class='ocrx_word' id='word_1_239' title='bbox 402 1869 461 1912; x_wconf 88' lang='lat' dir='ltr'>quod</span> <span class='ocrx_word' id='word_1_240' title='bbox 473 1869 520 1905; x_wconf 87' lang='lat' dir='ltr'>sine</span> <span class='ocrx_word' id='word_1_241' title='bbox 533 1870 572 1905; x_wconf 91' lang='lat' dir='ltr'>Dei</span> <span class='ocrx_word' id='word_1_242' title='bbox 585 1870 635 1914; x_wconf 85' lang='lat' dir='ltr'>quis</span> <span class='ocrx_word' id='word_1_243' title='bbox 648 1870 723 1914; x_wconf 77' lang='lat' dir='ltr'>gratia</span> <span class='ocrx_word' id='word_1_244' title='bbox 735 1871 774 1906; x_wconf 87' lang='lat' dir='ltr'>aut</span> <span class='ocrx_word' id='word_1_245' title='bbox 785 1867 841 1907; x_wconf 86' lang='lat' dir='ltr'>velle</span> <span class='ocrx_word' id='word_1_246' title='bbox 855 1872 894 1907; x_wconf 87' lang='lat' dir='ltr'>aut</span> <span class='ocrx_word' id='word_1_247' title='bbox 904 1872 959 1907; x_wconf 88' lang='lat' dir='ltr'>inci-</span> 
     </span>
     <span class='ocr_line' id='line_1_30' title="bbox 109 1918 445 1965; baseline 0.009 -11"><span class='ocrx_word' id='word_1_248' title='bbox 109 1927 164 1963; x_wconf 84' lang='lat' dir='ltr'>pere</span> <span class='ocrx_word' id='word_1_249' title='bbox 179 1919 219 1955; x_wconf 88' lang='lat' dir='ltr'>aut</span> <span class='ocrx_word' id='word_1_250' title='bbox 231 1918 335 1964; x_wconf 87' lang='lat' dir='ltr'>perficere</span> <span class='ocrx_word' id='word_1_251' title='bbox 349 1920 445 1965; x_wconf 79' lang='lat' dir='ltr'>possit».</span> 
     </span>
    </p>
   </div>
   <div class='ocr_carea' id='block_1_4' title="bbox 109 2057 959 2164">
    <p class='ocr_par' dir='ltr' id='par_1_5' title="bbox 109 2057 959 2164">
     <span class='ocr_line' id='line_1_31' title="bbox 110 2057 959 2162; baseline 0.004 -64"><span class='ocrx_word' id='word_1_252' title='bbox 110 2058 175 2162; x_wconf 63' lang='grc' dir='ltr'>301οὶ</span> <span class='ocrx_word' id='word_1_253' title='bbox 204 2057 261 2110; x_wconf 78' lang='lat' dir='ltr'>Arg.</span> <span class='ocrx_word' id='word_1_254' title='bbox 281 2058 311 2099; x_wconf 93' lang='lat'>11.</span> <span class='ocrx_word' id='word_1_255' title='bbox 331 2058 367 2100; x_wconf 85' lang='lat' dir='ltr'>Ex</span> <span class='ocrx_word' id='word_1_256' title='bbox 386 2057 575 2100; x_wconf 84' lang='lat' dir='ltr'>consideratione</span> <span class='ocrx_word' id='word_1_257' title='bbox 593 2058 712 2100; x_wconf 85' lang='lat' dir='ltr'>variarum</span> <span class='ocrx_word' id='word_1_258' title='bbox 731 2059 842 2102; x_wconf 80' lang='lat' dir='ltr'>classium</span> <span class='ocrx_word' id='word_1_259' title='bbox 862 2061 959 2102; x_wconf 82' lang='lat' dir='ltr'>actuum</span> 
     </span>
     <span class='ocr_line' id='line_1_32' title="bbox 109 2120 259 2164; baseline 0.013 -4"><span class='ocrx_word' id='word_1_260' title='bbox 109 2130 140 2160; x_wconf 78' lang='lat' dir='ltr'>sa</span> <span class='ocrx_word' id='word_1_261' title='bbox 149 2131 164 2161; x_wconf 89' lang='lat' dir='ltr'>u</span> <span class='ocrx_word' id='word_1_262' title='bbox 176 2120 259 2164; x_wconf 81' lang='lat' dir='ltr'>arium.</span> 
     </span>
    </p>
   </div>
   <div class='ocr_carea' id='block_1_5' title="bbox 106 2205 959 2961">
    <p class='ocr_par' dir='ltr' id='par_1_6' title="bbox 106 2205 959 2961">
     <span class='ocr_line' id='line_1_33' title="bbox 181 2205 959 2260; baseline 0.005 -13"><span class='ocrx_word' id='word_1_263' title='bbox 181 2209 201 2247; x_wconf 85' lang='lat'>1.</span> <span class='ocrx_word' id='word_1_264' title='bbox 219 2205 294 2248; x_wconf 80' lang='lat' dir='ltr'>Actus</span> <span class='ocrx_word' id='word_1_265' title='bbox 311 2207 425 2248; x_wconf 85' lang='lat' dir='ltr'>meritorii</span> <span class='ocrx_word' id='word_1_266' title='bbox 441 2207 565 2248; x_wconf 83' lang='lat' dir='ltr'>iustorum.</span> <span class='ocrx_word' id='word_1_267' title='bbox 591 2209 614 2260; x_wconf 78' lang='lat' dir='ltr'>a)</span> <span class='ocrx_word' id='word_1_268' title='bbox 641 2208 730 2250; x_wconf 84' lang='lat' dir='ltr'>Saltem</span> <span class='ocrx_word' id='word_1_269' title='bbox 754 2210 780 2249; x_wconf 87' lang='lat' dir='ltr'>in</span> <span class='ocrx_word' id='word_1_270' title='bbox 803 2209 843 2249; x_wconf 89' lang='lat' dir='ltr'>his</span> <span class='ocrx_word' id='word_1_271' title='bbox 867 2210 959 2251; x_wconf 86' lang='lat' dir='ltr'>actibus</span> 
     </span>
     <span class='ocr_line' id='line_1_34' title="bbox 110 2269 959 2325; baseline 0.007 -17"><span class='ocrx_word' id='word_1_272' title='bbox 110 2269 214 2311; x_wconf 85' lang='lat' dir='ltr'>habetur</span> <span class='ocrx_word' id='word_1_273' title='bbox 231 2270 379 2312; x_wconf 85' lang='lat' dir='ltr'>inchoatio</span> <span class='ocrx_word' id='word_1_274' title='bbox 395 2271 472 2313; x_wconf 86' lang='lat' dir='ltr'>vitae</span> <span class='ocrx_word' id='word_1_275' title='bbox 489 2272 633 2322; x_wconf 80' lang='lat' dir='ltr'>gloriosae</span> <span class='ocrx_word' id='word_1_276' title='bbox 650 2284 694 2324; x_wconf 90' lang='lat' dir='ltr'>per</span> <span class='ocrx_word' id='word_1_277' title='bbox 711 2273 786 2314; x_wconf 82' lang='lat' dir='ltr'>fidem</span> <span class='ocrx_word' id='word_1_278' title='bbox 804 2274 828 2314; x_wconf 90' lang='lat' dir='ltr'>et</span> <span class='ocrx_word' id='word_1_279' title='bbox 846 2274 959 2325; x_wconf 83' lang='lat' dir='ltr'>cognitio-</span> 
     </span>
     <span class='ocr_line' id='line_1_35' title="bbox 128 2329 959 2389; baseline 0.007 -16"><span class='ocrx_word' id='word_1_280' title='bbox 128 2345 166 2373; x_wconf 91' lang='lat' dir='ltr'>em</span> <span class='ocrx_word' id='word_1_281' title='bbox 178 2335 256 2376; x_wconf 90' lang='lat' dir='ltr'>Patris</span> <span class='ocrx_word' id='word_1_282' title='bbox 267 2336 291 2376; x_wconf 92' lang='lat' dir='ltr'>et</span> <span class='ocrx_word' id='word_1_283' title='bbox 303 2329 365 2384; x_wconf 81' lang='lat' dir='ltr'>Filii,</span> <span class='ocrx_word' id='word_1_284' title='bbox 379 2347 422 2386; x_wconf 93' lang='lat' dir='ltr'>per</span> <span class='ocrx_word' id='word_1_285' title='bbox 433 2335 640 2386; x_wconf 85' lang='lat' dir='ltr'>participationem</span> <span class='ocrx_word' id='word_1_286' title='bbox 653 2338 715 2378; x_wconf 90' lang='lat' dir='ltr'>lucis</span> <span class='ocrx_word' id='word_1_287' title='bbox 727 2338 829 2387; x_wconf 85' lang='lat' dir='ltr'>divinae,</span> <span class='ocrx_word' id='word_1_288' title='bbox 843 2350 888 2389; x_wconf 88' lang='lat' dir='ltr'>per</span> <span class='ocrx_word' id='word_1_289' title='bbox 900 2340 959 2379; x_wconf 88' lang='lat' dir='ltr'>cari-</span> 
     </span>
     <span class='ocr_line' id='line_1_36' title="bbox 111 2396 958 2453; baseline 0.007 -16"><span class='ocrx_word' id='word_1_290' title='bbox 111 2396 182 2438; x_wconf 86' lang='lat' dir='ltr'>tatem</span> <span class='ocrx_word' id='word_1_291' title='bbox 195 2410 320 2450; x_wconf 90' lang='lat' dir='ltr'>nunquam</span> <span class='ocrx_word' id='word_1_292' title='bbox 332 2399 479 2441; x_wconf 86' lang='lat' dir='ltr'>excidentem</span> <span class='ocrx_word' id='word_1_293' title='bbox 494 2401 524 2451; x_wconf 83' lang='lat' dir='ltr'>(r.</span> <span class='ocrx_word' id='word_1_294' title='bbox 538 2412 562 2440; x_wconf 91' lang='lat' dir='ltr'>n.</span> <span class='ocrx_word' id='word_1_295' title='bbox 574 2402 635 2453; x_wconf 82' lang='lat'>270).</span> <span class='ocrx_word' id='word_1_296' title='bbox 647 2428 678 2432; x_wconf 96' lang='lat'><strong>—</strong></span> <span class='ocrx_word' id='word_1_297' title='bbox 689 2402 713 2453; x_wconf 85' lang='lat' dir='ltr'>b)</span> <span class='ocrx_word' id='word_1_298' title='bbox 729 2402 758 2441; x_wconf 89' lang='lat' dir='ltr'>Hi</span> <span class='ocrx_word' id='word_1_299' title='bbox 771 2402 838 2443; x_wconf 84' lang='lat' dir='ltr'>actus</span> <span class='ocrx_word' id='word_1_300' title='bbox 849 2404 883 2444; x_wconf 90' lang='lat' dir='ltr'>de</span> <span class='ocrx_word' id='word_1_301' title='bbox 894 2414 958 2443; x_wconf 90' lang='lat' dir='ltr'>con-</span> 
     </span>
     <span class='ocr_line' id='line_1_37' title="bbox 132 2461 958 2516; baseline 0.012 -16"><span class='ocrx_word' id='word_1_302' title='bbox 132 2461 198 2512; x_wconf 81' lang='lat' dir='ltr'>igno</span> <span class='ocrx_word' id='word_1_303' title='bbox 218 2464 363 2505; x_wconf 88' lang='lat' dir='ltr'>merentur</span> <span class='ocrx_word' id='word_1_304' title='bbox 383 2464 500 2504; x_wconf 87' lang='lat' dir='ltr'>visionem</span> <span class='ocrx_word' id='word_1_305' title='bbox 521 2464 639 2514; x_wconf 82' lang='lat' dir='ltr'>facialem,</span> <span class='ocrx_word' id='word_1_306' title='bbox 661 2466 685 2507; x_wconf 90' lang='lat' dir='ltr'>et</span> <span class='ocrx_word' id='word_1_307' title='bbox 705 2465 802 2516; x_wconf 84' lang='lat' dir='ltr'>quidem</span> <span class='ocrx_word' id='word_1_308' title='bbox 825 2468 958 2511; x_wconf 88' lang='lat' dir='ltr'>secundum</span> 
     </span>
     <span class='ocr_line' id='line_1_38' title="bbox 137 2526 957 2582; baseline 0.007 -17"><span class='ocrx_word' id='word_1_309' title='bbox 137 2526 188 2566; x_wconf 88' lang='lat' dir='ltr'>ntes</span> <span class='ocrx_word' id='word_1_310' title='bbox 207 2539 255 2567; x_wconf 90' lang='lat' dir='ltr'>non</span> <span class='ocrx_word' id='word_1_311' title='bbox 273 2529 350 2577; x_wconf 90' lang='lat' dir='ltr'>unice,</span> <span class='ocrx_word' id='word_1_312' title='bbox 371 2528 427 2578; x_wconf 86' lang='lat' dir='ltr'>quia</span> <span class='ocrx_word' id='word_1_313' title='bbox 446 2540 476 2568; x_wconf 88' lang='lat' dir='ltr'>ex</span> <span class='ocrx_word' id='word_1_314' title='bbox 494 2540 595 2579; x_wconf 88' lang='lat' dir='ltr'>persona</span> <span class='ocrx_word' id='word_1_315' title='bbox 615 2531 698 2580; x_wconf 82' lang='lat' dir='ltr'>agente</span> <span class='ocrx_word' id='word_1_316' title='bbox 719 2531 841 2571; x_wconf 88' lang='lat' dir='ltr'>moraliter</span> <span class='ocrx_word' id='word_1_317' title='bbox 861 2532 957 2582; x_wconf 76' lang='lat' dir='ltr'>dignifi-</span> 
     </span>
     <span class='ocr_line' id='line_1_39' title="bbox 156 2590 957 2643; baseline 0.01 -13"><span class='ocrx_word' id='word_1_318' title='bbox 156 2590 201 2639; x_wconf 91' lang='lat' dir='ltr'>tur,</span> <span class='ocrx_word' id='word_1_319' title='bbox 211 2593 251 2632; x_wconf 87' lang='lat' dir='ltr'>sed</span> <span class='ocrx_word' id='word_1_320' title='bbox 263 2593 342 2641; x_wconf 89' lang='lat' dir='ltr'>simul,</span> <span class='ocrx_word' id='word_1_321' title='bbox 351 2593 407 2643; x_wconf 90' lang='lat' dir='ltr'>quia</span> <span class='ocrx_word' id='word_1_322' title='bbox 421 2591 529 2633; x_wconf 85' lang='lat' dir='ltr'>Christus</span> <span class='ocrx_word' id='word_1_323' title='bbox 541 2595 610 2635; x_wconf 89' lang='lat' dir='ltr'>iustis</span> <span class='ocrx_word' id='word_1_324' title='bbox 622 2595 705 2636; x_wconf 88' lang='lat' dir='ltr'>intime</span> <span class='ocrx_word' id='word_1_325' title='bbox 719 2595 859 2636; x_wconf 88' lang='lat' dir='ltr'>coniunctus</span> <span class='ocrx_word' id='word_1_326' title='bbox 872 2596 957 2638; x_wconf 87' lang='lat' dir='ltr'>iisdem</span> 
     </span>
     <span class='ocr_line' id='line_1_40' title="bbox 135 2657 957 2710; baseline 0.012 -18"><span class='ocrx_word' id='word_1_327' title='bbox 135 2660 223 2696; x_wconf 71' lang='lat' dir='ltr'>riurein</span> <span class='ocrx_word' id='word_1_328' title='bbox 235 2657 324 2705; x_wconf 79' lang='lat' dir='ltr'>influit,</span> <span class='ocrx_word' id='word_1_329' title='bbox 338 2668 399 2708; x_wconf 85' lang='lat' dir='ltr'>quae</span> <span class='ocrx_word' id='word_1_330' title='bbox 411 2668 494 2698; x_wconf 87' lang='lat' dir='ltr'>eorum</span> <span class='ocrx_word' id='word_1_331' title='bbox 506 2659 569 2699; x_wconf 89' lang='lat' dir='ltr'>bona</span> <span class='ocrx_word' id='word_1_332' title='bbox 581 2671 653 2710; x_wconf 88' lang='lat' dir='ltr'>opera</span> <span class='ocrx_word' id='word_1_333' title='bbox 666 2659 783 2700; x_wconf 84' lang='lat' dir='ltr'>antecedit</span> <span class='ocrx_word' id='word_1_334' title='bbox 795 2661 818 2701; x_wconf 90' lang='lat' dir='ltr'>et</span> <span class='ocrx_word' id='word_1_335' title='bbox 830 2661 957 2702; x_wconf 85' lang='lat' dir='ltr'>comitatur</span> 
     </span>
     <span class='ocr_line' id='line_1_41' title="bbox 107 2718 956 2777; baseline 0.011 -21"><span class='ocrx_word' id='word_1_336' title='bbox 107 2718 134 2757; x_wconf 92' lang='lat' dir='ltr'>et</span> <span class='ocrx_word' id='word_1_337' title='bbox 146 2720 298 2771; x_wconf 88' lang='lat' dir='ltr'>subsequitur</span> <span class='ocrx_word' id='word_1_338' title='bbox 313 2721 491 2773; x_wconf 65' lang='lat' dir='ltr'>(Tarentinum</span> <span class='ocrx_word' id='word_1_339' title='bbox 503 2732 520 2761; x_wconf 90' lang='lat' dir='ltr'>s.</span> <span class='ocrx_word' id='word_1_340' title='bbox 535 2726 548 2763; x_wconf 83' lang='grc'><strong>6</strong></span> <span class='ocrx_word' id='word_1_341' title='bbox 564 2735 615 2774; x_wconf 88' lang='lat' dir='ltr'>cap.</span> <span class='ocrx_word' id='word_1_342' title='bbox 635 2727 669 2773; x_wconf 80' lang='lat'>163</span> <span class='ocrx_word' id='word_1_343' title='bbox 687 2725 718 2765; x_wconf 84' lang='lat' dir='ltr'>ci.</span> <span class='ocrx_word' id='word_1_344' title='bbox 737 2736 786 2776; x_wconf 80' lang='lat' dir='ltr'>arg.</span> <span class='ocrx_word' id='word_1_345' title='bbox 805 2726 815 2766; x_wconf 93' lang='grc' dir='ltr'>Ι</span> <span class='ocrx_word' id='word_1_346' title='bbox 834 2726 865 2777; x_wconf 84' lang='grc'>1).</span> <span class='ocrx_word' id='word_1_347' title='bbox 883 2727 956 2777; x_wconf 81' lang='lat' dir='ltr'>Atqui</span> 
     </span>
     <span class='ocr_line' id='line_1_42' title="bbox 110 2780 956 2842; baseline 0.013 -22"><span class='ocrx_word' id='word_1_348' title='bbox 110 2780 173 2822; x_wconf 85' lang='lat' dir='ltr'>inter</span> <span class='ocrx_word' id='word_1_349' title='bbox 186 2784 300 2825; x_wconf 85' lang='lat' dir='ltr'>meritum</span> <span class='ocrx_word' id='word_1_350' title='bbox 315 2786 344 2825; x_wconf 91' lang='lat' dir='ltr'>de</span> <span class='ocrx_word' id='word_1_351' title='bbox 359 2785 478 2834; x_wconf 83' lang='lat' dir='ltr'>condigno</span> <span class='ocrx_word' id='word_1_352' title='bbox 492 2787 516 2827; x_wconf 88' lang='lat' dir='ltr'>et</span> <span class='ocrx_word' id='word_1_353' title='bbox 530 2788 665 2837; x_wconf 87' lang='lat' dir='ltr'>praemium</span> <span class='ocrx_word' id='word_1_354' title='bbox 681 2789 717 2829; x_wconf 88' lang='lat' dir='ltr'>est</span> <span class='ocrx_word' id='word_1_355' title='bbox 732 2791 811 2830; x_wconf 74' lang='lat' dir='ltr'>stricta</span> <span class='ocrx_word' id='word_1_356' title='bbox 825 2791 956 2842; x_wconf 81' lang='lat' dir='ltr'>proportio.</span> 
     </span>
     <span class='ocr_line' id='line_1_43' title="bbox 107 2845 958 2896; baseline 0.012 -10"><span class='ocrx_word' id='word_1_357' title='bbox 107 2845 175 2894; x_wconf 48' lang='lat' dir='ltr'>*Quae</span> <span class='ocrx_word' id='word_1_358' title='bbox 190 2859 244 2888; x_wconf 90' lang='lat' dir='ltr'>cum</span> <span class='ocrx_word' id='word_1_359' title='bbox 259 2860 288 2889; x_wconf 83' lang='lat' dir='ltr'>ex</span> <span class='ocrx_word' id='word_1_360' title='bbox 302 2848 392 2889; x_wconf 85' lang='lat' dir='ltr'>ratione</span> <span class='ocrx_word' id='word_1_361' title='bbox 406 2849 479 2889; x_wconf 92' lang='lat' dir='ltr'>modo</span> <span class='ocrx_word' id='word_1_362' title='bbox 492 2850 604 2891; x_wconf 86' lang='lat' dir='ltr'>allatam</span> <span class='ocrx_word' id='word_1_363' title='bbox 620 2852 701 2893; x_wconf 85' lang='lat' dir='ltr'>nostro</span> <span class='ocrx_word' id='word_1_364' title='bbox 715 2865 771 2894; x_wconf 89' lang='lat' dir='ltr'>casu</span> <span class='ocrx_word' id='word_1_365' title='bbox 784 2866 834 2894; x_wconf 78' lang='lat' dir='ltr'>oca</span> <span class='ocrx_word' id='word_1_366' title='bbox 848 2856 958 2896; x_wconf 73' lang='lat' dir='ltr'>atterere</span> 
     </span>
     <span class='ocr_line' id='line_1_44' title="bbox 106 2911 958 2961; baseline 0.014 -12"><span class='ocrx_word' id='word_1_367' title='bbox 106 2912 208 2951; x_wconf 75' lang='lat' dir='ltr'>moralis</span> <span class='ocrx_word' id='word_1_368' title='bbox 220 2919 241 2952; x_wconf 82' lang='lat' dir='ltr'>et</span> <span class='ocrx_word' id='word_1_369' title='bbox 251 2912 360 2961; x_wconf 77' lang='lat' dir='ltr'>iuridcco,</span> <span class='ocrx_word' id='word_1_370' title='bbox 374 2911 565 2954; x_wconf 88' lang='lat' dir='ltr'>concludendum</span> <span class='ocrx_word' id='word_1_371' title='bbox 577 2916 612 2956; x_wconf 86' lang='lat' dir='ltr'>est</span> <span class='ocrx_word' id='word_1_372' title='bbox 623 2917 689 2958; x_wconf 89' lang='lat' dir='ltr'>actus</span> <span class='ocrx_word' id='word_1_373' title='bbox 702 2918 835 2959; x_wconf 88' lang='lat' dir='ltr'>meritorios</span> <span class='ocrx_word' id='word_1_374' title='bbox 847 2921 919 2961; x_wconf 91' lang='lat' dir='ltr'>etiam</span> <span class='ocrx_word' id='word_1_375' title='bbox 932 2921 958 2961; x_wconf 92' lang='lat' dir='ltr'>in</span> 
     </span>
    </p>
   </div>
   <div class='ocr_carea' id='block_1_6' title="bbox 152 3007 920 3044">
    <p class='ocr_par' dir='ltr' id='par_1_7' title="bbox 152 3007 920 3044">
     <span class='ocr_line' id='line_1_45' title="bbox 152 3007 920 3044; baseline 0.016 -12"><span class='ocrx_word' id='word_1_376' title='bbox 152 3007 212 3038; x_wconf 70' lang='lat' dir='ltr'>Linon,</span> <span class='ocrx_word' id='word_1_377' title='bbox 226 3010 246 3035; x_wconf 81' lang='lat' dir='ltr'>De</span> <span class='ocrx_word' id='word_1_378' title='bbox 258 3010 318 3035; x_wconf 74' lang='lat' dir='ltr'>aratia.</span> <span class='ocrx_word' id='word_1_379' title='bbox 899 3016 920 3044; x_wconf 77' lang='lat'>14</span> 
     </span>
    </p>
   </div>
   <div class='ocr_carea' id='block_1_7' title="bbox 0 0 1112 3350">
    <p class='ocr_par' dir='ltr' id='par_1_8' title="bbox 0 0 1112 3350">
     <span class='ocr_line' id='line_1_46' title="bbox 0 0 1112 3350; baseline 0 2"><span class='ocrx_word' id='word_1_380' title='bbox 0 0 1112 3350; x_wconf 95' lang='lat' dir='ltr'> </span> 
     </span>
    </p>
   </div>
  </div>
 </body>
</html>
