2214 3350
249 178 326 221 Tiresis
339 177 356 213 ὃ.
371 176 490 222 Dispositio
503 161 601 221 positiva
614 175 634 208 et
647 174 752 218 negativa
890 168 924 209 151

53 286 55 289 ⁴
77 285 193 331 dispositio
206 285 236 321 ad
247 285 345 330 gratiam
357 284 453 320 acutiam
466 284 558 325 remota,
572 291 618 327 qua
630 281 716 317 ratione
730 281 902 328 cavetpeccata.
913 293 923 313 o

78 338 137 374 Istas
152 337 198 372 tres
215 337 371 383 dispositiones
389 335 504 382 comparat
521 343 572 370 curn
590 333 701 369 similibus
718 333 743 368 111
760 332 870 370 natura:
891 333 925 369 Ad

77 390 174 425 termam
189 388 263 432 ignis
280 389 430 434 generandam
448 385 564 433 dispositio
581 385 684 431 proxima
700 384 734 420 est
750 385 824 420 certus
841 385 924 430 aradus

78 440 159 475 catoris
171 449 222 476 cuno
234 441 294 477 certa
305 441 398 477 raritate
410 441 431 475 11
443 438 549 482 siccitate3
562 437 609 475 1111
621 436 744 482 dispositio,
758 437 788 472 ad
800 445 868 480 quam
879 445 925 472 non

78 492 203 528 necessario
223 493 323 537 sequitur
342 492 415 528 torma
432 492 500 536 ignis,
522 490 555 527 est
575 489 648 525 mittor
669 488 752 532 aradae
773 487 854 524 caloris
874 496 925 523 cum

78 544 163 579 minore
181 543 275 580 raritate
291 543 326 580 vel
344 543 450 586 siccitate;
470 543 522 578 «est
540 541 587 578 alia
606 540 721 586 dispositio
740 540 813 584 maris
832 541 924 582 remota,

77 594 124 631 scil.
137 595 196 640 quod
205 594 293 639 lignum
303 596 332 631 sit
343 596 426 631 siccam
436 595 458 630 et
468 594 557 630 aridum
568 593 598 629 ad
609 591 828 636 combustionemque
840 592 923 637 aptum.

78 648 138 683 Haec
153 646 270 692 dispositio
284 648 404 693 improprie
420 647 454 683 est
470 646 585 692 dispositio
602 645 632 681 ad
645 645 814 696 producendam
829 644 925 679 formam

78 698 145 743 ignia
156 706 210 734 nam
222 699 337 744 dispositio
348 698 436 745 proprie
449 707 476 734 ea
487 698 526 741 est,
540 706 597 742 quae
609 706 632 733 se
643 696 704 731 111111
716 706 741 732 ex
753 696 817 741 parte
829 695 924 740 agentis,

78 760 123 787 non
141 759 197 795 quae
216 759 239 785 se
256 750 315 786 tenet
332 760 359 787 ex
376 751 439 797 parte
457 750 525 795 passi.
535 762 545 782 >1
573 749 670 785 «Prima
689 747 813 784 conclusio:
843 747 926 784 Ultima

77 802 193 848 dispositio
209 802 239 839 ad
252 802 356 847 gratiam,
373 802 402 838 ad
417 811 485 847 quam
499 800 649 837 infallibiliter
664 799 765 845 sequitur
781 799 863 844 gratia,
879 807 926 834 non

78 854 172 890 habetur
190 862 217 889 ex
234 853 340 890 facultate
358 854 460 897 naturae,
480 853 519 889 sed
536 853 626 888 tantum
644 853 702 888 dono
720 852 761 888 Dei
780 850 878 897 speciali;
904 852 925 886 et

77 906 215 942 contrarium
229 905 306 941 docere
320 905 354 941 est
366 905 516 951 pelagianum.
532 905 606 948 Quare
621 903 705 940 attente
720 904 806 940 etcum
820 903 924 950 scrupulo

78 957 165 1002 legendi
180 957 234 993 sunt
249 956 348 993 doctores
363 957 489 992 scholastici
504 956 585 992 1111111
600 956 670 1002 parte,
688 956 733 1001 qui,
750 955 885 992 arbitrantes
901 965 924 991 se

77 1009 267 1044 contradiceret).
283 1008 386 1051 Thomas,
403 1008 558 1044 contradicant
572 1008 694 1053 scripturis
710 1010 731 1043 11
745 1008 851 1051 conciliis,
867 1017 924 1053 quae
956 1049 958 1051 p

77 1069 193 1106 nunquam
204 1060 312 1105 legerunt,
326 1060 365 1096 sed
377 1061 465 1095 tantam
475 1061 640 1106 metaphysicas
653 1061 752 1096 rationes
764 1056 925 1096 consuluerant

77 1121 118 1147 suo
135 1112 225 1156 ingenio
243 1112 401 1148 adinventas.»
418 1131 445 1142 .„
463 1112 557 1148 «Tertia
573 1111 697 1149 conclusio:
725 1113 785 1157 opas
809 1112 926 1146 moral'ter

79 1164 161 1199 bonam
184 1164 205 1199 11
229 1163 337 1208 quidquid
360 1163 425 1199 homo
448 1163 503 1199 iacit
519 1173 545 1199 ex
562 1164 669 1200 facultate
693 1165 789 1200 naturae
813 1164 924 1209 propriae,

78 1215 124 1249 don
136 1216 168 1250 est
181 1214 296 1259 dispositio
309 1215 339 1251 ad
351 1215 455 1259 gratiam,
469 1216 508 1251 sed
521 1215 553 1251 est
565 1214 634 1251 ueluti
647 1215 736 1251 siccitas
749 1216 775 1251 ia
787 1215 855 1260 tipho,
869 1224 926 1259 quae

77 1268 166 1314 proprie
190 1276 237 1303 non
255 1268 288 1303 est
306 1267 428 1312 dispositio,
448 1267 487 1302 sed
504 1267 579 1313 potius
604 1267 704 1312 potentia
729 1267 847 1312 passiva.»
874 1268 925 1303 Iure

79 1320 177 1356 Suarez
191 1319 213 1364 (l.
226 1319 265 1357 81.
279 1318 322 1355 711
336 1319 356 1365 9)
368 1319 409 1355 hoc
422 1331 433 1352 a
442 1319 566 1365 exemplum
577 1319 698 1355 mirabile»
712 1319 861 1365 reprehendit,
875 1328 926 1355 cum

77 1371 166 1407 siccitas
179 1371 240 1416 'ligni
256 1372 286 1407 sit
295 1375 314 1404 ‘a
322 1371 383 1407 satis
393 1371 487 1417 propria
503 1372 524 1407 et
540 1380 625 1416 magna
642 1371 758 1417 dispositio
776 1371 806 1407 ad
822 1371 924 1416 ignem».

78 1422 124 1458 Del
135 1423 224 1459 Prado
236 1432 295 1467 vero,
309 1423 348 1469 qui
358 1423 458 1469 praecise
470 1424 496 1458 in
506 1423 548 1459 hac
561 1422 691 1469 quaestione
703 1422 883 1469 praeparationis
897 1424 927 1459 ad

77 1475 175 1518 gratiam
187 1474 313 1511 doctrinam
326 1488 337 1508 «
346 1475 545 1521 semipelagianam
553 1489 564 1508 »
578 1476 745 1511 Molinistarum
758 1476 865 1513 acerrime
879 1485 926 1511 car-

77 1527 117 1572 pit,
133 1536 178 1563 non
192 1527 281 1563 veretur
296 1527 420 1573 exemplum
436 1527 539 1563 Medinae
554 1528 653 1573 repetere
669 1528 690 1562 et
706 1536 756 1563 cum
772 1527 923 1563 restrictione:

80 1580 112 1614 asi
121 1579 154 1614 ita
162 1578 224 1624 loqui
233 1580 269 1615 ias
279 1580 332 1622 est»,
343 1588 409 1615 suum
418 1580 492 1615 iacere
504 1581 542 1627 (De
554 1581 610 1624 prat.
620 1582 640 1614 et
651 1580 688 1614 lib.
697 1580 742 1616 arb.
756 1581 767 1616 1
777 1589 827 1626 pag.
840 1580 864 1616 69
873 1579 924 1625 327).

78 1631 113 1666 En
125 1630 252 1666 differentia
263 1631 321 1666 inter
333 1631 373 1667 Del
384 1631 459 1667 Prado
473 1631 494 1667 11
506 1630 639 1667 Molinistasl
653 1631 683 1667 Hi
696 1631 819 1667 admittunt
831 1631 926 1667 liberum

78 1682 197 1718 arbitrium
213 1691 277 1729 posse
294 1692 320 1719 ex
337 1692 360 1719 se
376 1683 519 1728 aliquatenus
537 1682 676 1719 abstinere
694 1693 709 1719 a
723 1683 925 1719 madefactione
968 1708 970 1712 -

77 1735 134 1780 ligni
147 1736 168 1771 et
180 1736 299 1781 propterea
312 1744 327 1771 a
339 1735 435 1771 saeculis
447 1735 597 1770 traducuntur
612 1746 623 1768 a
632 1735 807 1781 semipelagiani
815 1746 834 1779 »;
849 1744 925 1771 secun-

79 1787 132 1823 dum
148 1787 272 1833 exemplum
288 1796 303 1823 a
318 1787 358 1823 Del
374 1786 448 1823 Prado
464 1786 604 1832 propositum
620 1785 687 1823 homo
704 1788 776 1833 potest
793 1786 877 1824 efficere
894 1788 924 1830 id,

78 1839 137 1883 quod
155 1839 208 1874 «est
226 1838 294 1874 veluti
312 1838 424 1874 siccitas
442 1839 467 1873 in
484 1837 564 1883 ligno»
585 1838 681 1882 animae,
702 1848 744 1884 quo
763 1839 853 1875 facilius
866 1840 925 1884 igne

77 1890 163 1934 gratiae
181 1890 340 1927 inflammetur.
358 1911 383 1918 -
401 1890 477 1926 Adhuc
496 1889 566 1926 Andr.
581 1888 643 1935 Vega
662 1891 685 1927 0,
706 1892 734 1927 M.
755 1892 805 1928 Obs.
828 1891 851 1937 (†
871 1891 925 1934 tata

79 1941 175 1977 Trident.
193 1942 249 1979 decr.
266 1941 292 1977 dc
306 1942 376 1988 iustis.
393 1942 499 1987 caperato
514 1943 528 1977 l.
545 1942 558 1978 8
573 1952 619 1989 cap.
636 1942 689 1979 9111
702 1943 754 1991 fine)
772 1944 836 1982 dicit:
856 1957 866 1977 c
875 1945 926 1979 Non

77 1995 141 2030 video
157 2003 223 2041 posse
239 2005 253 2030 a
269 2004 381 2040 quoquam
397 1994 505 2030 catholico
521 1994 578 2030 verti
595 1995 620 2030 111
636 1995 736 2038 dubium,
755 1995 811 2040 quin
826 2005 925 2032 causae

78 2047 123 2081 sint
136 2055 175 2082 suo
188 2047 254 2082 modo
266 2048 356 2083 nostrae
369 2045 533 2082 iustificationis
546 2055 623 2082 omnes
637 2046 802 2093 dispositiones,
817 2057 856 2094 per
870 2057 926 2093 quas

77 2099 179 2134 venimus
189 2099 215 2133 111
225 2099 264 2134 Dei
275 2099 378 2143 gratiam,
391 2099 437 2134 sive
448 2098 500 2133 iliae
512 2098 557 2134 sint
569 2107 595 2133 11
606 2099 658 2135 sotis
670 2099 756 2136 viribus
767 2101 849 2136 icastris
862 2102 926 2136 nata-

78 2149 163 2185 ratibus
185 2151 233 2186 sive
252 2151 319 2186 etiam
333 2161 358 2186 111
372 2150 455 2186 auxilio
475 2151 515 2186 Dei
535 2150 654 2195 speciali.»
669 2171 693 2176 -
716 2150 804 2187 suarez
820 2161 872 2188 vero
889 2153 928 2196 [De

79 2201 135 2245 grat.
151 2201 165 2236 l.
182 2201 225 2239 81.
241 2202 260 2249 7)
276 2202 297 2238 11
312 2202 351 2237 1111
364 2202 432 2237 huius
446 2202 553 2247 temporis
567 2202 665 2247 theologi
680 2204 826 2239 ostenderunt
840 2204 927 2239 nullam

79 2254 199 2297 positivam
223 2253 389 2300 dispositionem
412 2262 473 2288 mere
496 2253 630 2298 naturalem,
650 2255 703 2290 licet
720 2256 871 2293 remotissima
890 2256 925 2298 sit,

79 2306 167 2341 admitti
185 2314 256 2351 posse.
278 2306 339 2349 Quae
358 2305 460 2342 doctrina
476 2305 538 2341 brevi
558 2307 736 2343 communiter
756 2309 866 2354 recepta
886 2309 924 2351 est,

79 2359 98 2393 si
113 2359 216 2405 excipias,
233 2359 291 2404 quod
304 2366 374 2403 usque
389 2358 418 2393 ad
433 2357 520 2393 nostros
535 2358 584 2394 dies
599 2358 690 2404 quidam
704 2360 803 2404 theologi
817 2360 926 2396 formulas

78 2410 100 2445 et
117 2410 218 2456 exempla
233 2410 339 2453 veterum,
357 2418 413 2454 quae
431 2409 552 2454 positivum
570 2412 652 2446 sonant
668 2412 784 2454 initurum,
804 2412 926 2448 inconside-

79 2462 126 2497 rate
141 2463 249 2507 repetunt.

79 2569 133 2609 229.
171 2569 276 2610 Historia
288 2569 355 2611 huius
367 2568 490 2609 doctrinae
502 2581 517 2610 a
529 2572 625 2612 saeculo
644 2570 701 2612 Xlll
715 2573 745 2612 ad
763 2570 829 2612 xvi-1
839 2572 927 2613 brevis-

80 2630 138 2672 sime
150 2632 225 2682 igitur
237 2632 269 2672 sio
280 2631 420 2672 adumbrari
432 2632 520 2682 potest:
536 2634 608 2674 Malli
621 2640 710 2674 veteres
722 2634 871 2683 Scholastici,
885 2636 926 2686 qui

80 2696 108 2736 de
119 2695 234 2737 doctrinis
244 2695 491 2746 semipelagianorum
501 2708 631 2748 earumque
644 2697 797 2738 damnatione
807 2709 855 2739 non
866 2698 927 2739 mul-

80 2759 131 2800 tum
146 2760 265 2802 noverunt
278 2761 302 2801 et
317 2759 360 2801 sub
375 2769 431 2799 voce
446 2759 536 2809 gratiae
552 2761 602 2801 1111
617 2760 737 2802 exclusive
754 2761 845 2802 donam
860 2761 927 2802 habi

80 2822 143 2862 tuate
160 2823 250 2874 prateae
266 2822 437 2873 sanctificantis
455 2822 632 2874 intellegebant,
651 2825 798 2875 putaverunt
815 2824 926 2866 satisfieri

80 2885 201 2926 doctrinae
212 2886 336 2934 Ecclesiae,
349 2884 478 2928 dummodo
489 2885 610 2926 teneretur
620 2886 691 2927 istam
702 2887 804 2940 gratiam
815 2888 925 2939 gratuito,

81 2945 96 2986 i.
109 2958 130 2988 e.
143 2948 195 2988 stae
207 2948 359 2999 praecedente
372 2947 456 2987 merito
469 2948 499 2988 de
511 2949 629 3000 condiano
641 2951 753 2990 conferri.
768 2949 886 3000 Quoniam
900 2953 928 2992 de
