2214 3350
336 161 424 206 Scholia
440 170 466 207 de
482 167 546 210 donis
563 168 644 210 infusis
878 168 914 211 285

67 279 122 318 Ber.
141 280 190 326 752;
208 279 226 318 P
244 279 264 319 V
281 281 330 327 307;
349 279 403 319 VIII
421 278 451 328 1).
476 282 510 309 -’
530 278 634 323 Possunt
658 278 719 318 inter
736 288 760 318 se
778 279 913 328 comparari
962 278 963 281 ’

67 342 91 392 a)
107 340 207 382 essentia
219 341 313 382 animae
326 341 349 382 et
361 340 437 391 gratia
451 340 610 389 sanctificans,
625 340 650 392 b)
666 339 832 381 inclinationes
846 342 913 387 natu-

69 403 131 445 rales
146 403 170 444 et
185 403 452 455 virtutestheoiogicae‚
471 404 492 455 c)
511 402 610 444 virtutes
628 403 757 454 acquisitae
774 403 798 444 et
814 403 912 444 virtutes

68 465 171 507 morales
188 466 289 516 infusae,
309 467 333 519 d)
354 466 480 507 instinctus
497 465 618 510 naturales
634 467 658 507 et
675 465 738 511 dona
756 467 780 506 S.
801 465 911 516 Spiritus

68 530 90 581 e)
106 540 234 570 concursus
248 530 291 570 Dei
306 529 422 580 generalis
437 529 460 570 et
474 539 603 574 concursus
617 527 807 579 supernaturalis
822 530 847 569 in
862 539 914 580 gra-

67 592 102 640 tia
116 592 203 637 actuali
219 592 258 643 (ct.
275 594 347 634 etiam
361 604 385 633 n.
401 594 441 633 368
456 591 480 634 et
493 593 552 643 390).

276 833 405 878 SGHOLIA
419 834 457 873 DE
474 832 565 873 DONIS
583 832 702 880 INFUSIS

68 969 123 1014 389.
160 969 256 1014 Sclrol.
273 970 293 1013 1.
311 968 384 1019 Quale
399 979 441 1010 eus
455 968 487 1009 sit
501 967 581 1021 gratia
594 959 758 1029 sanctificans.
775 969 912 1016 Secundum

68 1031 155 1077 thesim
177 1032 212 1077 est
232 1043 274 1073 ens
295 1031 432 1079 creatum,
454 1031 573 1081 physice
595 1041 776 1081 permanens.
807 1032 912 1077 Ulterius

70 1095 110 1146 (ci.
126 1096 144 1135 P
158 1096 279 1146 3094317)
295 1095 423 1136 dicendum
438 1094 484 1135 est:

48 1177 50 1182 ’
137 1184 157 1221 1.
177 1181 217 1222 Est
235 1176 354 1228 accidens,
374 1191 422 1221 non
440 1178 574 1221 substantia
597 1181 635 1220 vel
659 1191 715 1231 pars
740 1180 910 1220 substantialis.

67 1244 128 1284 Nam
141 1244 212 1284 horno
223 1244 260 1284 est
271 1242 403 1284 substantia
414 1243 532 1293 completa
543 1253 619 1293 neque
632 1243 756 1285 accedente
768 1242 846 1294 gratia
858 1243 912 1283 sub-

66 1305 209 1354 stantialiter
220 1306 254 1347 ita
268 1306 381 1354 mutatur,
393 1306 426 1348 ‚ut
439 1317 487 1346 non
502 1307 551 1352 iam
567 1305 689 1353 sithonio.
706 1307 779 1351 Porro
795 1305 913 1357 repugnat

66 1369 199 1418 substantia
215 1368 404 1421 supernaturalis
421 1370 453 1421 (n.
470 1367 529 1419 289).
596 1387 597 1390 ¹

135 1457 156 1495 2.
172 1454 213 1495 list
224 1465 267 1495 ens
280 1453 422 1502 absolutum,
437 1465 485 1494 non
499 1464 565 1494 mera
579 1454 668 1495 relatio.
684 1454 776 1495 Relatio
790 1465 849 1505 pure
863 1466 911 1494 mo-

67 1517 125 1563 ralis
138 1517 161 1558 et
175 1516 277 1558 iuridica
291 1528 362 1558 sensu
375 1517 560 1558 Protestantium
575 1517 627 1567 ipso
642 1517 752 1568 dogmate
767 1517 909 1558 excluditur.

67 1580 123 1621 Sine
138 1580 211 1621 dublo
226 1579 302 1631 gratia
317 1579 389 1621 etiam
403 1579 505 1621 includit
519 1579 607 1621 realem
623 1581 654 1621 ad
669 1581 746 1621 Deum
761 1581 909 1627 relationem,

66 1642 138 1693 prout
164 1643 255 1684 confert
281 1642 426 1684 consortium
453 1641 548 1684 divinae
577 1643 683 1692 naturae,
712 1643 911 1684 inhabitationem

66 1708 90 1748 S.
110 1707 212 1758 Spiritus
228 1707 252 1748 et
268 1706 392 1748 eiusmodi.
412 1707 458 1747 Sed
475 1700 694 1747 tundamentum
712 1706 800 1746 harum
817 1706 910 1747 relatio-

67 1768 126 1811 num
144 1781 261 1811 novarum
278 1769 313 1810 est
330 1770 430 1810 matario
447 1769 540 1809 animae
558 1762 629 1809 realis
648 1776 669 1809 et
687 1769 803 1810 obsolute.
829 1769 910 1820 Neque

66 1833 144 1884 potest
164 1833 258 1874 admitti
281 1832 362 1883 opinio
384 1832 480 1873 Eusebii
503 1830 610 1885 Amort¹
637 1832 717 1873 Theoi.
736 1832 844 1873 eclectieo
862 1833 878 1873 t.
897 1836 910 1873 2

68 1896 197 1948 (Augustae
220 1896 399 1936 vindelicorum
418 1896 480 1947 1752]
505 1894 534 1935 tr.
553 1898 567 1935 2
591 1894 683 1946 disp3
706 1895 736 1936 de
759 1895 819 1946 grat.
838 1907 861 1946 q.
880 1897 905 1934 7:

66 1958 148 2000 Gratia
165 1958 315 2000 «formaliter
330 1957 432 2009 spectata
447 1957 554 1999 consist't
568 1958 593 1998 in
609 1958 696 1999 unione
711 1957 852 2000 accidentali
868 1971 910 1999 seu

65 2022 150 2063 ordine
163 2021 239 2062 activo
254 2021 348 2062 animae
363 2022 393 2062 ad
408 2021 474 2062 aetus
489 2021 682 2071 supernaturales
696 2021 812 2071 impresso
828 2034 842 2062 a
859 2022 910 2071 Spi-

66 2085 114 2126 ritu
128 2084 241 2132 Sanctw,
257 2085 327 2136 atque
342 2085 374 2125 sic
388 2085 423 2126 est
436 2085 538 2136 qualitas
553 2084 658 2132 relativa,
673 2096 771 2125 versans
786 2085 811 2125 in
825 2096 910 2136 genere

65 2147 182 2198 potent-iae
198 2148 222 2189 et
234 2147 415 2196 habilitationis,
433 2146 519 2188 entitas
535 2146 645 2197 modalis,
664 2159 750 2199 nempe
767 2146 833 2196 unio,
851 2148 910 2189 ordo

65 2222 107 2252 seu
120 2209 229 2252 activitas
242 2210 437 2262 supernaturalis,
454 2210 549 2251 realiter
563 2210 710 2253 identificata
724 2222 780 2252 cum
796 2211 909 2261 qualitate

63 2274 173 2316 absolute
191 2273 330 2315 exornetiva
350 2275 451 2322 animae,
472 2284 532 2324 quae
553 2273 634 2314 tamen
654 2274 734 2324 potius
754 2274 790 2315 est
810 2275 909 2325 effectus

65 2336 240 2387 metaphysicis
257 2347 358 2387 sequens
372 2336 474 2387 gratiam
490 2336 625 2377 formaliter
641 2337 769 2387 spectatam
786 2338 909 2388 tamquam

64 2401 116 2445 eius
130 2400 269 2450 proprietas
284 2399 368 2441 —Sic
382 2400 438 2440 ordo
453 2399 552 2440 naturae
567 2400 653 2449 inverti
667 2399 769 2441 videtur.
785 2400 847 2441 Nam
861 2411 909 2441 non
940 2429 941 2432 ,

64 2462 216 2513 intellegitur,
234 2474 282 2513 quo
298 2461 365 2513 pacto
381 2473 443 2502 nova
458 2462 550 2503 oriatur
565 2461 647 2503 relatio
664 2462 742 2511 realis,
760 2463 807 2503 nisi
823 2463 911 2504 natura

65 2525 133 2581 prius
148 2525 293 2576 producatur
308 2526 359 2570 eius
375 2523 568 2573 tundamentum.

133 2613 154 2652 3.
170 2611 210 2652 Est
224 2610 336 2664 qualitas.
353 2611 398 2650 Per
412 2610 514 2661 gratiam
529 2611 611 2652 anima
626 2611 655 2652 iit
671 2610 769 2659 «talis»,
788 2622 864 2663 neque
880 2613 908 2653 de

64 2673 115 2714 ulla
133 2673 182 2714 alia
200 2674 318 2724 categoria
337 2673 495 2715 accidentium
515 2673 707 2729 permanentium
729 2674 790 2715 serio
810 2674 908 2725 cogitari

64 2735 148 2785 potest.

133 2824 154 2862 4.
169 2822 210 2863 Est
222 2821 318 2868 habitus
333 2819 471 2867 entitativus
484 2823 530 2870 vel,
546 2822 664 2871 simonis,
680 2822 834 2873 dispositio
848 2834 910 2873 per·

64 2894 191 2929 manens.
208 2884 346 2931 Aristoteles
361 2887 375 2924 4
391 2882 476 2925 classes
493 2884 637 2935 qualitatum
654 2885 787 2936 distinguit,
806 2897 909 2937 quarum

57 2947 125 2987 duae
144 2946 242 2995 ultimae
263 2948 357 2999 (passio,
384 2948 471 2998 sipara)
492 2948 522 2989 ad
542 2947 591 2989 sola
611 2959 709 2999 corpora
727 2949 849 3003 spectant.
875 2949 909 2989 De
