2214 3350
267 166 344 202 Thesis
360 166 388 202 19.
404 165 472 201 Nulla
487 164 567 200 entitas
582 174 627 200 non
641 165 716 200 vitalis
878 162 916 213 397

65 283 164 313 causam
173 273 333 323 principalem
342 274 365 314 et
373 272 583 331 instrumentalem
591 271 689 320 obtinet;
700 284 757 313 nam
768 282 839 313 causa
849 269 915 323 prin-

66 335 153 387 cipalis
173 337 348 386 praemonendo
372 333 559 386 instrumentum
582 333 665 374 influit
689 335 714 374 in
738 334 859 375 effectum.
884 358 915 364 „-

69 398 165 439 Praeter
180 409 322 439 concursum
338 399 473 450 generalem
489 396 581 438 exsistit
595 407 725 437 concursus
740 398 856 448 specialis.
875 398 913 438 Sic

69 462 132 502 Deus
148 462 179 501 aa
194 463 371 511 penerationem
387 461 499 509 hominis,
517 459 636 511 quatenus
651 459 758 500 animam
774 460 844 508 creat,
864 471 913 509 spe-

66 524 153 565 cialius
165 524 284 565 concurrit
297 519 369 576 quam
382 525 413 565 ad
426 523 486 564 alias
498 521 648 574 operationes
661 521 788 563 naturales.
804 523 846 563 Hic
861 534 914 563 con-

66 598 153 627 cursus
167 578 326 628 nihilominus
340 588 374 628 est
391 586 531 627 naturaliter
548 585 649 626 debitus.
669 586 791 626 Gonoussa
808 585 913 625 indebito

41 660 43 662 ·
67 656 91 689 et
108 650 284 700 supernaturali
304 651 371 692 Deus
393 650 419 689 in
441 649 568 690 effectibus
590 648 739 688 miraculosis
764 659 819 688 cum
837 648 915 688 causis

5 762 7 764 Ι
67 711 179 753 *secundis
197 714 342 763 cooperatur.
363 713 394 754 Ut
411 719 476 753 actus
495 712 616 752 entitatice
636 718 658 752 et
674 712 814 762 simpliciter
833 723 914 762 snper-

66 774 184 815 naturalis
199 775 297 824 oriatur,
314 776 338 816 id
352 776 417 826 quod
431 775 457 815 in
472 775 553 815 nostro
567 785 623 815 casu
639 774 674 823 fit,
692 785 747 814 sane
763 784 857 815 necesse
871 774 913 821 est,

13 858 15 860 >
66 838 95 879 ut
112 839 177 878 Deus
194 839 319 879 concurrat
337 838 417 888 aliquo
436 849 552 878 concursu
570 838 666 888 speciali
686 838 710 878 et
729 837 913 887 supernaturali,

66 901 109 951 qui
126 900 188 940 nulli
201 912 300 952 prorsus
316 900 433 951 potentiae
449 901 473 941 et
487 900 618 950 exigentiae
636 907 763 940 causarum
780 899 914 957 creatarum
949 889 954 901 ‘

66 964 174 1012 debetur,
199 965 240 1004 sed
264 963 403 1014 simpliciter
421 975 490 1003 omne
508 963 616 1004 debitum
640 963 749 1004 naturale
768 963 914 1003 transcendit

68 1026 112 1078 lth.
128 1026 178 1077 ils)⁴
733 1045 735 1047 ·

66 1150 123 1192 525.
160 1151 223 1191 Deus
234 1149 386 1200 omnipotens
396 1161 551 1200 summusque
562 1151 680 1190 Dominus
691 1152 717 1190 in
728 1151 794 1190 omni
806 1150 915 1191 creatura

63 1213 92 1254 'et
104 1224 148 1264 per
160 1225 213 1254 eam
227 1212 316 1253 efficere
329 1212 412 1263 potest,
428 1212 546 1263 quidquid
560 1213 585 1252 in
599 1224 627 1253 ea
640 1213 663 1253 et
675 1222 719 1262 per
732 1224 785 1253 eam
799 1214 854 1254 fieri
865 1224 915 1261 nen

69 1276 174 1316 absolute
186 1281 311 1326 repnpnat.
324 1275 385 1316 Huic
396 1275 439 1315 Dei
452 1275 636 1326 omnipotentiae
649 1276 672 1316 et
683 1285 796 1326 supremo
808 1275 914 1316 dominio

66 1350 98 1379 ex
108 1338 174 1389 parte
184 1338 306 1378 creaturae
317 1338 444 1386 respondet·
455 1338 563 1391 potentia
575 1338 762 1379 oboedientialis.
776 1340 823 1379 Per
834 1337 915 1390 poten-

66 1400 126 1441 tiam
139 1400 338 1441 oboedientialem
350 1401 472 1451 passivam
485 1399 593 1441 creatura
608 1401 800 1451 supernaturales
814 1401 916 1457 effectus

68 1464 111 1504 Dei
122 1464 212 1514 recipit,
223 1475 246 1504 r.
257 1475 279 1514 g.
291 1463 358 1503 iuxta
367 1474 450 1503 omnes
460 1463 581 1513 theologos
590 1463 687 1504 habitus
697 1465 790 1504 infusos
800 1464 823 1505 et
834 1475 915 1505 secun-

66 1528 127 1567 clum
138 1527 289 1567 adversarios
297 1525 384 1577 prioris
395 1525 471 1576 partis
477 1526 551 1566 etiam
562 1525 685 1567 entitatem
697 1525 813 1567 fluentem
824 1527 915 1577 gratiae

66 1589 174 1630 vectualia
189 1590 235 1629 Per
246 1589 377 1639 potentiam
390 1588 587 1630 oboedientialem
602 1588 704 1630 activam
718 1589 827 1630 creatura
840 1601 915 1641 capax

67 1652 104 1692 est
118 1653 149 1692 ad
164 1645 472 1701 eftectus'supernaturnes
494 1663 524 1692 ex
543 1651 630 1693 virtute
653 1653 696 1693 Dei
719 1652 768 1693 sive
784 1653 811 1693 ut
827 1652 914 1693 instru-

68 1715 176 1755 mentum
192 1715 235 1754 Dei
248 1714 421 1764 producendos.
438 1714 500 1754 Haec
517 1714 634 1769 dividitur
649 1716 674 1754 in
691 1715 794 1755 activam
809 1714 914 1756 latiore

67 1788 153 1817 sensu
177 1776 298 1827 sumptam
322 1777 345 1817 et
368 1775 468 1817 stricte
490 1775 587 1816 talem.
613 1777 682 1817 Prior
704 1776 738 1818 ita
760 1778 915 1829 caniunpitur

66 1840 241 1890 competentia
253 1840 354 1890 passiva,
369 1840 396 1879 ut
408 1839 515 1880 eiusdem
528 1840 650 1890 praeviam
664 1840 822 1882 estuationem
836 1842 915 1891 requi-

69 1904 112 1945 rat.
128 1905 176 1945 Hoc
191 1915 262 1945 sensu
276 1903 381 1955 potentia
394 1903 574 1944 oboedientialis
586 1904 662 1945 activa
677 1906 707 1945 ab
722 1906 836 1947 omnibus
850 1906 914 1946 theo-

66 1969 130 2020 logis
150 1968 292 2017 admittitur;
314 1979 370 2009 nam
393 1967 524 2009 secundum
539 1980 621 2009 omnes
636 1981 680 2020 per
694 1968 791 2011 habitus
812 1970 913 2019 infusos,

67 2033 200 2074 *secundum
213 2034 360 2073 adcremarios
373 2044 416 2083 per
426 2032 549 2074 entitatem
561 2033 685 2083 fluentem,
700 2034 833 2076 secundum
845 2037 872 2076 M
873 2036 915 2076 oii-

67 2109 127 2138 nam
142 2109 185 2148 per
200 2098 281 2155 actum
295 2097 479 2138 indeliberatum
496 2097 578 2139 anima
593 2098 687 2149 passive
705 2101 788 2151 recipit
806 2100 915 2141 clevatio-

66 2173 125 2202 nem
142 2162 347 2213 supernaturalem
365 2161 389 2202 et
406 2162 438 2202 sic
455 2162 549 2202 interne
567 2174 641 2213 capace
659 2163 768 2204 redditur
786 2165 816 2205 ad
835 2164 915 2204 actum

66 2226 276 2277 supernaturalem
301 2225 375 2265 active
399 2226 567 2267 eliciendum1.
595 2227 704 2268 Melina
730 2227 809 2269 autem
836 2229 915 2280 quoad

65 2290 148 2331 actum
160 2290 346 2330 indeliberatum
358 2290 564 2340 supernaturalem
578 2291 601 2331 et
614 2292 729 2341 suarez,
742 2293 784 2343 qui
797 2292 915 2334 theoriam

67 2352 390 2404 potentiaeoboedientialis
414 2353 503 2395 activae
521 2355 657 2405 expressius
680 2356 789 2405 excoluit,
816 2358 915 2409 insuper

66 2419 147 2469 quoad
158 2418 238 2459 actum
250 2418 408 2458 deliberatum
419 2418 547 2460 salutarem
559 2419 687 2460 adstruunt
697 2420 828 2471 potentiam
840 2432 915 2472 quan.

67 2484 125 2523 dam
149 2481 392 2523 oboedientialem
413 2482 536 2524 activam
554 2483 644 2525 'stricte
662 2484 743 2532 talem,
761 2496 835 2536 quam
855 2486 915 2526 Tita-
941 2505 943 2507 v

66 2548 152 2587 mistae
167 2548 291 2598 tamquam
305 2545 468 2597 philosophice
483 2548 656 2598 impossibilem
671 2549 695 2589 et
708 2549 838 2600 theologice
853 2543 920 2601 periss

66 2611 174 2652 -oulosem
190 2610 298 2656 reiciunt.
316 2610 428 2651 Consistit
443 2612 468 2651 in
483 2623 517 2661 eo,
535 2613 562 2653 ut
577 2611 692 2661 facultati,
709 2614 747 2653 cui
764 2623 841 2664 neque
857 2616 914 2656 tem.

69 2687 125 2725 pore
135 2686 212 2726 neque
222 2674 308 2715 natura
317 2674 371 2714 ante
380 2674 458 2723 ipsum
470 2676 549 2716 actum
561 2675 767 2726 supernaturalem
777 2678 828 2718 ulla
838 2679 916 2719 virtus

131 2808 138 2828 1
157 2800 239 2843 Dicunt
263 2807 339 2842 temen
363 2804 515 2843 Themistae
541 2807 677 2854 principium
701 2810 827 2854 proximum
852 2810 915 2846 actus

71 2853 250 2899 supernaturalis
267 2863 313 2888 esse
329 2853 400 2887 solam
416 2852 521 2889 uirtutem
537 2853 622 2898 cratiae
640 2864 710 2899 neque
725 2865 856 2893 concurrere
873 2857 916 2891 vir-

67 2901 151 2983 }ujjmn
163 2901 258 2984 nlaitzurae
282 2901 326 2936 nisi
349 2900 431 2936 remote
454 2901 475 2936 et
498 2901 634 2944 radicaliter3
658 2911 677 2938 v.
695 2904 768 2940 coroll.
795 2914 816 2940 n.
836 2904 873 2941 530
895 2906 916 2941 et
