2214 3350
313 216 390 273 Tiresia
403 205 433 272 26.
447 236 530 272 Verum
542 234 648 270 meritum
660 234 715 270 iusti
897 233 935 271 559

87 356 159 396 quare
181 355 251 385 suum
271 345 343 386 habet
362 344 442 385 locum
464 343 489 383 in
509 341 595 383 merito
614 341 713 393 physico
734 342 845 392 operarii,
868 342 933 393 quod

87 408 261 459 quadamtenus
274 407 407 459 comparari
422 406 499 457 potest
512 416 568 446 cum
582 403 663 446 valore
677 404 711 444 rei
726 406 872 455 vendendae,
888 415 934 455 pro

87 482 134 522 qua
148 470 253 520 pretium
265 471 374 522 'aequalis
388 470 477 511 valoris
492 469 634 510 solvendum
647 468 689 508 est.
707 468 752 508 Sed
768 468 845 518 potest
859 468 933 509 etiam

86 534 169 574 baberi
186 546 243 574 vera
260 534 378 584 quaedam
396 532 547 584 condignitas
571 528 597 572 111
622 529 798 581 aequalitate
823 541 933 581 geome-

86 596 158 636 trica
176 594 224 637 sive
240 596 407 647 proportionis,
426 607 486 646 quae
504 595 597 646 praeter
621 604 703 634 rerum
727 590 799 634 etiam
822 605 932 644 persona-

85 670 140 700 rum
156 660 229 700 habet
241 654 364 700 rationem.
385 659 448 700 Haec
470 658 542 707 adest,
567 657 664 709 quando
687 657 795 714 respectu
817 667 933 707 personae

85 722 240 773 praemiantis
254 722 310 762 dare
323 722 369 763 tale
382 723 518 772 praemium
531 733 580 762 non
594 720 705 761 censetur
717 719 797 759 maius
811 718 860 760 sive
875 718 932 760 diffi-

86 787 155 827 cilius
173 786 239 838 quid,
260 797 332 837 quam
349 786 458 837 respectu
476 796 591 837 personae
610 783 725 826 merentis
744 783 865 835 praestare
886 783 933 825 tale

85 851 234 902 obsequium.
260 851 298 891 Sic
319 863 334 892 a
355 862 408 902 rege
434 851 597 901 potentissimo
616 849 668 891 iure
686 847 837 899 exspectatur
855 848 934 889 maior

85 916 192 966 obsequii
207 915 332 957 retributio
346 927 419 967 quam
434 928 448 956 a
464 916 514 956 viro
530 914 652 955 interioris
667 914 830 964 condicionis„
840 915 931 964 Aequa-

84 980 138 1021 litas
151 980 292 1031 geometrica
305 981 335 1022 ad
347 981 532 1031 condignitatern
546 980 626 1021 meriti
639 980 737 1020 moralis
751 978 844 1020 sufficit.
859 1005 890 1010 -
903 978 931 1018 ln

85 1044 169 1085 merito
187 1045 216 1086 de
236 1048 338 1096 congruo
355 1045 434 1085 omnis
449 1044 579 1094 aequalitas
597 1045 676 1094 operis
694 1045 717 1085 et
733 1044 836 1092 praemii
856 1043 929 1084 deest,

84 1109 144 1150 Hinc
163 1109 231 1160 nulla
249 1109 373 1151 intercedit
391 1109 489 1157 iustitia,
510 1110 551 1150 sed
571 1109 631 1149 0010
650 1108 781 1149 decentia
800 1109 827 1150 06
845 1110 931 1150 11000-

83 1174 147 1214 vola
159 1174 299 1224 aequitas,
314 1174 391 1223 atque,
406 1174 426 1213 01
438 1174 565 1224 promissio
579 1172 743 1214 retributionis
755 1172 854 1222 accedit,
868 1183 931 1223 pura

84 1238 228 1279 fidelitas.
242 1262 274 1269 —-
285 1237 379 1286 Miles,
396 1238 438 1287 qui
454 1237 548 1278 strenue
563 1236 687 1287 pugnavit,
704 1238 732 1277 de
748 1237 866 1289 0110111000
882 1249 931 1278 me-

53 1313 54 1320 *
83 1302 133 1343 ruit
146 1302 243 1353 pactum
260 1301 414 1352 stipendium,
432 1302 460 1341 dc
478 1313 579 1352 0000100
597 1302 704 1351 aliquam
719 1301 819 1342 honoris
835 1302 932 1343 distino-

83 1367 180 1408 tionem.
191 1392 226 1410 ‚-
240 1366 310 1417 Apud
324 1367 402 1407 Deum
416 1365 529 1406 meritum
544 1365 572 1407 de
587 1377 692 1416 congruo
706 1367 741 1407 001
755 1365 930 1414 10101110110,

48 1432 50 1437 “
84 1432 104 1471 01
118 1432 168 1482 ipse
182 1431 316 1481 praemium
328 1430 447 1482 promisit
459 1443 481 1472 v.
496 1443 517 1482 g.
534 1430 651 1481 peccatori
666 1429 745 1471 actum
760 1430 866 1471 caritatis
880 1442 933 1482 per-

84 1495 158 1537 fectae
176 1495 278 1536 elicienti
297 1497 360 1536 Deus
376 1495 487 1545 promisit
504 1495 707 1536 iustificatiouem.
727 1495 859 1537 Deficiente
878 1507 931 1546 pro-

57 1604 61 1606 ,
83 1561 195 1601 missione
220 1560 302 1609 divina
325 1560 439 1601 meritum
457 1560 485 1600 de
504 1570 608 1610 congruo
634 1560 670 1601 est
694 1551 834 1601 tallib'ile.
861 1561 931 1601 Ratio

84 1625 163 1666 meriti
178 1625 204 1664 in
219 1624 267 1665 solo
282 1624 367 1665 merito
379 1625 408 1665 de
423 1624 541 1674 condigno
554 1625 626 1675 plene
640 1623 787 1673 verificatur,
804 1625 830 1665 in
846 1625 933 1666 merito

19 1686 21 1688 ’
83 1688 112 1728 110
129 1698 233 1738 congruo
249 1687 343 1728 nonnisi
360 1687 481 1738 anatopice
498 1686 628 1728 invenitur.

153 1779 213 1829 Cum
236 1778 349 1819 meritum
366 1779 395 1819 de
413 1779 529 1829 condigno
554 1778 661 1829 aliquam
684 1778 802 1819 rationem
826 1778 932 1819 iustitiae

83 1843 201 1894 importet
215 1842 351 1884 exsistentia
363 1843 437 1883 buius
447 1843 526 1883 meriti
539 1843 653 1893 supponit
665 1842 726 1883 inter
740 1844 818 1884 Deum
832 1843 855 1884 06
868 1854 930 1884 crea-

49 1923 59 1941 s
82 1908 149 1948 turas
164 1918 232 1958 posse
249 1907 393 1948 intercedere
409 1906 526 1948 eiusmodi
544 1907 661 1948 rationem
677 1907 819 1956 iustitiae,
839 1908 863 1949 et
878 1908 931 1958 qui-

83 1972 138 2012 dem
156 1983 205 2011 non
223 1972 300 2012 solum
319 1971 423 2012 iustitiae
442 1972 489 2012 sire
508 1970 660 2012 rectitudinis
678 1965 866 2020 universalis,
887 1972 929 2012 sed

83 2036 154 2076 etiam
172 2035 240 2076 istius
255 2034 446 2085 particularis
461 2034 562 2084 virtutis,
579 2046 640 2085 quae
656 2045 727 2076 suum
744 2037 831 2089 cuique
849 2036 890 2077 dat
906 2036 931 2076 et

82 2101 108 2139 in
127 2099 235 2151 10001001,
258 2099 442 2144 distributivam.
466 2100 662 2140 comminativum
682 2098 806 2149 dividitur,
830 2101 928 2151 pratitas

83 2164 163 2203 dinem
177 2174 240 2211 vero,
256 2161 399 2212 fidelitatem
412 2162 454 2203 etc.
469 2162 549 2214 partes
562 2162 635 2203 habet
648 2163 759 2204 adnexas.
776 2164 838 2205 Hinc
852 2163 931 2205 oritur

35 2277 37 2282 Α
82 2227 196 2278 quaestio,
211 2238 239 2267 ex
253 2238 357 2278 quanam
370 2226 461 2267 iustitia
471 2227 535 2268 Deus
548 2227 657 2278 praemia
669 2220 819 2278 promeritis
833 2229 862 2270 de
875 2240 929 2269 con-

33 2282 36 2287 “
82 2292 158 2350 digno·
170 2291 293 2342 largiatur.
312 2293 442 2333 Censemus
456 2292 482 2332 id
498 2291 552 2332 fieri
569 2303 617 2332 non
633 2304 663 2333 ex
678 2293 729 2333 sola
744 2292 890 2343 gratitudine
907 2295 930 2336 01

82 2356 206 2404 fidelitate,
223 2356 250 2397 ut
266 2357 372 2408 Vaaqnez
388 2356 453 2398 tenet
468 2357 505 2409 (10
521 2358 541 2404 1,
557 2360 571 2398 a
586 2357 647 2407 disp.
662 2360 702 2398 213
717 2370 736 2398 0.
754 2360 767 2398 5
783 2369 806 2397 n.
824 2359 927 2409 24—29),

82 2421 123 2461 sed
139 2433 172 2461 ex
187 2432 254 2461 vera
270 2420 396 2470 iustitia,
415 2432 476 2471 quae
492 2421 587 2471 praeter
603 2421 706 2461 rationes
723 2421 828 2463 iustitiae
846 2422 930 2473 legalis

82 2486 105 2527 et
120 2484 284 2526 distributivae
303 2486 342 2538 (ci.
361 2486 566 2543 Το001.,Ιο1111.
583 2489 612 2527 27
628 2497 651 2536 q.
669 2489 681 2526 1
698 2498 719 2526 a.
738 2487 760 2537 3)
779 2487 931 2537 probabilius

81 2550 153 2591 etiam
174 2548 287 2600 aliquid
308 2550 340 2590 de
362 2549 478 2590 iustitia
499 2549 704 2590 commutatira
723 2549 850 2599 contineat,
873 2550 932 2592 licet

81 2615 113 2655 ad
128 2613 197 2655 istius
211 2613 313 2663 rigorem
329 2612 431 2654 minime
446 2614 548 2655 accedat.
929 2611 930 2614 ’

81 2739 135 2781 7111.
172 2739 216 2779 His
228 2739 366 2790 praemissis
380 2750 480 2780 sensus
496 2739 589 2781 theseos
605 2739 674 2780 100110
690 2738 767 2789 patet:
787 2739 884 2791 Homo,
903 2742 930 2781 111

82 2804 144 2845 01060
161 2803 220 2851 niae,
237 2804 301 2854 quod
318 2803 353 2844 est
369 2803 465 2854 tempus
480 2804 597 2852 merendi3
614 2830 646 2835 -
661 2803 767 2853 iustus,
787 2805 886 2855 insuper
903 2806 928 2846 10

82 2869 144 2910 06010
158 2868 255 2919 0001100,
269 2865 369 2909 ornatus
381 2867 459 2918 gratia
472 2867 636 2910 sanctificante
651 2870 674 2910 et
687 2868 819 2910 virtutibus
833 2871 930 2919 101001ος

81 2958 113 2965 -
127 2933 212 2974 bonis
226 2932 374 2983 operibus,
390 2932 514 2974 moraliter
526 2933 603 2983 bonis,
622 2943 671 2974 non
687 2933 760 2975 malis
776 2935 815 2976 vel
832 2935 931 2975 indiffe-

81 2998 197 3044 rentibus
210 2998 239 3039 ad
252 2997 411 3038 moralitatem
423 2997 561 3048 requiritur,
574 2999 602 3040 ut
613 2998 661 3040 sint
673 2999 739 3040 actus
750 3010 805 3041 vere
818 2999 930 3047 humani,
