2214 3350
185 172 187 174 ’
217 184 253 220 aco
287 185 355 221 ssent.
370 185 409 220 111.
424 185 469 221 Ait.
483 185 522 220 111.
536 186 568 220 ne
581 185 700 220 suessione
712 185 733 221 et
745 186 864 229 augmento
877 184 975 221 iustitiae

217 294 275 334 dum
293 292 439 346 ScrIpturam
456 293 556 345 quidam
573 292 658 334 fideles
668 292 762 344 'negata
777 293 826 334 ilde
844 294 876 335 ad
892 293 1062 334 infidelitatem

216 355 346 405 redierunt,
365 357 389 397 61
406 356 535 397 Traditio
553 355 579 396 id
596 356 699 407 explicat
716 357 745 396 de
763 356 851 397 amisso
869 357 952 397 hahita
970 356 1059 397 intuso.

216 421 227 459 1
246 419 301 460 Tim
320 422 340 468 1,
359 422 398 460 19:
419 420 529 460 Docendo
546 418 653 469 aliquam
672 419 789 460 haeresim
810 420 927 469 «quidam
953 420 1059 460 ...circa

216 482 291 522 iidem
305 482 509 533 naufragaverunt
515 495 535 530 »ς
550 485 564 522 2
578 482 632 523 Tim
645 486 666 531 2,
682 484 721 523 18:
741 484 751 519 1
761 513 765 521 .
775 513 780 521 .
791 482 846 532 cui
861 495 875 523 a
888 482 985 524 veritate
1000 481 1062 523 exci-

217 544 311 594 derunt,
330 546 433 587 dicentes
449 544 645 586 resurrectionem
663 556 713 586 esse
730 545 779 586 lam
796 544 884 585 iactam
892 562 911 585 12.
927 572 959 577 —
975 549 986 586 1
1006 546 1062 585 Tim

173 618 178 626 ·
216 610 236 657 4,
249 611 274 649 1:
290 625 300 645 (ι
309 609 337 649 In
347 608 484 649 novissimis
492 608 641 659 temporibus
651 608 771 649 discedent
783 609 882 659 quidam
894 621 908 649 a
919 608 974 657 fide,
986 609 1062 650 atten-

216 671 299 712 dentes
314 672 437 722 sptritibus
451 671 537 711 erroris
550 670 574 712 61
587 671 701 712 doctrinis
715 671 924 712 daemoniorum.»
939 697 970 703 -
984 672 1062 712 Possi-

216 734 334 776 bilitatem
345 734 461 775 eiusmodi
473 733 604 785 apostasiae
616 735 755 785 supponunt
765 734 874 775 monita
885 735 911 775 in
924 736 973 783 Gal,
987 735 1061 784 Hehr,

217 798 278 845 Ilo,
296 799 346 847 Apo
365 798 371 849 (
387 797 403 838 1.
422 808 444 836 n.
462 798 521 849 467).
545 823 578 828 -
599 796 693 845 Ρ61166,
711 810 733 837 v.
751 809 773 848 g.
792 797 1001 846 Tertullianus,
1026 799 1061 838 Dc

216 871 319 911 praescr.
336 861 400 900 haer,
417 862 444 900 37
461 861 568 912 (R·298):
589 861 633 901 «Si
648 861 713 908 enim
730 860 841 901 haeretici
858 860 919 910 sunt,
937 861 1062 901 christiani

217 934 267 963 esse
280 934 329 963 non
342 924 448 973 possunt.
458 940 468 959 2>
483 949 514 954 -
528 922 656 963 Basilius
672 924 708 976 (1),
723 924 757 963 De
771 924 821 974 fide
837 927 848 964 1
866 925 894 976 (R
908 925 972 975 972);
993 924 1062 964 «11116.

217 986 319 1026 1111661116
330 998 344 1027 6
357 986 408 1026 iide
420 985 515 1036 lapsus.
526 1017 530 1025 .
541 1018 545 1025 .
556 1003 575 1025 a.
589 1011 621 1017 -
634 985 823 1036 Augustinus,
838 987 922 1027 Enati.
938 986 964 1026 in
978 988 1010 1027 Ps
1024 989 1060 1035 55,

217 1052 243 1089 19
261 1050 290 1101 (R
306 1049 383 1100 1169);
412 1049 512 1097 66166111
535 1060 606 1089 nemo
627 1049 711 1099 perdet
732 1049 779 1090 nisi
802 1050 844 1100 qui
866 1049 1007 1101 spreverit.»
1030 1075 1060 1080 -

217 1111 338 1164 Theologi
353 1112 485 1160 Thomas,
498 1113 523 1153 S.
538 1112 572 1152 th.
586 1115 606 1160 2,
619 1115 633 1153 2
645 1124 668 1163 q.
683 1115 696 1153 5
709 1124 729 1153 a.
741 1115 766 1153 3:
786 1114 832 1152 «In
845 1112 961 1154 haeretico
974 1113 1062 1154 discre-

217 1175 286 1216 dente
303 1185 380 1216 unum
398 1175 526 1215 articulum
544 1174 603 1215 fidei
621 1186 669 1215 non
687 1176 768 1216 manet
785 1175 847 1215 tides
865 1187 940 1225 neque
958 1175 1060 1216 formata

216 1249 293 1288 neque
305 1237 440 1278 intormts.»
455 1238 595 1289 Oppositam
607 1237 736 1279 Durandi
749 1237 890 1278 sententiam
902 1249 985 1279 omnes
997 1238 1062 1279 theo-

216 1301 264 1351 logi
277 1300 386 1342 reiciant.
399 1326 431 1332 —
442 1300 521 1347 Ratio.
537 1301 659 1349 Convenit,
673 1301 701 1342 61
712 1303 776 1342 Deus
789 1301 913 1342 subtrahat
926 1314 980 1343 eum
994 1301 1060 1342 hahi-

217 1364 276 1412 tum,
297 1375 369 1415 quem
389 1364 460 1404 homo
480 1370 534 1404 acta
555 1365 673 1404 contrario
698 1364 848 1405 demeritorie
875 1365 898 1406 61
922 1362 1062 1415 dispositive

217 1426 296 1475 abicit,
318 1427 341 1468 61
358 1426 386 1467 ut
404 1426 507 1476 adultus,
529 1426 571 1478 qui
590 1425 664 1467 libere
684 1427 809 1477 amplexus
827 1428 864 1468 661
883 1427 964 1477 iidem,
986 1428 1060 1469 libere

217 1500 311 1540 quoque
322 1490 424 1530 eandem
435 1489 540 1530 retineat.
554 1515 585 1520 —
596 1489 729 1539 Peccatum,
743 1491 807 1541 quod
818 1490 893 1531 iidem
907 1490 1013 1538 destruit,
1027 1492 1064 1532 661

217 1552 285 1601 illud,
298 1564 353 1593 cum
365 1565 412 1604 quo
424 1563 472 1593 non
484 1552 561 1603 potest
572 1552 632 1593 stare
644 1552 761 1594 motivum
773 1553 831 1594 fidei
844 1552 995 1604 theologicam
1009 1553 1060 1595 scil.

216 1616 251 1657 661
260 1615 392 1666 infidelitas
401 1616 510 1667 positiva,
519 1615 635 1666 formalis,
642 1616 754 1666 pertinax
766 1617 860 1667 (Maza,
867 1617 927 1657 Viri.
939 1618 1060 1665 229-231;

217 1680 247 1719 cf.
261 1679 280 1719 P
293 1679 348 1719 VIII
360 1690 395 1729 pr.
409 1680 437 1719 23
450 1678 474 1720 et
485 1689 508 1718 n.
523 1678 583 1729 466),
598 1679 628 1718 ad
641 1690 714 1729 qiiam
727 1678 829 1729 pertinet
842 1678 914 1727 etiam
926 1679 1063 1720 voluntaria

217 1741 340 1791 dubitatio,
357 1741 383 1781 in
398 1740 516 1793 quantum
530 1741 572 1782 tali
587 1741 725 1783 infidelitati
740 1741 864 1783 moraliter
878 1741 1018 1793 aequivalet.

217 1873 271 1914 481.
308 1876 328 1913 6.
346 1873 368 1918 6)
387 1871 446 1926 Spes
464 1883 511 1914 non
527 1872 616 1913 tollitur
633 1871 737 1925 quolibet
753 1873 854 1924 peccato
871 1872 971 1914 mortali.
990 1873 1062 1913 Dam-

217 1937 272 1979 nata
285 1938 320 1979 est
333 1936 480 1987 Quesnelli
492 1948 528 1988 pr.
544 1938 572 1978 57
586 1938 628 1989 (Da
642 1937 718 1988 iton:
738 1937 844 1978 «Totum
858 1936 922 1978 deest
934 1936 1058 1989 peccatori,

171 1997 173 2000 ’
217 2002 313 2053 quando
325 2002 346 2042 ei
360 2001 425 2042 deest
437 2012 497 2052 spes
511 2001 534 2042 et
546 2012 595 2042 non
607 2001 643 2042 661
655 2012 708 2051 spes
720 2001 746 2040 in
758 2002 814 2050 Deo,
829 2002 872 2041 uhi
885 2011 932 2041 non
946 2001 981 2042 661
993 2013 1063 2041 amor

216 2066 286 2107 Dei.»
305 2091 336 2097 -
359 2066 568 2117 Theologorum
592 2064 715 2105 unanimis
738 2064 773 2105 est
797 2065 919 2106 sententia.
946 2064 1063 2106 Medina

217 2130 308 2171 iudicat
319 2130 343 2170 id
356 2141 405 2170 6666
417 2130 446 2170 de
458 2130 515 2181 tide,
530 2129 634 2170 Suarea
648 2130 691 2181 (11,
705 2132 725 2177 5,
740 2130 774 2180 15)
789 2140 839 2169 6666
851 2129 947 2169 omnino
961 2135 1059 2170 certam.

217 2219 248 2225 —
260 2193 371 2241 Thomas,
387 2193 412 2233 S.
428 2194 462 2238 th,
477 2196 495 2242 1,
509 2197 523 2235 2
536 2205 560 2244 q.
574 2196 601 2233 65
614 2205 635 2234 6.
650 2195 676 2233 4:
695 2192 783 2233 «Fides
796 2194 819 2234 61
833 2203 887 2244 spes
898 2193 998 2244 possunt
1011 2204 1062 2234 6666

218 2260 268 2299 61116
286 2257 382 2299 caritate
390 2252 410 2306 »ζ
428 2258 459 2298 ad
477 2250 501 2298 1':
525 2274 535 2293 a
546 2289 550 2296 .
561 2256 722 2298 ..secundum
739 2256 849 2307 proprias
866 2256 968 2298 rationes
985 2268 1029 2297 nec
1047 2270 1063 2298 a

217 2323 344 2374 prudentia
359 2322 430 2380 [sicut
441 2321 541 2362 virtutes
554 2321 665 2380 morales]
679 2332 722 2361 nee
736 2334 749 2361 a
764 2320 860 2361 caritate
875 2321 944 2379 [sicut
953 2319 1060 2371 'pruden-

217 2387 259 2445 tia]
272 2386 433 2438 dependent».
445 2411 477 2416 —
487 2397 509 2436 q.
522 2388 581 2426 716.
594 2388 619 2426 4:
635 2385 701 2426 Fidei
714 2385 737 2426 et
748 2387 797 2435 spei
811 2384 926 2425 «habitus
938 2385 1064 2425 remanent.

217 2451 333 2491 informes
351 2449 405 2499 post
423 2449 546 2500 peccatum
567 2449 693 2489 mortale».
713 2475 745 2480 —
764 2448 834 2496 Ratio
856 2447 958 2489 similem
978 2460 1060 2489 conoe-

217 2514 333 2555 aientium
345 2514 416 2565 atque
429 2513 507 2565 quoad
521 2514 596 2553 iidem
607 2513 711 2554 ostendit
725 2513 846 2564 (Thomas,
860 2515 881 2562 2,
894 2516 908 2553 2
921 2525 943 2564 q.
957 2515 985 2554 24
998 2524 1019 2553 a.
1034 2515 1061 2553 12

217 2581 248 2620 ad
258 2582 279 2628 53
291 2580 310 2619 Ρ
320 2579 375 2619 VIII
385 2578 430 2630 86).
442 2603 474 2609 -
483 2577 507 2627 h)
522 2573 585 2630 Spes
594 2577 682 2618 tollitur
692 2576 814 2624 1611116616,
828 2576 920 2627 quoties
931 2575 1063 2617 destruitur

218 2643 300 2690 fides,
324 2654 385 2693 quae
409 2642 445 2683 661
468 2641 627 2681 necessarium
652 2641 703 2681 eius
727 2640 913 2681 tundamentum
938 2639 1061 2691 tamquam

218 2707 411 2756 «sperandarum
421 2705 554 2747 substantia
564 2716 661 2746 rerum»
676 2705 844 2758 [ἐλπιζομένων
855 2706 985 2756 ὑπόστασις,
998 2702 1064 2744 Hehr

217 2776 251 2822 11,
266 2774 297 2824 1).
313 2773 429 2822 Quoniam
442 2772 509 2812 actus
522 2770 572 2821 spei
585 2770 679 2812 infideli
693 2770 728 2811 661
740 2768 903 2822 impossibilis,
918 2771 981 2810 Deus
994 2767 1060 2809 habi-

218 2838 270 2879 turn
287 2837 336 2888 spei
354 2837 379 2877 in
396 2848 423 2878 66
440 2847 487 2876 non
504 2834 610 2886 amplius
626 2835 755 2875 conservat.
773 2832 869 2875 Dirccte
887 2832 1017 2873 destruitur
1033 2843 1062 2872 eo

217 2902 279 2950 actu,
297 2902 337 2953 qui
354 2901 490 2942 immediate
506 2899 664 2940 contrariatur
679 2899 767 2939 motivo
784 2896 842 2948 spei.
866 2897 922 2937 Tale
937 2895 1061 2947 peccatum

217 2967 330 3008 omnibus
356 2965 557 3006 consentientibus
583 2963 666 3004 saltem
692 2963 727 3004 est
752 2960 895 3014 desperatIo.
922 2961 956 3002 De
982 2971 1063 3011 prae-¹
