2214 3350
294 129 329 180 ¹De
346 144 453 190 conceptu
470 144 527 179 entis
540 142 724 188 supernaturalis
808 127 809 130 Ἴ
902 142 936 179 171

87 252 190 303 positive
203 253 338 294 indebitam
352 255 376 296 et
390 255 440 296 sola
456 254 572 296 Crantoris
586 253 695 305 largitate
711 253 780 294 bonis
795 254 936 295 naturaliter

87 317 177 358 debitis
196 318 371 369 superadditur.
394 319 501 360 Breviter
521 317 665 359 definitur
684 317 775 358 donum
797 319 935 369 supernatu-

90 382 138 423 rale
149 382 175 423 in
186 395 282 434 genere:
298 386 390 433 donam
398 386 444 425 Dei
454 389 555 425 natarae‘
563 383 700 424 indebitum
711 389 733 423 et
745 384 934 435 superadditam,

88 516 150 560 255:
182 519 211 559 H.
230 519 346 568 Quoniam
363 520 426 561 dono
442 518 619 570 supernaturali
635 516 728 566 natura,
745 518 784 558 cui
802 517 936 559 indebitum

88 583 217 631 confertur,
233 595 304 634 snpra
317 583 430 636 seipsam
443 585 555 633 elevatur,
570 583 615 624 erit
627 582 697 624 altior
710 583 828 634 quaedam
841 582 935 629 natura,

88 648 127 687 cui
142 647 197 688 talis
211 640 328 698 perfectio
338 650 435 700 propria
451 648 481 690 sit
495 649 519 690 et
533 648 647 689 debeatur
664 647 723 699 (sire
739 647 872 688 formaliter
888 648 936 687 sive

87 712 222 753 eminenter
232 713 393 765 possidenda).
408 715 485 764 Quare
497 725 527 755 ex
539 713 605 765 parte
619 713 716 753 termini
728 713 758 753 ad
771 715 844 763 quem
857 724 937 763 super-

90 777 198 818 naturale
213 778 377 820 diciturillud
392 778 490 827 donum,
508 779 572 830 quod
588 777 700 818 naturam
717 777 824 827 aliquam
840 777 936 818 inferio-

89 853 140 882 rem
156 842 231 882 elevat
244 843 275 882 ad
287 843 480 895 participandam
493 843 665 895 perfectionem
679 843 729 883 enti
742 844 853 894 specifice
869 854 936 894 supe-

89 907 148 946 riori
162 907 305 947 naturalem.
322 934 353 939 -
370 909 419 949 Sub
437 909 481 949 hoc
497 908 605 959 respectu
623 908 779 959 distinguitur
796 908 936 959 supernatu-

89 972 138 1012 rale
158 972 332 1023 simpliciter
353 973 477 1025 (absolute)
499 974 523 1014 et
542 973 697 1014 seeundum
718 973 787 1023 quia
809 973 934 1024 (relative).

88 1036 239 1088 Intellegitur
251 1037 351 1079 elevatio
365 1037 554 1089 supernaturalis
568 1039 724 1078 secuudum
739 1037 809 1089 quid
822 1050 859 1087 ea,
875 1050 937 1089 quae

87 1101 147 1142 iacit
160 1101 302 1153 participare
316 1102 485 1158 perfectionem
500 1101 602 1143 alicuius
617 1102 746 1152 superioris
760 1101 859 1143 naturae
874 1114 936 1142 crea-

89 1165 127 1206 tae
140 1166 178 1206 oei
193 1166 310 1224 meabilis,-
323 1180 345 1208 v.
362 1179 383 1217 g.
399 1167 567 1207 immortalitas
581 1167 617 1208 est
631 1167 820 1218 supernaturalis
834 1167 935 1215 homiui,

88 1230 206 1271 naturalis
222 1242 282 1282 puro
300 1231 403 1282 spiritui.
422 1231 609 1282 supernaturale
627 1224 811 1283 simpliciter,
831 1233 895 1284 quod
912 1233 936 1273 vi

87 1295 153 1339 vooIs
164 1308 235 1338 omne
248 1297 359 1338 additum
372 1297 488 1337 rationem
503 1295 691 1348 supernaturalis
705 1296 844 1338 diminuens
858 1297 935 1348 negat,

87 1361 124 1403 est
143 1373 214 1414 super
232 1362 343 1403 naturam
363 1362 473 1402 omnium
491 1367 662 1410 creaturarum,
683 1361 756 1402 etiarn
776 1361 935 1413 possibilium,

88 1427 140 1468 sive
158 1439 230 1479 super
247 1427 367 1476 naturam,
394 1427 512 1477 quatenus
537 1432 613 1467 totum
637 1426 748 1466 ordinem
773 1433 937 1468 creaturarum

89 1490 226 1542 complectit
243 1503 344 1543 eumque
363 1492 411 1531 Deo
431 1491 536 1542 opponit,
556 1491 600 1542 qui
618 1492 662 1532 boo
680 1502 752 1533 sensu
770 1492 806 1532 est
824 1503 937 1543 superna-

88 1556 173 1597 turalis
194 1568 236 1606 per
257 1556 429 1597 excellentiam.
452 1557 518 1596 Dona
540 1556 614 1607 igitur
634 1555 775 1607 simpliciter
797 1557 937 1607 supernatu-

88 1621 150 1662 ralia
164 1621 336 1662 transcendunt
351 1621 469 1669 naturam,
486 1621 557 1669 vires,
574 1619 705 1671 exigentiae
720 1621 830 1661 omniurn
847 1622 937 1663 creatu-

89 1696 172 1726 rarum
184 1686 209 1727 et
222 1685 278 1726 sunt
291 1685 354 1726 bona
367 1686 416 1726 Deo
430 1684 534 1734 infinito,
550 1686 622 1736 prout
634 1685 701 1725 omni
714 1685 764 1726 enti
779 1685 850 1726 finito
864 1698 936 1737 oppa

89 1750 163 1800 nitur,
178 1748 282 1801 propria.
301 1750 414 1791 Greatura
428 1749 467 1790 his
481 1749 551 1790 donis
564 1748 681 1790 instructa
695 1749 802 1790 elevatur
817 1751 848 1791 ad
864 1750 936 1802 parti-

88 1815 193 1866 cipanda
210 1815 273 1855 bona
291 1814 336 1855 soii
354 1820 453 1854 naturae
471 1814 565 1854 divinae
586 1815 757 1863 connaturalia,
778 1814 835 1856 hinc
855 1816 937 1867 alique

88 1890 161 1920 sensu
179 1879 311 1920 deificatur.
331 1877 453 1919 Eiusmodi
472 1879 536 1919 dona
552 1879 608 1919 sunt
625 1878 683 1919 unio
701 1878 856 1930 hypostatica,
876 1879 938 1921 visio

89 1944 202 1985 beatifica
219 1944 242 1985 et
262 1944 402 1995 (secundum
421 1942 499 1984 theses
515 1946 529 1984 9
547 1944 570 1985 et
588 1944 622 1995 to)
643 1942 715 1984 etiam
735 1945 854 1995 quaedam
874 1945 938 1986 dona

87 2007 179 2058 gratiae
198 2006 257 2047 viae.

91 2136 146 2179 256.
183 2137 344 2188 Distinguitur
372 2145 442 2186 porro
472 2134 653 2185 supernaturale
682 2136 775 2185 quoad
805 2136 938 2177 substan-

88 2202 159 2243 tiam
178 2202 202 2243 et
221 2201 312 2253 quoad
332 2200 456 2241 modum.
478 2200 560 2248 Quoad
582 2199 775 2242 substantiam
796 2200 845 2242 sive
865 2201 937 2242 enti-

89 2267 178 2308 tative
204 2266 385 2318 supernaturale
409 2264 444 2305 est
467 2263 565 2315 aliquod
592 2266 690 2314 donum,
711 2265 779 2307 cuius
803 2265 937 2307 substantia

90 2332 209 2383 {essentia
223 2331 316 2383 entitas)
332 2331 384 2382 ipsa
396 2329 431 2370 est
442 2329 509 2370 extra
521 2329 640 2371 ambitum
655 2330 728 2372 debiti
741 2330 866 2374 naturalis.
880 2344 937 2383 quo«

43 2422 44 2425 =
89 2408 184 2448 cunque
197 2397 269 2437 modo
282 2394 420 2446 acquiratur
432 2395 469 2434 vel
484 2394 635 2445 possideatur
650 2396 681 2447 (v.
696 2408 718 2447 g.
733 2395 795 2437 visio
808 2395 852 2436 Dei
866 2396 938 2437 intui-

89 2460 139 2502 tiva
150 2472 195 2513 pro
208 2461 273 2502 omni
286 2460 407 2501 intellectu
421 2458 497 2504 timim
513 2460 658 2517 immunitas*
667 2473 682 2501 a
695 2461 886 2511 concupiscentia
899 2462 937 2502 vel

89 2538 104 2566 a
116 2526 253 2567 necessitate
267 2524 384 2566 moriendi
398 2535 441 2574 pro
455 2524 571 2575 homine).
589 2524 774 2575 Supernaturale
788 2526 868 2576 quoad
882 2536 938 2566 mo-

89 2591 156 2632 dum
170 2590 264 2632 tantum
278 2589 313 2631 est
326 2589 387 2629 illud
402 2589 500 2637 donum,
517 2590 582 2641 qarod
598 2584 729 2631 secundum
745 2600 813 2630 suam
829 2590 938 2631 substan·

89 2654 148 2696 tiam
163 2654 337 2695 consideratum
351 2652 450 2694 debetur
463 2653 506 2694 tali
519 2654 626 2703 naturae,
642 2654 683 2695 sed
697 2654 819 2694 confertur
833 2655 870 2695 vel
885 2666 938 2706 pos·

90 2720 181 2761 sidetur
197 2720 279 2771 aliquo
294 2719 365 2759 modo
381 2717 523 2759 naturaliter
539 2719 652 2760 indebito.
672 2719 848 2768 Subdividitur‚
866 2719 938 2771 prout

90 2784 134 2825 iste
150 2785 235 2825 modus
249 2782 328 2825 estin
343 2782 410 2822 neri
427 2782 457 2834 (v.
475 2795 497 2834 g.
514 2783 581 2824 actus
596 2784 693 2824 videndi
709 2782 734 2823 in
749 2795 784 2832 eo,
801 2784 844 2835 qui
859 2796 872 2824 a
887 2795 937 2825 cae-

90 2849 161 2890 citate
175 2848 316 2890 miraculose
331 2847 429 2888 sanatus
443 2847 485 2899 est)
503 2849 540 2888 vel
556 2849 585 2888 in
601 2848 676 2889 facto
691 2859 751 2889 esse
769 2850 800 2901 (v.
817 2860 840 2900 g,
857 2848 939 2900 aliqua

89 2915 153 2954 acies
165 2914 238 2962 visus,
254 2924 314 2965 quae
327 2924 371 2963 per
382 2911 445 2952 vires
458 2913 580 2953 naturales
594 2913 676 2963 haberi
691 2913 791 2964 nequit).
806 2938 838 2944 —-
852 2913 938 2964 Super-
