2214 3350
202 210 245 261 'ecc
366 223 421 260 sect.
436 223 460 259 v.
475 222 520 259 Ari.
537 224 563 266 n.
579 218 707 269 Explicatio
715 221 802 267 gratiae
816 220 909 258 efficacis
945 237 962 269 ρ

204 326 320 384 decrevit,
329 328 382 372 'iam
394 322 556 373 infallibiliter
567 332 617 373 scit.
632 331 734 373 Scientia
746 330 834 380 autem,
848 342 896 382 qua
906 330 1055 371 Deus‘istum

208 391 290 436 actum·
305 394 417 448 liberum,
437 396 508 446 prout
530 388 565 436 est
587 395 749 441 condicionum
766 395 874 445 futurum
895 392 1056 434 infallibiliter

209 458 282 507 novit,
298 458 396 499 vocatur
411 458 512 514 scientia
526 450 611 505 media,
626 457 683 507 quia
698 457 805 498 medium
821 456 980 498 locum'tenet
994 456 1056 497 inter

208 521 251 561 Dei
272 521 395 562 scientiam
414 516 605 562 necessariam
627 520 778 573 (naturalem)
800 521 823 561 et
841 519 973 569 liberam3
995 519 1056 560 sicut

209 577 301 625 Mutina
318 585 395 626 dicere
413 585 509 633 solebat,
526 597 541 624 v
554 583 570 632 1,
589 584 616 625 ut
633 583 703 624 hodie
721 582 863 635 plerumque
880 581 974 632 dicitur,
993 583 1056 624 inter

209 647 333 688 scientiam
360 647 504 698 simplicis
529 644 748 702 intellegentiae
771 647 795 688 et
820 646 950 687 scientiam
968 644 1055 687 visio-

209 711 265 750 nis.
280 736 311 742 -
324 711 358 751 De
372 710 470 751 scientia
481 709 524 751 Dei
538 721 559 749 v.
576 710 594 749 P
610 710 632 750 ΙΙ
646 719 669 749 n.
686 710 727 749 177
734 720 764 750 ss.

210 836 265 877 630.
303 835 406 876 scientie.
432 834 575 885 simplicis
601 833 820 885 intellegentiae
846 836 910 876 Deus
936 834 1056 885 cognoscit

209 898 332 949 possibilia
346 898 476 949 praecisive
491 898 595 948 sumpta3
609 898 667 938 haec
683 897 782 938 scientia
796 898 831 939 est
841 899 981 947 necessario,
999 898 1055 949 quia

210 962 239 1002 ad
263 960 376 1011 essentIas
397 972 479 1001 rerum
501 960 664 1002 immutabiles
687 960 910 1014 spectat.¹Scientia
931 960 1055 1001 visionis

174 1056 179 1063 a
209 1025 272 1064 Deus
283 1023 402 1075 cognoscit
413 1024 495 1064 omnia
506 1024 649 1072 earistentio,
662 1023 796 1075 praeterita,
809 1023 950 1075 praesentia,
964 1023 1054 1073 iutura3

173 1091 175 1093 ’
209 1087 266 1128 haec
279 1082 466 1134 est'neccsecriu
480 1086 598 1137 quatenus
610 1087 662 1127 eius
674 1087 793 1142 obiectum
807 1087 842 1128 est
856 1087 906 1137 ipse
919 1088 982 1127 Deus
997 1086 1054 1127 enti-

209 1149 280 1190 tative
298 1149 415 1200 sumptae,
436 1149 519 1198 libero,
541 1149 658 1199 quatenus
677 1151 706 1190 ad
727 1150 842 1191 terminos
860 1150 993 1191 liberorum
1011 1149 1054 1191 Dei

204 1212 365 1269 decretorum,
383 1214 398 1252 i.
416 1224 436 1253 e.
453 1213 484 1253 ad
500 1219 627 1261 erecturos,
645 1212 754 1253 refertur.
773 1213 798 1253 Si
814 1223 869 1254 vero
885 1213 965 1264 agitur
980 1213 1008 1254 de
1025 1212 1055 1252 iis

209 1276 296 1325 succuris
311 1275 510 1326 contingentibus,
527 1287 587 1326 quae
603 1276 628 1315 in
644 1275 693 1331 suis
708 1275 786 1317 causis
801 1287 850 1316 non
865 1275 1055 1322 determinantur

160 1353 161 1356 ¹
205 1339 240 1385 *ad
256 1350 340 1386 unum,
359 1338 507 1379 admittenda
521 1338 556 1379 eet
571 1338 652 1389 aliqua
669 1339 756 1380 tertia
772 1338 869 1380 scientie
885 1339 975 1379 divina.
994 1338 1055 1387 Quia

209 1401 234 1441 in
253 1401 300 1442 toto
318 1400 411 1442 ambitu
436 1412 562 1441 causarum
587 1400 733 1443 naturalium
759 1401 840 1442 stricta
856 1396 1068 1458 et⁵determinata

209 1464 336 1504 necessitas
347 1464 437 1514 regnet,
451 1463 614 1504 indifferentia
627 1464 693 1504 actus
704 1465 778 1515 primi
789 1464 892 1514 proximi
906 1465 937 1505 ad
948 1464 1055 1505 diversos

209 1526 275 1567 actus
292 1527 408 1567 secundos
425 1537 472 1572 non
491 1526 612 1567 invenitur
628 1526 674 1567 nisi
693 1526 718 1567 in
736 1537 808 1568 causa
824 1527 907 1568 libero.
933 1526 1054 1575 Quatenus

208 1589 261 1640 post
272 1589 408 1630 absolutum
420 1589 541 1643 decretum
552 1589 595 1630 Dei
607 1589 673 1630 actus
683 1590 762 1639 liberi,
775 1590 891 1631 adunam
903 1590 1054 1632 determinati

208 1664 251 1703 per
262 1651 365 1692 liberum
378 1652 499 1693 creaturae
512 1651 647 1701 arbitrium,
662 1652 792 1708 aliquando
805 1660 886 1703 reapse·
900 1654 977 1704 futuri
990 1653 1052 1700 sunt,

209 1715 328 1767 pertinent
340 1716 370 1756 ad
383 1715 475 1756 obiecta
489 1714 600 1755 scientiae
613 1715 747 1755 visionis.
764 1716 791 1755 ln
805 1727 832 1756 eo
844 1716 923 1757 autem
938 1716 1013 1766 signo,
1029 1715 1054 1755 in

208 1790 255 1829 quo
271 1777 335 1819 solus
350 1778 416 1818 actus
430 1777 524 1829 primus
538 1778 662 1829 proximus
677 1779 707 1819 ad
723 1777 794 1829 plura
808 1778 951 1820 indifferens
966 1779 1054 1828 specta-

208 1841 254 1890 tur,
269 1852 345 1892 neque
358 1840 457 1882 scientia
469 1840 586 1891 simplicis
598 1841 772 1891 intellegentiae
785 1852 862 1891 neque
874 1841 972 1883 scientia
984 1841 1054 1883 visio

208 1903 246 1943 nis
256 1903 366 1953 ostendit,
375 1903 430 1955 quie
437 1903 608 1945 determinatus
619 1904 685 1945 actus
696 1904 758 1945 liber
768 1904 840 1946 talem
851 1904 931 1945 actum
937 1904 1053 1954 primum,

208 1969 227 2008 si
239 1967 416 2019 produceretur,
430 1979 512 2008 revera
524 1967 647 2008 secuturus
658 1967 725 2008 esset.
739 1968 829 2008 Tamen
841 1968 978 2008 condicione
989 1967 1055 2008 actus

207 2031 280 2082 primi
292 2031 417 2071 verificata
428 2042 475 2071 non
487 2030 625 2081 sequeretur
636 2031 682 2070 nisi
693 2042 759 2071 unus
770 2031 793 2072 et
804 2029 977 2070 detenninatue
988 2030 1055 2071 actus

208 2094 334 2142 secundus,
349 2093 444 2134 omissis
455 2093 529 2135 libere
543 2092 597 2133 aliis
611 2092 704 2133 actibus
717 2104 791 2143 aeque
805 2092 966 2143 possibilibus.
982 2092 1055 2134 Actus

208 2156 269 2197 liber
287 2157 313 2196 in
332 2157 376 2196 hoc
396 2156 463 2206 signo
482 2156 582 2196 rationis
601 2156 719 2206 spectatus
737 2155 836 2196 vocatur
854 2154 1053 2196 condicionate

209 2220 326 2259 iuturus
346 2219 396 2259 eive
416 2217 593 2259 futuribilis.
621 2217 788 2259 Futuribilitas
813 2217 935 2260 interiacet
960 2219 1054 2260 media

209 2281 271 2322 inter
289 2292 380 2321 meram
399 2280 626 2331 possibilitatem
642 2281 666 2322 et
683 2280 817 2321 absolutam
837 2280 1052 2322 futuritionem.

209 2346 286 2393 Quare
301 2343 448 2392 caecicatis,
464 2355 512 2394 qua
526 2344 596 2391 Deua,
614 2343 745 2385 secundum
761 2343 870 2384 nostrum
885 2345 985 2385 modum
1001 2356 1054 2385 con-

208 2409 313 2459 cipiendi
330 2408 422 2449 ratione
440 2412 494 2458 post
511 2406 630 2457 cognitam
648 2406 830 2457 possibilitatem
849 2407 872 2448 et
890 2407 981 2448 ratione
1000 2414 1054 2448 unte

208 2472 342 2523 praevisam
367 2462 533 2516 futuritionem
558 2469 661 2510 alicuius
676 2469 743 2510 actus
761 2469 839 2519 liberi,
860 2469 1054 2520 iuturibilitatem

207 2534 315 2576 eiusdem
328 2534 396 2574 actus
410 2532 529 2584 perspicit,
547 2532 601 2583 apte
615 2532 714 2573 vocatur
729 2531 852 2573 scientia
865 2533 982 2573 media1.

277 2619 310 2660 De
322 2619 415 2659 actibus
426 2618 500 2669 igitur
510 2616 614 2657 liberis
625 2616 795 2666 creaturarum,
809 2618 850 2669 qui
862 2617 952 2658 auxilia
963 2618 1054 2668 gratiae

204 2682 347 2733 *sequuntun
361 2682 426 2722 Deus
438 2681 482 2721 has
494 2681 601 2721 diversas
611 2680 683 2721 habet
695 2679 817 2721 scientias:
834 2680 856 2732 a)
873 2679 977 2721 Scientia
989 2681 1055 2722 sinr-

207 2744 295 2796 plicis
322 2743 541 2794 intellegentiae
564 2743 690 2794 *cognoscit
718 2743 902 2794 possibilitatem
931 2744 1054 2784 variorum

270 2876 278 2897 1
292 2875 402 2910 Consueta
414 2875 494 2910 divisio
506 2873 595 2910 divinae
607 2874 712 2910 scientiae
724 2883 771 2909 non
781 2872 855 2919 placet
865 2873 929 2910 Patri
942 2876 971 2911 M.
986 2874 1015 2910 de
1028 2875 1055 2909 la

208 2921 296 2964 Taille
319 2920 341 2956 S.
360 2921 387 2963 J.y
410 2920 455 2956 Sur
478 2921 575 2955 diverses
600 2920 768 2964 ctussiricutions
787 2920 812 2955 de
832 2921 853 2955 tu
871 2920 956 2955 scieura
981 2920 1055 2956 divine

209 2965 347 3012 (RechScRel
363 2965 416 3008 1923,
432 2966 507 3011 7-23);
521 2975 541 3002 v,
557 2974 689 3011 responsum
702 2968 726 3002 P.
743 2966 846 3010 Fernand
862 2966 892 3002 de
903 2965 1056 3013 Lanversin

208 3014 229 3050 S.
245 3014 262 3049 J.
280 3012 340 3057 (ibid.
355 3021 376 3057 p.
392 3011 501 3058 eac-535).
555 3021 556 3024 ’
