2214 3350
249 159 250 162 ¹
297 144 374 181 Thesis
390 144 406 182 7.
426 145 529 182 Meritum
547 146 568 182 et
583 144 711 190 impetratio
893 141 930 179 129

1 247 12 309 3}
79 252 204 293 moraliter
219 263 302 294 omnes
317 254 411 304 peccato
428 253 539 305 originali
555 251 702 294 addiderunt
717 251 823 302 plurima
839 252 862 293 et
877 251 929 303 pes-

80 316 143 356 sima
157 316 252 366 peccata
264 317 400 367 personalia
416 318 486 369 [Rom
500 317 576 368 1-3).
592 316 674 366 Neque
689 315 727 355 lar
741 316 845 356 mosaica
860 314 928 366 quid-

5 372 10 378 ”
79 390 155 430 quam
171 379 240 427 iuvit,
258 379 299 420 sed
315 380 394 431 potius
411 381 478 421 auxit
494 379 619 431 peccatum
645 379 715 431 (Rom
731 379 764 430 7).
790 379 829 419 Sic
846 389 929 419 omnes

81 441 159 483 iacent
171 443 279 483 «mortui
290 443 382 484 delictis
392 444 416 485 et
427 444 529 495 peccatis
537 462 547 481 »
563 444 624 495 (Eph
636 446 658 491 2,
672 445 684 483 1
696 442 727 493 5),
740 442 928 493 necquidquam

79 505 159 546 iacere
174 505 280 556 possunt,
298 506 325 547 111
339 505 440 548 salutem
455 508 493 548 vel
508 506 592 548 saltem
608 506 661 547 eius
675 504 772 546 initium
789 504 834 546 sibi
850 505 928 556 acqui-

81 567 137 609 rant
152 567 185 618 (n.
201 569 286 608 41-43
300 568 345 620 63).
828 577 829 580 ’
898 581 919 587 ··

150 656 171 695 3.
185 655 256 696 Salus
267 656 363 697 initium
375 656 478 708 sumpsit
488 667 518 697 ex
530 654 660 707 gratuito
671 652 795 695 consilio
806 653 855 694 Dei
868 653 929 695 redi-

80 716 163 758 mendi
180 718 299 759 mundum
316 731 359 770 per
375 718 509 760 Christum:
531 719 591 759 Rom
608 720 629 766 3,
647 720 717 759 23ss:
740 734 751 753 t<
759 717 848 758 Omnes
863 711 929 757 enim

82 781 240 831 peccaverunt
253 780 361 832 etegent
375 781 452 833 gloria
466 781 517 822 Dei.
536 781 662 822 Iust'ticati
679 780 754 831 gratis
769 791 812 832 per
827 779 929 831 gratiam

80 844 164 894 ipsius,
179 855 223 894 per
235 844 430 895 redempt-ionem,
444 856 504 896 quae
517 844 554 886 est
567 844 592 884 in
606 843 686 884 Christ
700 843 774 892 lesu,
788 842 862 894 'quem
876 854 929 894 prou

79 906 161 957 posuit
174 907 238 947 Deus
251 906 444 958 propitiationem
457 918 500 958 per
514 907 590 947 iidem
604 906 760 956 insanguine
774 905 867 956 ipsius»
884 906 907 947 et
922 937 927 945 .

79 994 114 1001 -
128 972 148 1017 5,
166 972 191 1010 8:
214 970 388 1011 «Commendat
404 970 484 1011 autem
501 970 623 1011 caritatem
641 981 709 1010 suam
726 970 792 1011 Deus
807 969 833 1009 in
850 970 927 1018 nabis,

78 1032 204 1083 quoniam,
216 1043 270 1072 cum
281 1033 359 1073 adbuc
370 1032 504 1084 peccatores
513 1044 625 1081 essemus,
636 1063 641 1072 ,
652 1064 657 1072 .
668 1064 673 1073 .
687 1032 796 1073 Christus
805 1043 849 1084 pro
859 1032 929 1073 nobis

81 1095 191 1135 mortuus
201 1095 242 1135 est.
251 1112 262 1131 2>
273 1120 305 1126 -
314 1096 398 1146 Ephl,
411 1099 436 1136 6:
453 1113 463 1132 «
473 1128 477 1135 .
488 1127 492 1135 .
503 1094 650 1136 intendem
661 1095 750 1145 gloriae
761 1093 851 1146 gratiae
863 1105 927 1144 suae,

69 1158 108 1198 ,in
123 1169 170 1209 qua
185 1158 330 1209 gratificavit
344 1170 387 1199 nos
402 1159 428 1198 in
444 1157 528 1199 dilecto
544 1157 603 1198 Filio
619 1169 662 1198 suo
671 1175 690 1197 ».
854 1159 855 1162 ’

147 1247 171 1287 ,4.
193 1245 260 1286 Sicut
277 1245 394 1286 obiectiva
413 1245 546 1295 redemptio
564 1245 599 1285 est
616 1256 679 1295 opus
697 1244 770 1295 plane
788 1244 927 1295 gratuitum,

79 1308 146 1360 quod
165 1319 240 1359 genus
258 1308 393 1349 humanum
413 1319 565 1358 nequaquam
585 1307 680 1356 meruit,
701 1308 743 1347 sed
761 1319 809 1358 quo
828 1307 929 1358 peccatis

82 1371 133 1411 suis
155 1381 180 1411 se
201 1370 302 1421 positive
324 1369 461 1411 reddiderat
482 1369 687 1423 indignissimum,
711 1370 746 1411 sio
768 1369 930 1411 subiectiva

79 1445 176 1485 quoque
190 1434 262 1474 huius
277 1433 360 1474 salutis
373 1433 404 1474 ad
419 1432 526 1483 singulos
539 1431 698 1484 applicatio
711 1433 747 1473 est
759 1444 821 1483 opus
834 1425 929 1473 divinae

81 1496 270 1538 misericordiae:
289 1497 350 1537 Rom
364 1500 386 1545 3,
402 1498 499 1551 24—28:
522 1495 666 1537 «Iust'iicati
681 1496 756 1546 gratis
769 1505 814 1547 per
827 1496 929 1547 gratiam

83 1560 203 1611 ipsius...
222 1559 268 1600 Ubi
283 1559 322 1600 'est
339 1570 394 1610 ergo
412 1557 523 1610 gloriatio
540 1559 591 1599 tuat
609 1559 712 1600 Exclusa
731 1558 772 1600 est.
793 1559 839 1600 Per
856 1557 929 1610 quam

92 1626 169 1673 egem?
183 1623 321 1662 Factorum?
335 1623 395 1671 Non,
410 1623 450 1663 'sed
465 1623 599 1673 perlegam
613 1623 681 1673 fidei.
697 1622 850 1663 Arbitramur
864 1613 929 1663 enim

80 1685 209 1726 iust'ticari
227 1677 350 1725 hominem
367 1696 410 1736 per
428 1684 503 1725 iidem
522 1684 574 1725 sine
590 1683 703 1735 operibus
721 1683 808 1735 legis.»
828 1686 848 1734 4,
869 1676 925 1725 iss:

83 1749 172 1789 Eodem
187 1748 259 1789 modo
273 1748 396 1788 Abrohom
411 1759 459 1787 non
475 1758 504 1787 ex
519 1748 639 1799 operibus,
656 1748 697 1788 sed
712 1759 756 1798 per
772 1746 846 1788 tidem
863 1739 929 1788 iusti-

82 1810 169 1852 ficatus
180 1810 215 1851 est
226 1811 349 1862 tamquam
361 1811 428 1862 pater
439 1811 462 1851 et
472 1809 595 1861 exemplar
606 1810 715 1851 omnium
729 1809 884 1851 credentium.
898 1834 930 1840 κ-

81 1874 146 1928 Deus
162 1874 235 1925 igitur
256 1873 327 1925 clepit
348 1884 402 1914 com
423 1870 616 1914 communicandi
633 1873 735 1924 gratiam
751 1873 929 1915 iustificationis

83 1937 154 1985 vtum,
175 1948 223 1988 qua
240 1936 338 1976 ornatae
358 1933 497 1977 erctudutur
516 1937 630 1976 meritum
648 1937 677 1977 dc
696 1937 822 1988 condigno,
842 1937 929 1979 11151111-

82 1999 153 2040 candi
171 1999 221 2040 scil.
239 1998 348 2040 homines
364 2010 412 2040 non
429 1998 592 2050 exoperibus,
612 2000 653 2055 sed
669 2011 712 2050 per
729 1998 813 2041 iidem.

6 2127 12 2142 ,
151 2091 172 2129 5.
192 2089 238 2129 Sed
254 2088 327 2129 etiam
344 2088 408 2139 ipsa
424 2086 499 2127 tides
516 2084 652 2126 iust'iicans
669 2086 704 2126 est
722 2085 813 2126 donum
831 2087 927 2137 gratiae.

9 2146 12 2159 ⁷
81 2151 166 2192 Fidem
180 2151 274 2192 interna
285 2150 362 2201 gratia
373 2148 432 2191 effici
446 2149 470 2189 S.
484 2148 575 2189 Paulus
587 2148 687 2189 fortasse
700 2159 748 2189 non
763 2149 849 2190 directe
864 2148 928 2197 dicit,

9 2251 11 2254 ,
84 2214 124 2254 sed
139 2225 169 2254 ex
184 2214 235 2255 eius
250 2212 357 2254 doctrina
373 2212 459 2252 deduci
473 2217 550 2262 potest
568 2211 598 2263 (11,
616 2222 640 2252 n.
657 2212 783 2263 63).=Quid
800 2212 885 2253 sentiat
901 2212 929 2253 de

8 2269 12 2301 ἕ
81 2276 209 2326 gratuitate
223 2276 288 2325 fidei,
304 2276 352 2316 iam
366 2274 471 2315 cernitur
484 2286 514 2314 ex
528 2272 564 2322 iis,
579 2285 640 2325 quae
656 2275 684 2315 de
699 2275 795 2315 caterno
809 2275 930 2315 vocatione

0 2368 12 2404 4
80 2340 113 2379 ad
128 2340 204 2381 iidem
218 2340 291 2381 docet.
306 2341 370 2380 Deus
384 2338 481 2390 quidem
495 2339 549 2380 vult
561 2349 646 2380 omnes
659 2338 770 2380 homines
784 2340 861 2380 salvos
876 2339 929 2380 lieri

80 2403 106 2443 et
119 2405 149 2445 ad
164 2405 309 2456 agnitionem
322 2402 428 2445 veritatis
441 2402 523 2444 venire
540 2405 560 2455 (1
574 2403 629 2444 Tim
643 2407 665 2453 2,
679 2404 711 2454 4).
727 2404 804 2454 Quare
819 2404 931 2455 apparuit

12 2480 15 2491 f
82 2469 157 2518 gratia
171 2469 215 2510 Dei
227 2469 339 2510 omnibus
360 2467 870 2523 10111111551111111111(σωτήριοςς1112,
886 2470 929 2520 11),
951 2478 953 2481 ’

81 2531 106 2571 et
124 2533 149 2573 in
167 2545 263 2575 omnem
281 2533 369 2574 terram
387 2532 460 2573 exivit
479 2543 552 2573 sonus
569 2533 761 2584 praedicantium
779 2533 930 2585 evangelium

86 2596 155 2647 (Rom
169 2601 202 2647 10,
216 2599 259 2650 18).
274 2598 320 2639 Sed
333 2597 449 2646 homines,
462 2596 552 2649 quihus
564 2598 630 2639 salus
642 2598 750 2647 offertur,
765 2610 818 2639 eam
830 2600 930 2648 minime

84 2668 223 2703 meruerunt
244 2662 336 2714 (saltem
355 2673 404 2702 non
422 2662 524 2713 omnes).
544 2663 609 2703 Deus
627 2663 691 2704 enim
711 2664 826 2714 expandit
844 2675 932 2705 manus

81 2724 155 2766 etiarn
169 2727 200 2767 ad
214 2726 331 2778 populum
345 2736 393 2766 non
408 2726 544 2767 credentem
558 2728 581 2768 et
595 2722 797 2769 contradicentem
811 2729 835 2770 et
849 2729 930 2769 inven-

80 2788 121 2829 tus
132 2791 167 2831 est
179 2802 193 2831 a
204 2802 251 2832 non
264 2790 434 2841 quaerentibus
448 2791 518 2841 (Rom
530 2793 564 2839 10,
578 2793 641 2842 11151.
656 2793 719 2843 Ergo
729 2793 771 2844 qui
784 2804 848 2833 mere
862 2793 930 2844 saffi-

100 2852 104 2859 '
146 2865 172 2894 er
186 2856 302 2896 vocantur
317 2856 346 2896 ad
363 2854 446 2903 tidem,
464 2854 559 2905 indigni
575 2856 632 2897 sunt
646 2857 777 2898 vocatione.
794 2884 825 2889 -—
842 2858 931 2899 Electio

80 2917 163 2959 autem
180 2930 271 2969 eorum,
293 2920 334 2970 qui
353 2920 484 2971 efficaciter
502 2920 625 2970 vocantur,
646 2932 693 2962 non
714 2922 743 2964 iit
762 2934 791 2963 ex
809 2923 929 2974 operibus,

124 3014 185 3043 Linea,
197 3017 220 3042 De
232 3016 294 3042 Gratia.
885 3020 894 3047 9
