2214 3350
329 157 406 192 Thesis
421 154 449 191 17.
466 154 562 190 Amissio
577 154 676 189 iustitiae
852 176 855 178 Δ
892 151 928 188 359

81 264 134 303 lesu
152 262 269 303 miracula
288 263 449 314 patraverunt,
470 263 495 303 id
515 264 579 312 quod
599 262 674 301 tidem
693 261 813 311 supponit,
831 262 876 302 'sed
896 271 927 300 ne

15 366 17 369 ,
80 325 137 365 1111
154 325 252 376 quidem
269 327 381 367 habuisse
399 325 512 367 videntur
536 324 658 365 caritatem
685 325 707 375 (e
715 323 776 372 Quia
801 334 926 374 nunquam

13 402 16 436 5
80 388 136 428 novi
149 388 229 439 vos»)
243 414 275 419 —
288 391 300 429 1
315 390 360 430 Cor
375 391 407 438 13,
423 392 437 430 2
451 387 549 439 ponitur
563 397 638 434 casus,
655 387 719 438 quod
734 386 789 436 quis
803 393 926 427 summum

79 451 166 492 babeat
178 451 280 502 gradum
295 452 352 493 iidei
369 452 453 504 (iidem
467 450 639 492 miraculorum
654 449 678 490 et
691 449 861 500 consequenter
874 449 926 489 eius

79 513 237 564 suppositum,
259 514 333 555 fidem
352 514 520 565 dogmaticam)
543 523 619 563 noque
639 512 726 553 habeat
744 511 874 553 1111111111.
895 537 926 542 -

79 572 117 616 Iac
130 579 151 624 2,
166 578 204 617 14:
222 576 292 617 Fides
305 578 354 618 sine
368 577 480 628 operibus
493 587 541 617 non
555 575 632 627 potest
645 574 744 615 salvare
761 601 788 605 m
804 576 926 615 Parabo-

78 640 122 679 lae
138 638 292 688 zizaniorum,
309 651 415 690 sagenae,
435 639 507 679 vestis
523 638 645 689 nuptialis,
664 637 787 688 virginum
803 637 926 678 fatuarum

66 702 126 753 ¹(Mt
140 705 173 750 13,
190 706 217 743 24
225 714 248 743 ss
262 705 326 751 1711
342 707 376 752 22,
393 706 428 751 11;
443 705 477 751 25,
494 703 545 754 iss)
562 701 691 742 ostendunt
706 711 807 751 regnum
822 701 865 742 Dei
881 701 926 741 ter·
978 754 980 757 .

78 765 158 814 restra,
172 767 188 806 i.
200 776 220 805 e.
232 766 362 807 Ecclesiam
374 766 423 807 sive
434 765 527 806 coetum
538 766 657 816 fidetium,
671 764 783 805 constitui
795 765 844 805 tam
856 763 926 804 iustis
957 818 960 821 γ

77 839 150 879 quarn
167 828 336 878 peccatoribus.
360 854 391 859 -
412 827 498 869 Patres
515 828 575 869 bene
593 828 683 868 norunt
705 827 781 868 iidem
804 826 925 867 mortuam

77 891 166 941 absque
179 891 291 942 operibus
302 891 413 939 caritatis
427 904 449 932 r.
463 904 485 943 g.
499 890 655 943 Augustinus,
668 892 703 931 De
715 891 765 942 side
778 896 800 930 et
812 890 925 941 operibus

3 981 11 1004 1
80 954 119 1005 (ci.
133 965 156 994 n.
171 956 219 1002 339,
232 955 265 1006 2);
278 956 313 995 De
327 955 391 996 Trio,
407 957 441 1002 15,
455 957 481 995 18
497 954 616 1006 (R1679):
635 970 645 990 <c
654 953 710 994 Sine
724 953 820 994 caritate
835 953 924 1004 quippe

77 1017 139 1057 tides
151 1016 227 1067 potest
241 1017 339 1068 quidem
353 1027 410 1064 esse,
427 1017 468 1056 sed
482 1028 530 1056 non
545 1017 568 1057 11
581 1016 720 1067 prodesse.»
735 1040 768 1045 »-
782 1015 924 1057 scholastici

2 1074 11 1096 ⁵
76 1080 134 1120 haec
151 1079 272 1130 explicant
289 1081 317 1120 de
336 1080 419 1120 habitu
437 1080 496 1119 fidei
514 1079 632 1120 informis.
659 1079 701 1120 Sat
724 1078 795 1120 multi
820 1078 924 1130 theologi

1 1137 12 1203 ἐξ
54 1192 56 1197 .
78 1143 109 1193 (v.
122 1154 144 1193 g.
156 1143 241 1191 Moza,
254 1143 314 1183 Vnt.
327 1154 351 1182 1.
364 1143 412 1193 195)
427 1142 524 1193 propter
535 1142 703 1182 Tridentinum
714 1143 777 1182 hanc
789 1142 923 1183 doctrinam

0 1201 11 1245 t
77 1204 160 1246 dicunt
169 1216 218 1246 esse
230 1205 259 1244 rte
270 1205 329 1255 fide·
340 1205 382 1246 alii
393 1206 422 1246 (11
434 1205 574 1245 definitione
586 1205 703 1254 dubitant,
717 1206 759 1246 sed
770 1216 823 1246 eam
834 1206 924 1246 habent

0 1261 12 1315 ,ξ
74 1267 173 1308 omnino
188 1274 284 1308 certam.
298 1291 330 1296 —-
343 1267 414 1314 Ratio
428 1279 477 1307 101
490 1267 585 1309 videtur
600 1280 627 1308 ea
641 1269 735 1308 interno
750 1273 836 1308 notura
850 1268 924 1308 buius

74 1330 132 1371 (1011
144 1331 306 1371 demonstrare
317 1341 385 1381 posse
396 1342 445 1370 non
457 1330 564 1382 quolibet
574 1330 668 1381 peccato
681 1330 777 1371 mortali
789 1330 850 1371 iilud
862 1330 922 1378 tolli,

7 1407 10 1444 {
76 1394 117 1434 sed
134 1394 221 1435 rectius
237 1393 263 1434 id
280 1404 309 1433 ee
324 1393 427 1444 positivo
444 1394 494 1444 tepe
511 1394 553 1433 Dei
570 1392 686 1434 derivatl.
711 1392 820 1435 Ostendit
842 1393 922 1434 autem

74 1456 306 1497 convenientiam
322 1456 394 1496 huius
412 1455 580 1496 institutionis:
602 1456 720 1504 Peccator,
740 1457 856 1507 quamdiu
874 1457 922 1498 Deo

57 1539 59 1542 ·
75 1520 150 1560 iidem
165 1530 213 1560 non
227 1519 335 1570 denegat,
350 1531 398 1559 111
412 1520 508 1570 penitus
523 1520 553 1559 ab
569 1530 595 1559 eo
610 1531 634 1559 se
648 1526 750 1569 separet.
767 1520 844 1569 Quare
859 1521 923 1560 Deus

74 1594 168 1634 quoque
181 1582 348 1623 convenienter
360 1593 407 1622 non
420 1581 524 1623 totaliter
531 1577 568 1636 'ab
579 1582 630 1633 ipso
644 1593 668 1623 se
681 1582 788 1630 retrahit,
803 1584 843 1623 sed
857 1583 922 1624 beni-

74 1657 119 1696 gne
135 1645 249 1696 relinquit
263 1645 324 1685 illud
339 1645 430 1685 donum
446 1644 633 1694 supernaturale,
649 1646 716 1695 vquod
731 1646 767 1686 est
783 1646 921 1686 «humanae

0 1710 10 1766 5
74 1708 158 1748 salutis
174 1708 277 1756 initium,
295 1707 479 1748 fundamentum
495 1708 519 1749 et
532 1708 602 1748 radix
623 1708 702 1748 omnis
724 1707 920 1749 iustificationis»

76 1771 287 1822 (Tridentinum
302 1782 319 1810 s.
335 1774 347 1810 6
361 1781 411 1820 cap.
426 1773 438 1811 8
453 1771 495 1829 [Dr
510 1771 579 1829 8011).
595 1771 633 1812 Sic
648 1770 756 1821 peccator
770 1771 851 1812 manet
863 1784 922 1822 quu-

74 1834 199 1873 domtenns
228 1834 356 1884 dispositus
383 1834 415 1874 ad
442 1833 636 1874 iustificationem
665 1835 861 1884 recuperandam.
890 1858 922 1864 η

72 1897 155 1948 Neque
168 1897 300 1948 quidquam
313 1896 389 1937 obstat
401 1896 518 1946 benignae
531 1897 587 1937 huic
601 1896 781 1946 conservationi,
797 1898 920 1947 quoniam,

73 1970 141 2000 secus
157 1972 183 2000 ac
199 1960 278 2010 quoad
294 1959 423 2007 caritatem,
442 1970 496 1999 non
513 1970 583 2000 omne
599 1960 723 2010 peccatum
740 1960 840 2001 mortale
856 1971 921 2001 con·
968 1963 970 1966 '

73 2022 214 2063 trariatur
230 2023 357 2074 11111111.
374 2022 506 2071 Thomas,
523 2023 547 2065 S.
565 2023 598 2062 tt.
614 2026 634 2070 2,
651 2026 665 2064 2
680 2035 702 2075 q.
719 2026 783 2064 241.
800 2026 826 2065 12
841 2025 872 2064 ad
887 2025 919 2075 5).

73 2136 128 2177 4811.
165 2137 189 2188 b)
205 2136 274 2177 Fides
289 2136 378 2177 tollitur
391 2137 492 2189 peccato
507 2136 596 2179 directe
611 2137 730 2190 opposito,
747 2139 763 2179 1.
779 2151 798 2179 1.
815 2139 921 2180 inlide-

73 2199 166 2240 litate.
184 2199 353 2247 Tridentium,
372 2198 428 2240 licet
443 2199 593 2250 probabilius
608 2211 657 2241 non
674 2199 803 2242 intenderit
820 2202 863 2242 hoc
881 2202 920 2242 do-

0 2261 6 2272 “
72 2273 132 2311 cere,
147 2262 227 2302 tamen
242 2262 267 2302 id
281 2262 393 2312 supponit
407 2261 529 2313 obiterque
544 2262 635 2304 dicits.
652 2265 666 2304 6
681 2274 734 2316 cap.
752 2264 779 2305 15
796 2265 838 2316 (Dz
852 2264 916 2315 808):

79 2342 98 2364 c.
109 2357 113 2364 .
124 2357 128 2365 .
138 2324 287 2373 infidelitate,
303 2335 346 2374 per
360 2336 432 2375 quam
447 2325 470 2366 et
484 2326 535 2376 ipsa
550 2326 612 2367 fides
626 2325 745 2367 amittitur
752 2343 771 2366 n.
787 2337 819 2356 ⁴—
833 2328 920 2369 Secun-

134 2442 142 2463 1
165 2442 221 2477 Sunt
244 2441 368 2476 diversae
390 2440 545 2477 sententiae
569 2441 599 2477 de
621 2442 787 2478 connexione
811 2442 920 2478 virtutum

73 2487 201 2522 infusarum
217 2495 268 2521 oum
284 2486 359 2530 gratia
374 2487 396 2520 et
412 2486 517 2523 caritate:
537 2488 559 2532 a)
578 2487 617 2522 Est
633 2496 702 2523 nexus
720 2488 775 2524 adeo
794 2489 919 2524 essentialis

71 2533 172 2568 omniurn
186 2532 301 2573 virtutum,
318 2531 406 2577 praeter
421 2531 487 2567 fidem
503 2534 524 2568 et
540 2541 608 2578 spem,
623 2542 674 2568 cum
690 2533 764 2578 gratia
780 2536 801 2569 et
817 2535 918 2577 caritate,

72 2578 97 2612 ut
114 2588 142 2613 ne
160 2588 199 2624 per
215 2578 339 2623 potentiam
356 2577 446 2621 quidem
463 2578 503 2613 Dei
521 2579 648 2614 absolutam
665 2581 766 2624 separari
784 2580 876 2624 possint.
897 2601 921 2607 -

0 2624 7 2669 {3
71 2623 93 2667 b)
105 2625 147 2660 Hic
158 2634 227 2660 nexus
239 2625 272 2661 est
283 2624 442 2666 connaturalis,
455 2624 537 2660 iterum
548 2626 644 2670 exceptis
653 2625 697 2661 fide
709 2626 730 2661 et
741 2635 786 2670 spe.
799 2646 822 2651 -
833 2628 851 2673 c)
866 2627 920 2663 Gon-

72 2670 183 2705 uotnrclts
199 2680 269 2706 nexus
286 2670 353 2705 etiam
367 2669 434 2714 tidem
450 2673 470 2704 et
487 2680 549 2715 spem
565 2680 615 2706 cum
631 2670 722 2715 reliquis
739 2672 862 2716 coniungis
880 2674 919 2708 sed

72 2714 129 2750 Deus
144 2725 169 2751 ee
182 2716 229 2760 lece
243 2717 365 2752 eutrtmeco
377 2715 445 2759 fidem
458 2718 479 2751 et
492 2725 554 2761 spem
566 2718 654 2761 praeter
668 2717 789 2760 eripenttas
803 2720 919 2755 naturales

0 2783 6 2800 i
73 2764 193 2799 conseruet.
213 2783 236 2788 -
254 2764 275 2806 d)
295 2762 374 2798 Nullus
394 2763 427 2796 est
444 2770 514 2797 uerus
533 2772 559 2798 ec
576 2765 658 2797 notura
676 2772 753 2798 rerum
770 2765 919 2806 necessarium

71 2807 119 2842 tam
130 2809 250 2844 destructio
263 2817 330 2852 quam
342 2808 479 2843 conservatio
494 2818 518 2843 ex
531 2809 571 2844 Dei
583 2808 723 2844 ordinatione
736 2810 827 2846 externa
840 2811 919 2856 depen-

0 2862 6 2900 t
70 2852 108 2888 det
126 2854 153 2898 (v.
171 2855 247 2897 tlara,
265 2854 318 2889 Virt.
339 2851 379 2895 1963
397 2853 461 2888 Scor.
480 2852 511 2896 11,
528 2853 546 2896 3,
564 2853 595 2897 n;
612 2854 660 2898 Rip.
678 2855 734 2900 disp.
752 2854 787 2892 128
802 2865 819 2892 s,
835 2855 881 2902 ts).
897 2875 920 2882 -

0 2896 6 2939 5
71 2898 245 2936 Probabilior
259 2900 347 2935 videtur
360 2899 444 2934 tertia
458 2900 570 2935 sententia
584 2900 673 2945 propter
688 2900 818 2944 analogiam
832 2902 919 2946 gratiae

0 2979 7 2995 5
72 2944 93 2978 et
107 2946 215 2981 virtutum
231 2946 261 2981 ad
277 2945 376 2993 animam
392 2944 483 2989 eiusque
499 2946 616 2981 facultates
635 2946 669 2992 (cl.
688 2955 708 2982 n.
726 2946 777 2992 388).
