2214 3350
209 142 210 145 ’
233 145 352 182 scholium.
366 146 396 180 De
409 146 492 181 natura
506 146 526 181 et
540 138 662 189 gratuitate
675 144 742 180 huius
757 144 835 179 auxilii
934 142 959 179 97

3 225 8 250 ᾖ
77 285 79 287 ·
110 228 173 299 158.>
194 259 221 296 «2.
241 255 287 295 Sed
305 255 364 306 quid
382 255 410 295 de
428 265 463 302 eo,
483 253 524 306 qui
550 254 641 295 solius
665 252 776 304 peccati
800 252 956 304 originalis

108 332 174 361 reus
186 318 233 359 est?
244 317 275 358 ut
287 317 393 368 quaestio
405 317 467 358 rec-te
479 316 592 365 solvatur,
605 317 684 368 primo
696 315 828 357 videndum
840 315 882 365 est,
896 315 964 367 quia

107 377 261 425 denatura
275 391 345 431 pura
362 380 447 429 valeat,
465 393 479 421 a
496 392 544 432 qua
562 380 650 421 natura
666 379 747 430 lapsa
765 379 897 420 seeundum
915 390 955 420 no-

108 448 183 488 stram
197 444 338 485 sententiam
352 443 435 485 differt
447 449 475 484 ut
487 444 602 494 spotiatus
616 455 630 484 u
643 442 716 483 nudo.
732 443 801 484 Vires
814 443 917 483 morales
930 442 955 483 in

109 511 209 559 utroque
225 506 287 548 statu
303 506 359 556 sunt
373 506 491 557 aequales.
509 506 570 547 Hinc
586 507 674 548 natura
688 517 751 557 pura
766 506 850 545 eedem
866 506 954 546 eumilo

106 573 156 612 Det·
166 571 257 621 indiqet
273 570 304 611 ad
320 569 394 611 totam
410 570 487 620 legem
503 569 638 611 naturalem
656 569 798 610 servandam
815 570 838 609 et
855 568 955 609 mortale

108 633 230 686 peceatum
247 633 380 674 vitandum.
400 633 447 674 Sed
465 633 516 674 sine
533 632 606 674 dubio
624 633 688 682 Deus
706 630 830 682 sapientia,
849 631 954 673 bonitate

105 699 178 749 atque
201 696 272 738 etiam
294 696 385 738 iustitia
402 707 445 736 sua
462 695 609 747 prohibetur,
629 707 659 736 ne
677 695 789 736 naturam
813 694 954 736 rationalem

107 752 256 801 innocentem
273 759 298 799 in
313 770 343 800 ea
357 759 495 800 condicione
510 759 590 810 ponat,
608 758 633 799 in
650 770 698 810 qua
714 759 800 799 morali
816 758 954 800 necessitate

101 836 121 864 a
135 823 204 863 nullo
218 822 353 873 superanda
366 834 381 862 a
395 822 446 862 fine
460 833 503 863 suo
517 822 596 863 deviet
609 821 682 873 atque
697 821 722 861 in
737 821 869 863 extremam
885 821 954 862 eadat

106 884 236 927 miseriam,
253 885 316 936 Ergo
330 884 448 925 auxilium
464 884 525 925 illud
541 885 644 936 erigitur
659 897 674 925 ιι
688 890 775 925 nature
788 896 858 936 pura.
876 886 953 926 Immo

105 950 171 990 Deus
181 948 366 999 benignissimus
378 946 549 989 assecutionem
562 948 620 989 finis
631 947 711 989 ultimi
723 948 780 989 huic
792 947 893 989 naturae
905 959 953 989 non

101 1011 185 1052 selum
208 1010 422 1062 quomodocunque
445 1010 592 1061 possibilem,
617 1011 659 1052 sed
683 1010 783 1062 insuper
805 1022 857 1051 nora
879 1011 952 1051 elimes

104 1074 208 1114 arduam
223 1073 312 1115 reddet.
330 1073 460 1124 Hucusque
474 1073 546 1114 nrum
562 1074 666 1125 theoloqi
683 1074 839 1114 consentiunt
857 1100 889 1105 —
906 1074 952 1115 Sed

37 1175 50 1187 ἵ,
104 1137 125 1177 si
141 1137 273 1188 quaeritur
286 1138 316 1177 de
339 1135 427 1182 natura
447 1136 538 1187 lapsa,
562 1136 678 1188 permulti
695 1147 792 1176 ornnem
808 1136 952 1187 eaiqenttcnt

104 1199 183 1239 diuini
197 1198 282 1240 nuntii
295 1206 390 1250 nequet,
406 1200 431 1240 et
444 1200 546 1250 quidem
559 1211 607 1241 non
622 1200 701 1241 solum
716 1199 742 1248 ii,
759 1200 801 1251 qui
817 1200 848 1241 de
862 1198 952 1251 peccati

97 1261 230 1314 >originalis
244 1261 270 1302 in
286 1262 331 1303 hac
347 1261 371 1303 et
387 1261 412 1302 in
429 1261 504 1303 altera
518 1262 570 1303 vita
586 1262 689 1313 sequelis
705 1273 782 1314 aequo
798 1262 952 1306 duriussen-

103 1323 175 1373 dunt,
193 1325 323 1366 sedetiam
342 1325 482 1376 complures
502 1326 544 1376 qui
562 1336 630 1367 secus
648 1325 723 1367 solam
741 1325 835 1376 spoliati
854 1338 869 1367 a
886 1326 952 1368 nudo

97 1387 267 1429 :differentiam
285 1388 372 1439 urgent
388 1388 412 1429 et
428 1388 537 1439 parvulis
554 1387 625 1428 limbi·
643 1388 734 1430 remota
752 1389 837 1439 quavis
855 1388 952 1430 tristitia

103 1450 167 1490 bona
176 1449 234 1491 finis
242 1450 358 1491 naturalis
368 1450 509 1491 concedunt.
519 1477 551 1482 -
560 1450 592 1492 Ut
601 1450 672 1492 nobis
681 1451 824 1500 constemus,
836 1452 952 1494 debemus

102 1513 176 1553 etiam
190 1513 216 1552 in
229 1514 274 1553 hac
288 1513 427 1564 quaestione
440 1513 501 1554 illud
515 1514 666 1565 principium
679 1512 801 1563 adhihere,
817 1527 847 1556 ex
862 1527 911 1566 quo
925 1515 951 1556 in

102 1574 239 1625 quaestione
257 1575 407 1626 sequelarum
426 1576 515 1626 peccati
533 1576 659 1628 originalis
676 1577 781 1618 maxime
799 1578 950 1632 argument-

97 1648 170 1677 mur:
180 1637 283 1688 ,Propter
294 1638 355 1678 illud
366 1638 444 1678 solum
456 1639 586 1688 peccatum,
599 1640 664 1690 quod
675 1651 723 1679 non
734 1642 857 1691 personali
868 1642 950 1681 uolun-

97 1705 150 1740 lute
160 1699 306 1741 contractum
315 1700 358 1749 est,-
370 1712 418 1741 non
429 1701 498 1742 debet
507 1701 581 1743 homo
590 1713 667 1753 poena
677 1702 780 1754 positiva
789 1703 861 1755 plecti
872 1715 950 1755 neque

102 1761 132 1802 iis
150 1762 216 1802 honis
231 1763 329 1813 privari,
347 1775 407 1814 quae
423 1769 509 1804 nature
525 1764 621 1815 eatque
639 1765 753 1806 Dicamus
769 1766 855 1816 igitur:
876 1769 949 1819 Prop-

102 1826 138 1865 ter
151 1825 228 1866 solum
242 1826 365 1876 peccatum
379 1827 494 1878 originale
508 1828 580 1869 homo
594 1818 643 1869 non
658 1829 728 1870 debet
740 1829 798 1881 poni
812 1830 839 1870 in
851 1842 882 1871 ea
895 1842 949 1871 eon-

102 1886 202 1936 diciona
217 1888 242 1928 in
254 1900 302 1939 qua
315 1889 401 1930 meruli
413 1890 551 1930 necessitate
563 1902 578 1932 a
590 1892 659 1932 nullo
672 1891 788 1943 fugienda
801 1892 863 1934 bonu
877 1894 950 1935 etium
977 1901 978 1904 ’

102 1950 220 1991 naturalia
238 1951 331 2008 amittet
348 1957 369 1991 et
385 1953 467 2002 lenem
490 1958 614 1994 aeternum
638 1956 757 1996 sortiatur.
783 1958 861 2011 Quare
885 1957 949 1998 Deus

103 2015 194 2072 homini
214 2015 288 2066 lapso,
309 2008 427 2067 quamdiu
446 2018 602 2068 personaliter
621 2031 670 2060 non
690 2032 715 2062 se
734 2020 846 2063 averterit
865 2033 880 2063 a
899 2023 949 2064 fine

102 2078 194 2128 ultimo,
211 2080 289 2121 adhuc
305 2092 333 2121 ea
348 2081 438 2122 auxilia
454 2083 530 2132 debet,
548 2084 637 2135 quibus
652 2083 724 2136 plena
739 2085 886 2136 possibilitas
902 2085 949 2128 evi-

101 2143 168 2183 tandi
188 2144 322 2194 gehennam
343 2146 485 2194 obtineatur.
508 2148 557 2190 Aut
577 2149 636 2190 haec
658 2149 778 2191 conclusio
799 2151 949 2193 admittenda

100 2207 205 2249 autltota
219 2208 328 2259 doctrina
341 2210 372 2251 de
386 2211 489 2262 sequelis
503 2213 593 2263 peccati
606 2213 734 2264 'originalis
750 2216 883 2257 seeundum
899 2215 949 2267 pla-

98 2269 148 2310 cita
167 2271 300 2312 «tortorum
320 2272 468 2314 infantium»
489 2275 607 2318 mutanda
624 2276 667 2318 est.

100 2394 154 2437 159.
190 2397 257 2438 Hanc
272 2397 444 2440 ,necessitatem
469 2400 529 2441 bene
556 2401 666 2451 cognorit
690 2404 791 2445 Frena.
818 2404 946 2453 Schmid,

97 2458 252 2507 Quaestiones
265 2462 362 2503 selectae
375 2474 403 2503 ea
416 2463 533 2515 theoloyiu
546 2467 680 2518 doqmuticu
694 2468 870 2519 (Pederhornae
883 2471 945 2523 1891)

97 2534 122 2572 q.
134 2526 155 2573 4,
167 2525 208 2565 ubi
219 2525 267 2567 tam
279 2528 386 2577 parvulis
396 2539 469 2579 quam
480 2529 570 2570 adultis
580 2533 610 2571 oh
622 2532 746 2583 peccatum
757 2534 874 2585 originale
884 2536 947 2577 hona

97 2587 239 2631 naturaliter
251 2591 332 2632 debita
343 2592 452 2660 suotrahi
464 2596 625 2646 propugnat?
638 2623 670 2628 -—
680 2597 761 2649 Aeque
774 2599 835 2640 dura
847 2600 884 2641 est
896 2611 946 2640 sen-

130 2723 132 2726 ’
168 2731 175 2751 1
192 2731 237 2767 Hoc
253 2733 308 2768 bene
325 2733 420 2768 ostendit
436 2711 459 2770 G.
477 2737 563 2772 Huurte
580 2738 600 2774 S.
609 2739 636 2782 J.,
653 2740 684 2775 De
700 2741 745 2775 Deo
762 2741 851 2777 creante
868 2729 893 2777 et⁴
905 2743 946 2778 ele-

99 2775 166 2826 vante
182 2785 208 2811 ac
225 2778 251 2813 de
266 2778 398 2814 Novissimis
418 2779 458 2825 (Ad
474 2790 541 2817 usum
558 2783 672 2828 privatum
689 2785 817 2823 auditorum
835 2788 947 2824 Universi-

98 2819 153 2856 tatis
165 2821 328 2869 Gramrianae)
343 2833 364 2861 n.
381 2823 484 2863 526-529.
934 2851 935 2854 ¹

168 2882 177 2903 ²
193 2883 339 2927 Depereant
355 2885 420 2921 dicit:
441 2888 565 2924 «Condicio
581 2890 704 2927 infantium
773 2895 854 2939 potius·
864 2894 947 2931 misera

97 2932 167 2967 quam
177 2925 229 2970 relic
239 2929 336 2965 dicenda>
344 2930 376 2966 est
384 2944 395 2963 o
409 2932 438 2977 (n.
451 2932 475 2969 29
485 2942 535 2979 pag.
548 2934 601 2981 278);
613 2937 640 2972 de
651 2939 729 2975 nostra
738 2948 791 2975 vero
803 2941 944 2986 quaestione:

139 3005 202 3037 meu,
211 3008 235 3035 Dr
247 3009 307 3035 Gratia.
899 3021 908 3049 7
