2214 3350
253 160 254 163 ,
309 135 460 172 corollarium.
476 135 539 171 Vires
553 135 649 171 nrorales
664 134 685 169 et
699 134 805 179 physicae
946 132 981 169 119

133 244 203 278 immo
220 243 307 288 penitus
325 244 422 287 tollatur,
440 245 461 280 et
478 244 592 280 dissensus
609 242 690 279 evadat
706 251 751 277 non
768 242 841 278 solum
857 240 978 283 moraliter,

134 294 251 330 sedetiam
261 294 351 339 physice
363 295 512 341 impossibilis.
523 297 582 332 Nam
592 295 626 330 vis
636 294 702 331 liberi
712 294 800 329 arbitrii
810 294 879 331 creati
890 303 936 329 non
947 294 980 329 est

135 345 230 388 infinita
244 355 311 390 quare
325 346 412 382 motivis
424 346 547 383 moralibus
561 355 661 382 summae
674 345 817 387 intensitatis,
832 346 898 391 prout
911 345 980 380 omni-

134 397 219 443 potenti
230 398 274 433 Deo
285 398 374 443 praesto
386 399 444 442 sunt,
457 408 485 435 ne
497 399 588 444 physice
601 397 690 443 quidem
702 397 774 443 potest
785 397 894 433 resistere.
909 398 979 432 Porro

134 450 193 484 Deus
205 448 272 484 etiarn
285 449 347 485 extra
358 449 466 486 visionem
478 449 603 486 beatificam
615 458 695 484 curare
707 448 785 494 potest,
800 449 825 484 ut
838 449 901 484 actus
914 448 980 484 hone·
1048 478 1050 480 .

135 500 183 535 sins
198 499 234 535 hic
250 499 271 536 ei
287 509 346 536 nunc
369 502 408 536 sub
431 502 478 537 sole
500 502 586 537 ratione
611 501 662 536 boni.
686 501 794 546 appareat
810 499 884 536 velata
902 500 979 545 quavis

134 551 221 586 ratione
235 551 296 595 mali,
312 552 359 588 iam
373 553 460 588 sublato
475 553 557 589 tellicio
572 553 713 598 indifferente
727 551 833 588 voluntas
848 551 979 588 necessitate

86 644 87 647 Ἴ
133 602 227 649 physica
242 602 266 637 in
281 603 349 639 talem
365 604 439 640 actum
454 605 543 641 leretur.

135 717 188 759 188,
225 719 254 759 ΙΙ.
273 719 354 760 Gratia
370 730 417 760 non
434 720 512 760 solum
529 719 692 770 comparanda
707 717 743 759 est
759 718 881 769 nragistro,
900 717 979 768 quate-

86 809 89 812 -
133 791 180 821 nus
198 782 348 822 recederetis
366 782 512 833 discipulum
531 783 562 823 ad
581 783 643 823 bene
660 780 815 822 scribendum
834 779 917 828 allicit,
938 781 979 821 sed

132 844 213 892 eliam,
233 843 351 895 quatenus
368 844 462 895 pueruli
481 844 539 885 ariis
557 844 677 886 scribendi
696 842 775 894 ignari
793 855 895 884 meacm
914 844 979 883 dccii

133 907 253 957 simulque
265 918 322 947 cum
334 918 362 947 eo
372 906 465 948 litteras
477 907 565 948 format
579 909 606 959 (P
620 907 666 958 45),
681 907 697 947 i.
712 918 731 947 e.
746 907 841 957 practer
853 906 918 947 vires
930 917 979 947 ino-

133 968 283 1010 ralesetiam
300 980 372 1010 novas
389 969 453 1010 vires
469 970 602 1021 physicas
620 970 688 1011 addit
703 970 776 1020 ,atque
793 969 826 1011 ita
843 970 911 1010 acius
928 968 978 1010 sine

113 1055 115 1057 -
132 1033 178 1073 hoc
193 1033 311 1074 adiutono
328 1033 467 1085 simpliciter
483 1032 643 1083 impossibiles
659 1033 767 1084 primum
784 1031 910 1083 possibiles
926 1032 978 1072 red-

132 1097 175 1136 dit.
190 1097 218 1136 In
231 1097 264 1137 th.
280 1100 291 1137 1
304 1097 403 1148 physica
416 1097 542 1136 necessitas
555 1095 645 1147 gratiae
658 1095 854 1136 considerabatur
866 1095 892 1135 in
906 1106 978 1146 oppo-

69 1192 71 1198 ,
131 1158 217 1200 sitione
228 1159 258 1199 ad
270 1158 434 1200 necessitatem
446 1170 509 1200 mere
522 1158 639 1199 moralem
653 1159 686 1210 (11.
700 1157 771 1208 310).
786 1157 917 1199 Necessitas
930 1169 977 1198 non

132 1234 197 1264 mere
217 1224 315 1264 moralis
334 1235 377 1274 per
396 1234 420 1265 se
440 1223 516 1274 potest
536 1223 607 1264 etiam
627 1234 656 1263 ex
676 1234 704 1263 eo
724 1222 790 1271 oriri,
812 1223 876 1273 quod
896 1222 978 1273 aliqua

133 1288 241 1329 condicio
256 1289 309 1328 sine
325 1300 372 1339 quc
387 1299 436 1328 nen
451 1289 489 1329 vel
506 1288 589 1339 aliqua
604 1299 677 1329 causa
693 1287 817 1328 moraliter
833 1286 978 1338 dignificans

131 1350 240 1392 absolute
258 1350 402 1401 requiratur,
421 1363 443 1392 v.
465 1363 487 1402 g.
508 1352 536 1392 ut
554 1349 646 1392 ablutio
664 1351 781 1401 producat
799 1350 902 1401 gratiam
922 1351 978 1401 bap-

133 1415 259 1463 tismalem,
272 1416 351 1456 torma
360 1415 474 1466 baptismi
487 1426 542 1456 sane
554 1417 602 1456 non
614 1415 650 1456 est
661 1414 784 1456 moraliter
794 1416 888 1456 tantum
901 1426 977 1456 neees-

132 1478 203 1527 0011ος
220 1480 300 1520 tamen
316 1480 449 1520 secundum
465 1478 649 1531 probabiliorem
667 1479 808 1520 sententiam
824 1479 883 1520 haec
900 1480 978 1520 forma

133 1555 181 1584 non
198 1545 289 1585 confert
305 1555 380 1595 equae
397 1543 460 1585 vires
476 1544 587 1595 physicas
605 1543 799 1595 supernaturales
815 1545 846 1585 ad
863 1543 977 1584 elieotuin

132 1608 222 1660 gratiae
239 1609 428 1658 producendum.
455 1609 523 1649 Nunc
548 1607 621 1659 igitur
638 1609 694 1659 ples
710 1607 842 1649 asserimus
860 1620 934 1659 quam
952 1608 977 1648 in

132 1672 166 1713 th.
183 1675 201 1713 1.
216 1698 246 1703 -
260 1672 348 1713 Fontes
362 1672 427 1713 enim
442 1673 471 1713 de
485 1673 594 1713 absoluta
608 1672 746 1714 necessitate
760 1673 851 1723 gratiae
865 1674 896 1714 ad
911 1673 978 1714 actus

132 1736 247 1778 salutares
261 1736 296 1778 ita
310 1736 449 1788 loquuntur,
466 1737 493 1777 ut
508 1735 637 1777 debeamus
652 1736 794 1778 concludere
809 1737 912 1789 gratiam
929 1748 977 1779 non

132 1801 210 1841 solum
225 1812 275 1842 esse
292 1800 454 1841 condicionem
469 1801 634 1849 necessariam,
653 1802 679 1842 ut
694 1801 758 1842 Deus
774 1801 880 1853 aliquem
896 1798 989 1854 actum¹

132 1866 254 1917 tamquam
271 1866 400 1907 salutarem
417 1866 527 1916 conspici,
546 1877 622 1916 neque
640 1866 693 1906 fieri
711 1866 773 1907 heire
791 1866 977 1918 acceptationem

130 1942 161 1971 ex
178 1942 212 1976 eo,
222 1930 324 1978 tentum,
344 1931 408 1981 quod
421 1926 502 1981 >gratia
520 1931 582 1971 actui
601 1931 692 1971 tribuat
708 1931 817 1982 aliquam
835 1923 977 1983 dipnitctem

130 1993 222 2035 ordinis
233 2006 298 2036 mere
309 1994 407 2035 moralis
417 1995 455 2035 vel
467 1994 570 2043 iuridici,
584 1996 625 2036 sed
637 2006 690 2036 eam
702 1996 810 2037 conterre
823 1995 977 2038 facultatibus

123 2052 245 2100 ‘humanis
256 2054 367 2110 physicas
381 2059 443 2099 eires
457 2059 546 2100 uictoris
559 2060 651 2100 ordinis
665 2061 695 2101 ad
708 2061 824 2102 ellectum
838 2072 906 2103 secus
919 2062 977 2113 phy-

132 2123 180 2163 sice
192 2123 214 2163 et
227 2118 333 2164 absolute
346 2122 519 2174 impossibilem
532 2123 722 2174 producendum.
737 2146 763 2155 m
777 2124 899 2179 Scriptura
912 2125 977 2167 enim

131 2186 237 2237 loquitur
251 2188 281 2228 de
296 2187 391 2228 influxu
406 2186 461 2227 vitis
476 2187 502 2226 in
516 2187 635 2238 palmites,
653 2189 682 2229 de
697 2188 882 2241 regeneratione,
899 2190 977 2231 vivifi-

130 2250 229 2300 catione,
243 2252 427 2300 resuscitatione,
441 2263 503 2293 nova
513 2251 639 2302 creatione,
653 2253 799 2295 incremento
811 2267 825 2296 a
836 2256 887 2296 Deo
898 2256 977 2297 dando

134 2315 177 2366 (ili.
194 2318 206 2356 1
222 2316 246 2357 et
260 2317 293 2368 2);
309 2328 380 2367 porro
396 2316 504 2358 absolate
519 2317 594 2369 exigit
610 2318 711 2373 gratiam
728 2320 759 2360 ad
776 2320 842 2360 aetus
860 2322 977 2371 quosdam

132 2380 239 2430 respectu
255 2381 345 2421 virium
361 2380 490 2422 moralium
508 2382 569 2423 certe
585 2393 635 2422 noe
652 2383 712 2424 adeo
727 2394 845 2433 oreerosos,
864 2398 886 2425 v.
905 2375 927 2436 gss
945 2386 976 2426 ad

131 2443 285 2494 cogitandum
296 2445 319 2486 et
330 2444 459 2486 volendum
470 2446 562 2487 bonum
577 2449 610 2499 (n.
624 2448 687 2499 410),
699 2474 732 2480 -
744 2448 861 2489 Similiter
873 2449 976 2492 concilia

131 2507 215 2549 docent
232 2509 299 2550 acius
318 2509 346 2549 de
363 2521 389 2549 se
407 2510 542 2560 facillimos,
561 2513 588 2552 ct
607 2512 741 2553 desiderare
760 2512 868 2562 salutem,
889 2514 975 2564 petere,

132 2571 241 2622 cogitare,
260 2573 354 2624 eligere,
373 2585 421 2614 non
439 2585 507 2634 posse
525 2575 587 2624 fieri,
606 2576 668 2617 sieut
684 2577 776 2628 oportet
792 2567 816 2619 et
832 2579 929 2630 expedit
946 2581 977 2621 ad

130 2635 240 2686 salutem,
259 2638 306 2679 nisi
323 2638 400 2689 gratia
417 2638 521 2689 adiuvet,
540 2652 596 2682 cum
614 2642 680 2693 viper
698 2648 799 2683 craturae
816 2644 847 2684 ad
866 2644 911 2685 hoc
929 2655 977 2686 non

132 2698 230 2742 sufficiat
243 2703 353 2754 (Araus.
367 2714 419 2743 can.
433 2704 481 2754 (ts).
495 2705 614 2755 Quoniam
625 2706 694 2757 vigor
705 2707 804 2748 moralis
816 2709 847 2749 ad
860 2709 977 2759 quosdam

128 2774 160 2802 ex
171 2765 209 2804 bis
220 2766 313 2807 actibus
323 2767 403 2818 aperte
416 2778 463 2809 non
476 2769 548 2818 deest,
562 2770 693 2821 requiritur
704 2772 773 2822 vigor
785 2772 899 2824 physicus
911 2773 977 2814 altio-

131 2827 166 2867 ris
182 2829 282 2871 ordinis.
301 2855 332 2861 —-
350 2831 462 2873 Liberum
481 2834 609 2876 arbitrium
629 2836 724 2887 peccato
744 2848 792 2877 non
812 2838 890 2878 solum
909 2838 977 2878 infir-

130 2890 231 2941 matum,
250 2896 292 2935 sed
309 2896 391 2946 aliquo
407 2907 477 2938 sensu
494 2899 612 2939 conteram
629 2900 664 2941 est
682 2902 793 2952 (Araus,
812 2913 864 2943 can.
885 2903 928 2956 13).
946 2928 978 2935 ›—
