2214 3350
187 244 224 280 396
372 245 428 280 aeci.
445 245 480 281 IV.
496 246 528 280 De
540 245 623 280 natura
636 243 723 287 gratiae
739 242 832 279 actualis

186 353 266 394 actum
280 352 474 394 indeliberatum.
490 353 566 393 Etiam
582 352 661 393 actum
676 351 860 393 indeliberatum
876 352 971 403 praevia
985 345 1033 391 eless

186 416 280 457 vatione
295 416 390 457 interna
408 417 493 458 dehere
510 415 577 456 reddi
596 415 809 465 supernaturalem,
828 410 910 455 saltem
929 425 958 454 ex
974 425 1030 454 ana-

185 473 250 529 logia
272 478 400 520 habituum
424 479 523 519 minime
540 476 678 528 probatur&
700 477 807 528 -lpse
830 478 902 519 Billot
923 476 1034 518 concedit

186 541 264 582 tontes
280 534 423 593 theciopicos
445 541 532 582 directe
548 552 596 581 non
613 540 719 581 indicare
742 540 801 581 alias
822 540 910 590 gratias
926 539 1033 581 actuales

186 616 259 655 quam
274 604 445 646 illustrationes
458 602 483 645 et
495 603 664 652 inspirationes
676 602 767 644 vitales.
784 603 845 654 Ergo
859 603 967 644 ent-itales
981 613 1031 643 non:

185 666 271 717 vitales
286 668 400 708 deberent
413 667 585 718 philosophicis
602 666 750 717 argumentis
765 666 838 707 solide
852 666 956 717 probari.

186 803 241 844 523.
278 807 298 844 2.
314 803 368 844 Non
381 778 511 855 preliantur
526 801 693 854 philosophice.
712 803 763 842 Non
778 788 910 853 probantur
925 770 1032 849 necessa·

120 895 121 898 ,
185 866 234 907 riae
250 866 272 917 a)
289 866 385 916 propter
399 864 623 915 applicationem
637 864 755 916 potentiae
772 867 802 907 ad
818 865 904 906 actum.
918 857 1032 906 'Potentia

185 929 250 969 anim
269 928 399 969 necessario
419 938 491 979 agens
508 939 551 978 per
568 928 702 969 naturalem
716 927 894 969 inclinationem
913 928 944 968 in'
958 938 1029 967 suum

184 992 304 1032 obiectum
318 991 342 1031 et
354 1002 397 1041 per
412 990 519 1031 eiusdem
533 991 692 1041 praesentiam
708 990 848 1032 sufficienter
862 990 1032 1042 praecelerant

185 1054 241 1094 nata
257 1054 298 1101 esc,
317 1054 344 1094 ut
360 1065 415 1109 cum
432 1065 548 1094 concursu
563 1054 606 1095 Dei
624 1053 765 1095 simultanec
782 1055 808 1094 in
825 1053 903 1095 actum
921 1053 1027 1105 prodeat.

183 1142 215 1148 —
233 1117 380 1157 Concursum
397 1116 522 1167 praevium
542 1117 800 1167 praedeterminantcm
824 1126 872 1157 non
897 1116 1032 1157 necessario

184 1180 274 1230 requiri
289 1180 338 1220 iam
353 1191 381 1220 ex
397 1191 423 1220 eo
438 1180 594 1220 manifestum
608 1181 649 1228 est,
667 1180 731 1231 quod
746 1179 862 1221 exsistunt
877 1180 943 1221 actus
958 1180 1031 1220 liberi

184 1242 452 1292 creaturarum..Atqui
475 1243 553 1283 actum
576 1243 679 1283 liberum
703 1242 800 1293 physice
816 1242 1028 1293 praedeterminari

184 1306 302 1360 repugnat
316 1308 346 1359 (v.
360 1319 384 1346 n.
398 1307 456 1357 592).
469 1332 501 1337 -
512 1307 592 1356 Neque
605 1306 629 1357 b)
643 1306 740 1356 propter
752 1305 940 1346 elevationem
953 1305 1028 1345 actus,

184 1370 289 1411 Elevatio
302 1370 367 1410 enim
382 1375 479 1409 caterno
492 1368 527 1410 est
538 1369 660 1420 possibilis
672 1369 696 1409 et
710 1368 829 1409 adactum
844 1367 1028 1409 indeliberatum

184 1432 270 1473 sufficit
285 1433 315 1484 (v.
332 1432 369 1483 B).
502 1441 504 1443 ’
940 1450 942 1453 ·

184 1584 239 1625 524.
276 1585 302 1624 Β.
320 1583 411 1625 Nostra
427 1583 548 1624 sententia
564 1582 642 1625 insius
657 1562 787 1636 explicatur
806 1585 829 1624 et
847 1583 968 1635 probatur.

253 1684 271 1722 1.
291 1680 374 1722 Ortum
390 1680 458 1733 primi
475 1681 543 1722 actus
559 1672 709 1722 indeliberati
723 1680 908 1732 supernaturalis
925 1679 1028 1732 explica

182 1756 235 1787 mus
247 1738 289 1798 per
301 1745 456 1786 elevationem
469 1744 592 1786 facultatis
606 1745 736 1792 externam,
751 1747 766 1785 i.
781 1757 800 1785 e.
814 1756 857 1796 per
868 1743 1028 1785 assistentiam

183 1810 309 1860 specialem
325 1810 429 1865 Spiritus
443 1809 524 1850 Sancti
537 1810 586 1850 sive
599 1821 643 1860 per
657 1820 798 1850 concursum
812 1808 1027 1860 supernaturalem.

184 1875 317 1915 Concursus
331 1874 375 1914 Dei
390 1873 503 1924 physicus
518 1874 541 1914 et
556 1873 716 1921 immediatus,
733 1874 774 1924 qui
791 1873 820 1914 ad
835 1884 931 1914 omnem
946 1884 1027 1924 opera-

182 1939 271 1980 tionem
283 1939 363 1978 omnis
376 1939 497 1979 creaturae
510 1937 640 1988 requiritur
656 1940 682 1991 (P
698 1939 730 1978 ΙΠ
743 1949 779 1989 pr.
794 1938 826 1989 9),
840 1939 866 1978 to
880 1944 933 1978 octo
947 1937 1029 1990 pricio

184 1993 322 2054 (concursus
331 2002 433 2054 olilatus)
448 2003 484 2043 est
495 2003 559 2043 Deus
570 2012 710 2043 concurrere
722 2002 826 2053 paratus,
840 2004 866 2043 io
879 2009 932 2042 octo
945 2013 1029 2042 secam-¹

183 2068 212 2107 clo
229 2067 353 2118 (collatus)v
363 2066 578 2117 estepnncipiative
592 2066 630 2107 vel
646 2066 721 2106 actiae
735 2066 798 2107 Deus
813 2066 866 2107 actu
881 2067 930 2107 iam
945 2078 1029 2117 coope-

182 2142 245 2180 rans,
261 2131 411 2172 terminative
423 2131 504 2171 autem
518 2131 567 2171 sive
579 2132 673 2181 passive
686 2130 803 2181 spectatus
816 2132 851 2171 est
863 2131 943 2181 ipsum
956 2142 1028 2182 opus..

181 2196 254 2246 prout
271 2208 289 2236 a
304 2196 351 2236 Deo
368 2194 515 2246 producitur.
537 2195 671 2236 Concursus
689 2195 789 2235 collatus
807 2195 843 2236 est
860 2196 1027 2244 simultatione,

182 2271 230 2300 non
244 2260 362 2310 praevius,
378 2259 394 2298 i.
410 2271 429 2299 e.
444 2260 509 2299 Deus
521 2259 677 2309 non‘praevie
691 2259 717 2298 in
729 2270 824 2299 causam
839 2259 861 2299 et
874 2270 917 2309 per
929 2271 1025 2300 causam

181 2326 207 2364 in
226 2323 347 2373 effectum,
367 2324 408 2364 sed
426 2323 498 2364 simul
517 2335 572 2364 cum
590 2334 662 2364 causa
679 2325 705 2364 in
724 2323 836 2364 effectum
854 2322 909 2373 agit.
936 2324 1028 2365 Causae

181 2389 255 2439 igitur
269 2390 349 2439 prima
362 2389 386 2429 et
398 2389 502 2429 secunda
516 2399 545 2429 ex
558 2399 633 2439 aequo
649 2388 748 2428 currunt
762 2388 786 2429 et
799 2399 872 2439 aeque
888 2389 1028 2429 immediate

181 2453 295 2493 effectum
314 2452 441 2503 attingunt,
464 2453 508 2493 sub
528 2453 621 2493 diversa
640 2452 720 2493 tamen
738 2452 835 2500 ratione,
857 2464 927 2493 causa
946 2453 1026 2504 prima

182 2517 226 2557 sub
238 2517 327 2558 ratione
339 2516 493 2568 generaliore,
506 2528 577 2557 causa
588 2517 693 2557 secunda
704 2518 747 2557 suh
760 2516 850 2557 ratione
861 2517 939 2569 magis
950 2518 1028 2559 deter-⁴

181 2582 279 2621 minata.
300 2583 327 2621 ln
346 2592 463 2622 concursu
479 2582 585 2632 perterrti
603 2582 666 2622 Deus
685 2581 798 2632 effectum
817 2580 912 2632 attingit
930 2583 957 2623 ut
974 2594 1023 2631 cns,

181 2645 289 2687 creatura
299 2646 326 2687 ut
336 2645 390 2687 talc.
402 2646 464 2696 Ergo
474 2646 556 2686 relatio
568 2645 630 2686 inter
639 2657 735 2686 causam
746 2646 850 2697 primam
861 2646 885 2688 et
895 2647 1027 2687 secundam

181 2709 333 2759 cooperantes
355 2720 403 2749 non
421 2709 457 2749 est
474 2720 571 2760 prorsus
592 2709 683 2758 eadem,
703 2721 763 2760 quae
781 2709 806 2749 in
824 2709 937 2751 creaturis
963 2710 1028 2751 inter

244 2845 251 2865 1
265 2845 341 2880 Unum
354 2844 469 2880 ostendere
482 2844 570 2880 videtur
583 2844 638 2880 haec
653 2844 765 2889 analogia,
781 2844 826 2880 scil.
842 2854 887 2880 non
901 2845 952 2890 apte
966 2846 1027 2881 retu—

180 2891 225 2925 tari
243 2889 378 2925 sententiam
396 2891 575 2926 adversariorum
593 2899 624 2933 eo,
644 2891 703 2935 quod
720 2891 820 2935 ipsorum
838 2890 911 2935 gratia
930 2890 1028 2926 actualis

180 2936 302 2971 irrideatur
318 2935 433 2979 tamquam
450 2936 566 2981 «qualitas
582 2938 697 2972 mortuo».
713 2936 791 2972 Gratia
807 2936 866 2972 enim
882 2935 1027 2973 sanctificans

180 2983 202 3017 et
214 2982 305 3063 hBabliltus
317 2981 425 3072 Vitgttltm
439 2982 507 3017 simili
521 2981 610 3017 omnino
624 2991 692 3018 sensu
705 2983 778 3018 essent
791 2981 910 3026 qualitates
923 2983 1027 3018 mortuae

182 3029 208 3071 (v.
244 3027 251 3061 i
270 3030 292 3062 ot
305 3036 325 3073 p.
385 3036 409 3062 s.
