2214 3350
261 137 337 173 Thesis
352 138 380 174 16.
397 137 535 174 inhabitatio
547 137 646 182 Spiritus
661 137 738 173 Sancti
888 135 926 172 339

144 244 168 294 b)
188 245 214 285 S.‘
230 245 363 286 Thomam
382 246 413 297 (v.
433 255 506 296 supra
523 255 546 284 n.
564 245 614 295 451)
633 244 765 295 sequentes
784 255 838 285 cum
857 245 924 285 Gar·-

75 307 133 348 deil
153 307 289 359 (RevThom
307 308 380 368 [1923]
400 310 439 349 129
448 308 478 359 ss)
498 307 543 348 hoc
561 307 633 347 modo
649 306 768 357 explicare
786 317 921 356 possumus,

74 371 195 421 quomodo
209 381 253 421 per
267 371 368 421 gratiam
384 369 575 412 sanctificantem
589 370 682 411 oriatur
697 369 808 420 specialis
822 370 846 411 et
861 382 923 411 nova

74 432 157 474 relatio
182 433 254 474 realis
275 434 369 475 animae
386 435 418 476 ad
435 434 512 475 Deum
534 432 591 485 (sive
610 432 729 483 Spiritum
747 432 870 485 Sanctum)
896 433 923 473 ut

74 495 184 537 habiturn
196 495 219 537 et
230 496 416 539 inhabitantem:
433 498 478 537 Per
490 497 554 537 dona
565 495 626 537 vitae
640 495 830 546 supernaturalis
841 496 924 535 anima

73 559 122 600 Deo
134 557 196 599 trino
209 558 255 610 ipsi
268 560 389 610 praesente
403 561 527 609 tamquam
539 559 631 600 obiecto
643 557 786 609 cognitionis
799 559 821 599 et
833 559 924 599 amoris

74 622 170 663 fruitur.
190 622 218 662 Id
234 623 337 673 perfecte
356 623 406 663 rive
424 627 587 663 consummate
606 621 636 663 fit
654 621 683 661 in
702 622 814 662 visione
833 621 923 662 beati-

73 685 141 725 tica.
157 685 258 727 Animae
272 679 354 727 beatae
368 687 433 727 Deus
446 697 495 726 uon
510 685 589 726 solum
602 696 646 735 per
660 684 796 733 essentiam,
812 695 922 734 praesen-

73 747 131 788 tiam
144 747 167 789 et
178 748 317 798 potentiam,
332 749 380 789 sive
394 749 517 799 tamquam
531 742 664 788 immensus
677 747 701 789 et
713 747 837 799 tamquam
851 759 923 788 causa

72 811 175 852 efficiens
185 811 259 860 adest3
267 812 313 852 -sed
325 811 374 861 ipse
387 812 450 851 Deus
462 811 495 852 ita
506 811 532 851 in
544 810 693 852 intellectum
705 809 826 851 creaturae
839 809 920 857 intrat,

71 874 136 914 vices
153 873 239 924 speciei
257 874 385 924 impressae
404 874 508 924 explens,
527 874 556 914 ut
572 873 687 922 creatura,
709 884 764 914 eum
783 872 921 914 immediate

71 938 163 986 videns,
177 949 238 979 novo
251 938 349 979 omnino
361 938 433 979 modo
446 938 564 978 referatur
577 939 607 979 ad
619 940 698 979 Deum
712 938 758 978 sibi
771 938 921 988 praesentem

74 1003 119 1044 «ut
136 1002 258 1053 cognitum
277 1003 302 1042 in
320 1003 500 1053 cognoscente»,
521 1002 544 1043 ct
563 1002 735 1053 consequenter
752 1013 796 1053 per
813 1014 921 1044 amorem

71 1067 211 1108 beatificum
231 1084 240 1103 ιι
248 1067 275 1108 ut
292 1067 400 1107 amatum
417 1068 443 1106 in
461 1067 583 1107 amante».
603 1067 666 1108 Deus
684 1067 759 1118 igitur
776 1068 852 1108 beatis
870 1078 920 1108 sese

59 1131 113 1171 ,dat
125 1131 156 1171 ad
171 1130 309 1171 fruitionem
323 1130 453 1181 perfectam
467 1131 592 1180 tamquam
606 1130 727 1171 obiectum
741 1130 883 1181 cognitionis
897 1130 921 1172 et

71 1195 166 1235 amoris.
183 1195 272 1235 Anima
287 1195 364 1235 Deum
380 1194 465 1235 videns
481 1195 504 1235 et
519 1195 732 1246 correspondenter
747 1206 832 1235 amans
847 1194 920 1246 parti-

71 1258 135 1309 cipat
147 1258 215 1299 illam
229 1269 349 1299 summam
363 1257 600 1308 intellectualitatem,
615 1270 658 1310 per
672 1271 745 1310 quam
760 1258 847 1300 natura
861 1259 920 1300 divi-

71 1335 103 1364 na
126 1334 248 1364 summum
270 1335 355 1364 verum
379 1324 402 1364 et
424 1324 517 1364 bonum
540 1323 697 1374 spiritualiter
718 1324 822 1374 possidet
845 1335 920 1375 eoque

71 1388 161 1429 fruitur
177 1389 208 1440 (v.
224 1399 248 1428 n.
264 1388 323 1439 416).
339 1413 370 1419 -
385 1387 458 1438 Atqui
473 1398 517 1438 per
531 1387 594 1428 dona
610 1387 803 1438 supernaturalia
818 1388 881 1430 viae
896 1388 920 1429 et

70 1452 191 1503 imprimis
206 1463 256 1503 per
271 1452 394 1503 gratiam
411 1451 656 1501 sanctificantem,
674 1464 736 1503 quae
753 1453 789 1494 est
804 1451 920 1493 ultimum

69 1516 217 1567 principium
230 1516 292 1563 vitae
307 1515 503 1567 supernaturalis,
519 1516 567 1556 iarn
582 1516 685 1557 habetur
699 1517 808 1568 scrutatis
823 1516 919 1558 inchoo-

70 1573 102 1620 tio
122 1591 230 1621 summae
249 1580 315 1621 illius
333 1571 488 1631 possessionis
513 1581 536 1621 et
561 1579 683 1622 fruitionis
708 1580 759 1629 Dei,
788 1581 918 1632 aliquando

70 1645 157 1685 actuali
173 1644 264 1685 visione
280 1644 392 1685 beat'fica
407 1645 609 1685 consummandae
629 1646 660 1697 (v.
678 1656 703 1685 n.
721 1646 869 1698 27041611).
887 1669 919 1675 —

68 1710 130 1759 Ergo
141 1721 185 1760 per
197 1709 298 1760 gratiam
312 1708 500 1750 sanctificantem
516 1718 571 1749 cum
588 1709 704 1750 comitatu
719 1709 837 1751 virtutum
855 1710 918 1750 infu-

70 1782 151 1812 sarum
174 1772 257 1812 anima
279 1772 328 1812 iam
351 1771 471 1812 realiter
493 1771 647 1812 ordinatur
670 1772 702 1812 ad
726 1773 917 1822 cognoscendum

68 1836 153 1885 Deum,
166 1836 202 1877 uti
215 1836 286 1877 estin
298 1847 329 1884 se,
343 1836 373 1876 ad
386 1847 441 1876 eum
454 1835 586 1877 amicaliter
597 1836 750 1887 diligendum
762 1847 836 1888 eoque
849 1837 917 1878 beate

69 1901 206 1942 fruendum.
227 1900 417 1941 Gonnaturaliter
432 1900 497 1941 enim
515 1913 544 1942 ex
560 1901 638 1951 gratia
655 1900 819 1942 sanctificante
837 1913 917 1952 proce-

68 1965 129 2006 dunt
144 1965 241 2006 haloitus
257 1965 362 2006 stactus
378 1965 520 2016 cognitionis
535 1966 559 2007 et
575 1965 711 2007 dilectionis
728 1966 918 2016 supernaturalis

67 2030 91 2071 et
101 2030 198 2072 tandem
208 2030 290 2071 lumen
301 2030 390 2080 gloriae
401 2041 456 2070 cum
467 2033 521 2081 ipsa
530 2031 621 2072 visione
633 2030 753 2072 beatifica.
768 2031 917 2073 Conferendo

67 2095 170 2145 gratiam
182 2096 247 2135 Deus
259 2095 307 2135 iam
321 2095 362 2136 dat
373 2102 490 2136 remotum
502 2096 634 2146 potentium
647 2097 679 2137 ad
693 2095 811 2137 visionem
824 2095 917 2138 heat‘fi-

68 2171 120 2200 cam
132 2161 180 2201 sive
192 2159 289 2200 instruit
299 2160 406 2200 animam
418 2160 514 2212 energia
524 2160 630 2212 quadam
640 2161 722 2212 capaci
733 2162 822 2211 ipsum,
836 2161 871 2202 uti
883 2161 918 2202 est

68 2225 93 2264 in
105 2235 136 2273 se,
149 2225 352 2276 apprehendendi,
365 2225 435 2276 atque
447 2226 491 2266 hoc
502 2226 573 2266 modo
585 2236 608 2266 se
620 2226 670 2266 iam
682 2226 765 2266 datad
777 2225 917 2266 fruitionem

67 2289 232 2340 imperfectam
251 2289 275 2330 et
292 2289 435 2330 inchoatam.
458 2290 535 2340 Quare
555 2290 619 2331 Deus
638 2291 733 2331 animae
755 2290 916 2331 sanctificatae

67 2364 178 2403 praesens
192 2354 228 2395 est
242 2354 269 2395 ut
283 2354 402 2394 obiectum
418 2353 566 2404 cognitionis,
583 2355 679 2404 amoris,
697 2353 819 2395 fruitionis
835 2366 916 2406 super-

67 2418 190 2467 naturalis,
212 2430 272 2469 quae
291 2418 425 2469 praesentia
450 2418 549 2459 omnino
575 2419 732 2470 distinguitur
751 2420 781 2461 ab
801 2431 837 2469 ea,
859 2431 914 2470 qua,

66 2482 191 2534 tamquam
214 2495 286 2524 causa
303 2483 363 2523 dans
381 2483 404 2524 et
421 2493 564 2524 conservans
586 2494 644 2532 esse,
664 2483 729 2524 Deus
753 2484 779 2524 in
801 2485 916 2525 omnihus

66 2548 138 2588 rebus
151 2548 208 2588 est1.
222 2548 389 2588 —Eiusmodi
403 2547 489 2588 intima
502 2547 596 2588 animae
609 2560 664 2588 cum
678 2548 726 2588 Deo
741 2548 875 2589 coniunctio
889 2549 915 2589 in

127 2686 135 2706 1
150 2685 272 2729 Gardeil,
288 2684 302 2720 l.
320 2695 336 2720 c.
354 2694 374 2730 p.
394 2683 438 2721 132:
460 2687 540 2721 «Dans
556 2684 705 2722 l'indivisible
721 2686 783 2722 unite
800 2686 827 2722 de
843 2685 915 2721 l'ame

67 2732 196 2776 spiritualia
214 2742 283 2775 meur,
302 2732 409 2768 divinise'e
425 2741 467 2777 par
483 2732 507 2768 la
523 2734 595 2777 grace,
613 2733 636 2769 la
653 2733 772 2768 substance
790 2733 865 2769 divine
882 2734 915 2769 est

66 2780 167 2822 presente
182 2780 359 2826 physiquement,
378 2788 461 2814 cormne
478 2790 506 2815 en
522 2781 594 2816 toutes
610 2781 694 2824 choses,
712 2785 755 2825 par
770 2779 794 2816 la
809 2781 915 2825 presence

67 2825 231 2863 d’immensite.
241 2856 245 2863 .
255 2839 275 2870 ,ς
289 2827 347 2862 mais
361 2826 402 2862 elle
417 2827 494 2862 trouve
507 2828 537 2863 ici
551 2837 579 2863 en
592 2829 640 2863 face
656 2827 675 2862 d'
684 2827 732 2870 elle,
748 2828 886 2864 coordonnee
901 2828 915 2863 a

66 2871 113 2914 elle,
127 2874 151 2910 la
163 2875 272 2911 tendance
286 2874 372 2911 efficace
386 2874 448 2909 dela
461 2876 542 2910 nature
557 2876 631 2911 divine
644 2876 768 2921 participee
781 2877 819 2920 qui
833 2884 915 2920 pousse

65 2918 136 2956 l'ame
150 2922 165 2957 a
177 2932 200 2958 se
213 2924 290 2958 reunir
304 2923 317 2957 a
329 2923 391 2965 Dian,
408 2922 478 2958 d’une
492 2923 564 2958 union
576 2922 649 2966 rtelle,
663 2922 713 2958 tout
727 2932 758 2959 au
770 2923 844 2959 moins
859 2924 915 2959 dans
