2214 3350
326 151 445 189 Τ11551523.
462 152 513 188 Alia
527 153 649 197 systemata
876 150 912 187 483

65 261 186 311 eea—639)
196 262 212 300 1.
233 261 314 302 Gratia
325 259 406 301 efficax
420 260 456 301 est
470 259 596 301 delectatio
608 259 700 305 victrix,
717 259 864 302 voluntatem
879 259 912 300 ad

67 334 208 365 consensum
231 315 459 371 moraliter,',sed
482 322 909 377 infallibiliterpraemoveus.
946 343 948 345 ·

67 389 93 428 ln
107 387 169 427 statu
181 386 280 435 naturae
293 387 390 437 lapsae
402 385 466 426 valet
478 386 591 436 adagium
605 386 628 426 S.
644 385 808 435 Augustini,
822 388 909 438 Erpos.

67 451 133 491 Gul5
145 461 169 489 n.
182 453 210 491 49
224 451 254 502 (R
265 450 342 501 1568J:
361 449 448 499 «Quod
459 448 524 500 enim
537 447 643 499 amplius
654 459 698 488 nos
708 449 815 502 delectat,
830 459 911 490 secun-

67 515 125 554 dum
138 512 163 553 111
176 524 304 563 operemur
317 523 410 552 necesse
424 512 465 552 est.
475 529 484 548 >³
501 511 543 553 Est
556 511 635 552 autem
649 522 745 561 pugna
758 511 820 552 inter
833 512 911 562 dupli-

67 589 117 618 cem
133 576 320 623 delectationem,
336 574 507 625 cupiditatis
523 574 572 615 scil,
590 574 766 615 mundanaeet
781 575 912 614 caritatis

66 639 173 681 caelestis
190 639 196 690 (
213 639 229 678 f.
247 650 270 679 u.
288 641 313 680 81
331 640 375 690 87).
392 638 472 679 Gratia
489 637 576 679 Christi
592 637 700 678 consistit
715 637 741 677 111
757 636 912 688 inspiratione

67 703 158 743 sanctae
176 701 316 750 dilectionis,
336 700 448 749 caritatis,
467 701 557 741 amoris
573 701 622 741 sive
641 699 810 748 delectationis,
829 699 912 750 velup-

66 765 127 814 15115,
144 765 285 813 dulcedinis,
302 764 458 805 iucunditatis
472 757 585 804 caelestis
603 763 688 803 Omnis
702 763 819 804 eiusmodi
836 763 912 814 gratia

65 828 102 869 vel
115 828 217 869 minima
228 828 263 868 est
274 828 381 868 absolate
391 828 523 879 sufficione,
538 828 595 878 quia
607 826 686 867 actum
701 825 829 868 salutarem
842 824 912 867 infal-

66 891 164 932 libiliter
185 889 291 940 efficeret,
315 891 361 931 nisi
384 891 461 930 maior
477 891 519 931 aut
534 890 640 941 aequalis
662 889 786 931 delectatio
808 889 911 930 carnalis

3 1003 5 1008 y
66 954 175 1002 obstaret,
189 954 225 994 est
236 954 307 994 etiam
320 955 417 994 relative
431 953 555 1002 sufficiens,
570 954 626 1005 quia
641 954 732 993 confert
744 951 869 1000 voluntati,
885 953 911 993 ut

66 1015 144 1058 hicet
161 1028 224 1057 nunc
242 1017 361 1057 carnalem
379 1016 558 1056 delectationem
577 1026 688 1066 superare
706 1016 787 1066 possit,
807 1017 829 1056 si
845 1017 908 1056 uelit.

66 1080 155 1119 Temen
169 1079 281 1119 uoluntas
295 1079 361 1129 lapsa
377 1079 538 1119 infallibiliter
552 1090 599 1119 nou
614 1078 684 1127 volet,
702 1080 754 1121 nist
764 1079 842 1129 gratia
856 1090 910 1119 cou-

66 1142 126 1182 teret
142 1141 245 1191 gradum
264 1141 425 1181 delectationis
442 1140 548 1181 caelestis
566 1137 642 1190 gradu
661 1141 792 1191 praesentis
811 1141 910 1182 delecta-

13 1220 14 1227 *
66 1203 137 1243 tionis
154 1203 291 1243 mundanae
305 1204 435 1258 ¹maiorem
455 1203 615 1244 Discrimeu
635 1203 710 1253 igitur
726 1203 789 1245 inter
809 1204 910 1255 gratiam

66 1266 216 1306 efficacem
230 1266 252 1305 et
264 1276 333 1315 pure
348 1265 545 1305 sufficientem
559 1267 584 1306 in
598 1267 642 1306 hoc
654 1266 697 1315 est,
712 1267 739 1307 111
751 1266 835 1317 gratia,
850 1278 911 1317 quae

66 1328 175 1378 producit
199 1328 377 1368 delectationem
402 1328 526 1369 caelestem
550 1328 636 1369 actuali
661 1339 750 1379 pravae
774 1329 912 1378 cupiditatis

67 1390 219 1431 delectatione
235 1390 353 1431 tainorum
366 1392 404 1431 vel
420 1391 497 1432 eidem
515 1392 645 1442 aequatem,
664 1391 695 1432 sit
709 1402 768 1442 pure
785 1391 910 1440 sufficiens,

67 1455 141 1505 gratia
157 1466 212 1496 vero
230 1455 345 1494 maiorem
361 1455 461 1505 gignens
479 1454 658 1495 delectationem
676 1453 800 1495 caelestem
818 1455 849 1496 sit
866 1454 911 1495 effi-

66 1530 115 1565 cax,
131 1518 211 1568 utpote
232 1528 304 1568 supra
324 1517 412 1558 malam
427 1517 564 1568 cupidinem
585 1518 746 1568 infallibiliter
766 1519 858 1559 victrix.
881 1542 912 1547 -—

11 1613 12 1617 ,
60 1581 184 1631 ,Τ11Ῑ11511
205 1579 411 1621 infallibilitas
433 1581 465 1620 sic
488 1580 632 1631 explicatur:
665 1581 769 1622 Scientici
795 1581 911 1632 simplicis

65 1643 239 1694 iutellepentiue
255 1643 320 1683 Deus
335 1642 418 1684 intime
435 1643 549 1692 perspicit
564 1642 669 1685 indolem
686 1643 766 1684 omnis
781 1643 912 1684 voluntatis

65 1707 185 1756 possibilis
202 1707 225 1748 et
241 1707 342 1758 gradum
360 1705 523 1747 delectationis
538 1707 614 1747 bonae
632 1707 655 1747 et
669 1706 754 1756 malae,
773 1717 845 1757 quem
864 1706 911 1746 sin-

65 1769 114 1819 guli
137 1770 246 1810 influxus
265 1769 397 1820 possibiles,
421 1770 469 1810 sive
492 1770 548 1810 boni
571 1769 619 1810 sive
641 1769 706 1817 mali,
724 1769 749 1809 in
766 1781 910 1820 unaquaque

65 1832 185 1873 voluntate
203 1833 367 1883 producerent.
392 1833 427 1872 Ex
451 1832 663 1881 comparatione
689 1832 792 1873 duarum
811 1832 910 1873 delecta-

65 1894 164 1944 tiouum,
176 1895 252 1936 bonae
263 1895 312 1935 scil.
325 1896 349 1936 et
357 1895 442 1942 malae,
454 1893 614 1936 infallibiliter
624 1895 750 1945 cognoscit,
763 1896 817 1936 utra
828 1895 911 1936 futura
962 1938 964 1941 ,

66 1957 95 1997 511
111 1958 240 1998 maturet
257 1958 427 2008 consequenter
443 1957 590 1998 voluntatem
608 1958 715 1998 bominis
728 1958 790 2009 lapsi
808 1958 910 1999 effica-

66 2019 136 2060 citer
151 2021 262 2061 motura
279 2020 309 2060 ad
325 2019 429 2060 liberum
446 2031 594 2061 consensum.
612 2022 661 2061 Hac
679 2020 778 2061 scientia
794 2021 911 2072 simplicis

65 2081 238 2133 intellegentiae
254 2083 403 2134 praelucente
420 2083 485 2124 Deus
499 2083 536 2132 iis,
554 2095 614 2134 quos
627 2085 731 2135 profuiti
747 2086 910 2125 misericordia

33 2177 38 2200 9
66 2150 86 2183 et
99 2146 284 2195 praeditatione
302 2157 330 2187 ex
350 2157 429 2187 massa
451 2147 565 2188 damnata
584 2147 678 2198 generis
697 2148 798 2188 humani
819 2148 911 2199 eripere

66 2208 174 2258 decreuit,
189 2210 307 2251 eiusmodi
321 2209 411 2251 auxilia
425 2209 514 2260 gratiae
528 2210 690 2265 praedestinat
703 2211 726 2251 et
740 2210 837 2260 confert,
854 2223 911 2262 quo-

65 2282 118 2311 rum
132 2273 259 2314 efficaciam
273 2272 397 2314 relativam
410 2284 439 2314 ex
452 2273 506 2314 actu
520 2272 597 2323 primo
611 2272 741 2314 voluntatis
755 2275 799 2315 sub
814 2273 911 2315 influxu

65 2335 190 2376 ambarum
203 2335 386 2377 delectationum
399 2336 539 2377 constitutae
551 2337 712 2387 infallibiliter
723 2337 771 2377 iam
784 2337 911 2386 praescivit

65 2398 87 2437 et
99 2401 223 2441 accedente
236 2400 327 2440 decreto
341 2400 439 2439 scieafiu
451 2399 549 2439 visionis
563 2399 693 2450 praevidet,
707 2398 767 2439 alios
779 2411 834 2440 vero
848 2399 910 2440 iusto

65 2459 151 2502 iudicio
169 2463 195 2502 in
213 2463 296 2503 eadem
314 2472 393 2502 inassa
410 2463 531 2513 relinquit,
552 2461 637 2503 iisdem
654 2472 702 2502 non
721 2463 845 2502 conferens
863 2462 909 2502 nisi

65 2532 104 2562 eas
119 2525 208 2574 gratias
226 2525 373 2572 sufficientes,
394 2536 497 2575 quarum
517 2524 670 2565 inefficaciam
688 2524 771 2565 eodem
789 2525 861 2566 modo
880 2537 910 2565 ex

64 2584 117 2625 actu
130 2588 208 2636 primo
221 2587 337 2637 cognovit.
351 2588 387 2627 Ex
399 2588 444 2627 hoc
457 2588 549 2628 decreto
562 2588 605 2628 Dei
619 2586 733 2636 absoluto,
747 2589 811 2638 quod
825 2587 911 2629 nititur

65 2646 188 2689 infallibili
203 2650 254 2690 eius
268 2649 431 2699 praescientia,
449 2649 498 2691 iam
513 2651 627 2691 obiectioe
643 2650 804 2693 infallibiliter
818 2651 910 2692 certum

64 2708 99 2748 est
112 2711 213 2760 gratiam
229 2712 348 2753 decretam
364 2722 418 2752 cum
435 2712 489 2753 actu
502 2712 600 2754 salutari
617 2712 770 2755 coniunctum
785 2713 823 2754 iri.

124 2842 235 2878 1Nostris
256 2843 333 2879 diebus
355 2842 457 2878 defensor
478 2844 641 2889 Augustinismi
662 2844 806 2888 mitigatioris
827 2846 910 2882 exstitit

66 2884 144 2922 Laur.
160 2888 172 2922 J
177 2897 292 2924 anssens
306 2890 328 2925 Ο.
343 2889 365 2924 S.
381 2889 413 2931 B.,
428 2890 459 2925 De
474 2891 548 2933 pratia
561 2890 601 2926 Dei
614 2892 634 2925 et
649 2890 731 2926 Christi
748 2891 860 2935 (Friburgi
872 2891 908 2925 Br.

66 2927 119 2974 1921)
135 2932 200 2968 61655
214 2933 249 2969 616
257 2943 279 2969 55
293 2933 364 2971 65755,
921 2940 923 2943 ’
