2214 3350
211 166 246 204 l66
333 194 335 197 -
368 167 422 204 Sect.
437 168 466 203 V..
476 168 521 204 Art.
537 168 565 204 II.
580 166 704 214 Explicatio
716 166 803 212 gratiae
817 165 916 206 efficacis*

210 278 271 325 aar„
300 285 327 326 B.
350 282 485 326 Destruitur
503 294 560 325 vera
575 283 674 326 libertas
691 279 877 325 indifferentiae.

280 380 299 422 l.
315 381 379 430 Quae
392 381 473 422 tontes
487 380 571 422 dicunt
584 381 613 421 de
626 379 735 422 libertate
748 393 763 422 a
775 380 853 431 gratia
865 379 952 422 efficaci
966 379 1056 421 dissen-

210 443 293 500 tiendi,
309 444 439 485 adversarii
453 454 508 484 non
520 442 731 484 satis-servant.
745 468 778 475 -
791 447 812 484 1.
827 442 942 486 Ecclesia.
959 442 1054 484 Triden=

210 506 285 552 tinum
297 518 318 549 s.
334 508 349 548 6
363 519 415 561 cap.
431 507 445 549 5
461 508 503 559 (Dz
516 507 581 558 797);
598 508 677 548 Homo
687 505 873 557 inspirationem*
881 505 972 557 gratiae
984 506 1055 547 reci-

210 570 293 621 piens
311 571 397 612 «illam
415 571 438 612 et-
454 570 567 611 abicere
584 569 705 621 potest».
725 567 875 623 66666666
892 570 917 610 16
935 569 980 611 isto
999 580 1055 610 6666

210 634 287 685 gratia
298 635 391 685 estlear,
405 645 477 685 quam
489 632 626 684 recipiendo
638 634 708 674 homo
722 633 805 682 reapse
817 634 848 675 ad
860 631 1056 675 iust'lieationem

211 698 354 751 disponitur.
380 698 455 747 Quam
479 696 581 748 gratiam
604 696 677 737 homo
693 696 733 738 hic
748 697 772 738 et
788 707 853 737 nunc
871 697 963 738 abicere
986 707 1055 747 posse

211 761 349 802 affirmatur.
369 761 415 801 Sed
431 760 562 801 secundum
579 759 742 801 Baaaeziaaos
760 760 814 802 lieri
831 760 921 811 nequit,
939 761 967 802 ut
983 760 1055 801 homo

211 824 328 876 actualem
344 823 499 864 abiectionem
516 824 644 875 componat
659 835 713 864 eum
729 824 807 875 gratia
820 823 914 873 efficaci;
931 836 989 866 nam
1005 824 1055 864 iarn

211 887 376 928 antecedenter
388 887 419 927 66
432 887 549 928 actualem
564 886 723 938 receptionem
737 899 780 938 per
794 887 983 938 praemotionern
996 887 1055 938 phy,-

211 950 284 991 sicam
303 950 463 991 infallibiliter
481 950 655 991 determinatur
672 951 701 991 66
713 950 892 1001 recipiendum,
913 952 936 992 et
956 957 1054 1003 «polea-

211 1012 420 1062 116666161616661,
446 1025 507 1064 quae
531 1025 655 1055 remanere
676 1014 797 1063 asseritur,
817 1014 865 1055 iam
889 1014 1055 1056 antecedenter

210 1076 371 1128 metaphysice
385 1076 509 1128 repugnet,
525 1077 593 1118 utin
608 1077 688 1117 actum
702 1077 837 1118 reducatur.
856 1077 988 1119 Concilium
1003 1077 1054 1118 sine

210 1140 284 1181 dubio
300 1135 432 1191 polentiam
450 1141 585 1191 expeditam
604 1146 627 1181 et
645 1141 788 1182 aclaabilem
805 1140 928 1193 intellegit,
949 1152 1010 1192 quae
1028 1140 1054 1181 in

210 1203 275 1243 hisee
295 1202 487 1252 circumstantiis,
509 1202 524 1243 i¹
544 1215 564 1244 e.
586 1204 621 1244 ia
634 1215 705 1244 66666
726 1204 854 1256 composito
874 1216 928 1245 curn
950 1203 1054 1245 motione

210 1266 283 1307 huius
296 1266 385 1317 gratiae
399 1266 427 1307 de
441 1266 502 1308 tacto
516 1265 623 1316 efficacis,
638 1278 686 1308 666
699 1266 778 1308 solum
790 1268 817 1307 ia
830 1279 901 1309 seara
914 1268 990 1308 diviso
1005 1268 1053 1309 sive

210 1330 236 1369 in
255 1329 309 1370 aliis
328 1330 453 1379 adiunctis,
473 1330 515 1371 ubi
532 1329 609 1381 gratia
628 1329 708 1372 efficax
727 1330 795 1380 desit,
816 1331 906 1373 actuari
922 1332 1003 1383 possit.
1023 1358 1054 1364 —

212 1386 264 1435 can.
278 1393 351 1445 4166
364 1394 427 1444 814)ἐ
444 1394 557 1434 Liberum
570 1394 676 1434 hominis
688 1393 822 1443 arbitrium,
837 1407 852 1436 a
865 1395 912 1436 Deo
925 1395 1017 1436 motum
1032 1395 1055 1435 et

209 1455 339 1497 excitatum
357 1456 430 1509 (quod
447 1466 530 1501 revere
546 1456 694 1498 assentiendo
711 1456 868 1508 cooperatur),
887 1457 980 1508 potest
997 1458 1053 1499 dis

211 1519 329 1567 sentire,
347 1519 367 1559 si
385 1519 444 1559 vult.
464 1520 525 1570 Ergo
545 1519 589 1560 sub
608 1519 692 1561 eadem
710 1519 813 1561 motione
833 1520 921 1569 divina,
943 1522 987 1562 sub
1006 1533 1054 1572 qua

209 1581 263 1623 actu
274 1581 349 1623 libere
360 1582 464 1630 assent't,
478 1582 555 1633 potest
564 1582 690 1624 dissentire
701 1583 762 1624 actu.
776 1584 860 1624 Lemos
873 1584 969 1625 econtra
981 1584 1049 1625 dicit:

211 1647 364 1698 «Antequam
379 1646 490 1687 voluntas
506 1646 581 1688 dicat:
602 1648 663 1696 volo,
682 1647 800 1688 antecedit
816 1648 939 1699 prioritate
954 1649 1053 1689 naturae

209 1710 328 1751 auxilium
342 1711 497 1761 praeveniens
511 1709 607 1751 divinae
621 1709 717 1761 gratiae,
733 1710 830 1759 iaciens,
845 1712 909 1763 quod
921 1710 974 1761 ipsa
987 1710 1052 1762 velit,

209 1773 233 1815 et
246 1773 280 1814 ita
293 1774 390 1822 1661666,
406 1773 495 1814 utnon
510 1772 555 1814 stet
569 1772 641 1814 simul
656 1773 798 1815 dissentire»
817 1775 883 1827 (Acta
898 1776 979 1815 amaia
995 1775 1053 1815 Coa-

208 1838 382 1888 prepattaaum
400 1836 461 1887 disp.
479 1840 492 1878 2
507 1847 588 1877 eoram
605 1836 681 1878 Paulo
694 1838 715 1879 V
730 1837 838 1896 [Levanii
856 1839 919 1897 1702]
937 1851 960 1890 p.
979 1838 1051 1889 1053).

208 1912 239 1928 ’-
250 1899 391 1941 Vaticanum
403 1911 422 1941 s.
437 1901 451 1941 3
463 1911 516 1953 cap.
529 1901 544 1942 3
559 1901 601 1952 (Dz
614 1902 690 1953 itali:
706 1901 767 1942 Actu
779 1901 837 1942 fidei
851 1919 861 1938 a
869 1902 940 1943 homo
952 1901 1053 1942 liberam

209 1962 314 2014 praestat
331 1963 377 2014 ipsi
395 1964 443 2003 Deo
462 1963 645 2013 oboedientiam,
664 1963 753 2015 gratiae
769 1964 830 2013 eius,
855 1964 893 2005 cui
917 1962 1053 2005 resistere

209 2028 314 2079 posset,
329 2027 496 2068 consentiendo
509 2028 533 2068 et
546 2028 720 2077 cooperando».
735 2027 863 2069 Manifesta
878 2029 941 2076 tunc,
957 2028 1053 2079 quando

209 2090 332 2139 consentit,
349 2092 365 2131 i.
381 2102 401 2131 e.
416 2091 442 2130 in
457 2102 528 2132 sensu
543 2090 672 2141 composito
688 2091 719 2131 ad
734 2089 851 2132 efficacem
866 2091 957 2143 gratiae
970 2091 1053 2132 motio-

209 2164 272 2201 nem,
284 2153 394 2204 expedita
403 2153 485 2194 manet
494 2152 601 2204 potentia
612 2153 744 2202 resistendi;
756 2165 805 2194 non
817 2154 896 2205 agitur
908 2155 937 2195 de
948 2154 1054 2206 potentia

209 2217 235 2256 ia
251 2221 322 2256 serica
338 2215 413 2256 diviso
429 2228 444 2256 a
459 2215 577 2267 praesenti
593 2216 704 2257 motione.
722 2217 848 2258 Resisla'tur
864 2217 970 2258 influxui
986 2229 1053 2270 prae-

209 2280 279 2327 senta]
295 2289 350 2329 ergo
366 2278 509 2330 supponitur
525 2278 654 2320 motionem
671 2280 719 2320 iarn
736 2280 841 2321 adesse1.
858 2306 890 2313 -
907 2281 1050 2323 «Potentian

271 2415 417 2459 1Alvarez‚
434 2416 465 2452 De
482 2425 531 2451 aaa.
550 2415 592 2452 die.
612 2418 667 2460 prat.
685 2416 699 2452 1.
717 2416 729 2454 9
746 2416 802 2462 disp.
819 2416 843 2453 93
861 2417 902 2461 (ed.
918 2417 987 2462 Lugd.
1007 2415 1053 2453 1620

208 2471 229 2507 p.
244 2460 281 2499 385
287 2462 306 2508 s)
322 2462 342 2498 et
354 2463 389 2498 De
402 2463 504 2504 Lemos,
519 2462 629 2508 Panoplia
642 2463 727 2506 prattae
741 2463 755 2499 t.
771 2462 781 2499 1
794 2463 909 2508 6616216.
924 2463 943 2508 4,
957 2464 1053 2498 maxime

209 2516 255 2553 cap.
272 2507 342 2544 tta-14
355 2508 395 2553 (ed.
410 2508 474 2544 Leod.
490 2506 537 2544 1676
549 2517 569 2554 p.
584 2507 665 2554 166ss);
678 2508 692 2545 t.
707 2507 719 2544 3
730 2517 785 2554 pars
798 2509 807 2544 l
820 2509 847 2545 tr.
862 2509 873 2545 4
884 2508 932 2554 cap.
947 2508 972 2545 22
983 2508 1053 2545 6226

210 2554 270 2599 (ibid.
286 2553 455 2600 6268161666,
471 2555 526 2589 Acta
540 2555 615 2590 amata
631 2554 838 2599 coameaattoaam,
855 2555 935 2600 disput.
952 2555 1053 2591 2666661

207 2601 312 2638 Panlov
337 2601 437 2646 (Lavanii
453 2601 501 2637 1762
517 2610 538 2647 p.
557 2599 629 2647 16576)
654 2601 734 2646 urgent
757 2600 958 2639 differentiam:
984 2601 1052 2636 Posse

207 2648 337 2683 resistere
354 2647 460 2692 importet
477 2655 568 2682 seusam
585 2647 738 2692 compositarum
756 2648 874 2692 sedposse
892 2646 1051 2687 dissentire,

208 2693 267 2738 quod
284 2693 438 2729 Tridenttamn
455 2692 515 2734 dicit,
534 2693 633 2728 admittit
650 2702 741 2729 scaram
759 2693 860 2729 divisam.
879 2712 903 2718 —-
920 2693 1053 2728 Vaticanum
1092 2712 1094 2715 -

208 2740 274 2777 habet
293 2742 423 2777 terminum:
445 2749 510 2786 posse
527 2740 667 2776 resistere.
689 2739 792 2775 Ceterum
810 2739 965 2775 Tridenttaam
985 2739 1053 2775 etiam

208 2786 272 2823 dicit:
291 2795 356 2831 posse
375 2787 491 2833 abicere,
512 2786 570 2830 quod
589 2786 667 2821 eadem
685 2784 817 2821 necessitate
836 2784 942 2830 importat
962 2791 1052 2819 sensum

208 2833 356 2878 compositum
369 2842 394 2868 ac
406 2842 471 2878 posse
484 2832 596 2875 resistere
611 2833 631 2868 et
644 2833 685 2868 hoc
699 2832 753 2867 dicit
766 2832 793 2868 de
807 2831 885 2868 eadem
897 2830 1050 2877 inspiratione,

208 2888 265 2924 quae
282 2878 394 2923 recipitur,
410 2888 456 2914 non
473 2879 499 2914 de
516 2877 564 2913 sola
580 2876 727 2923 inspiratione
751 2877 838 2923 gratiae
861 2877 1001 2922 sufficientis.
1026 2877 1053 2911 16

208 2926 312 2961 contenta
325 2925 448 3004 Tridentini
464 2924 532 2961 etiam
543 2933 609 2969 posse
624 2924 772 2960 dissentire
787 2924 862 2969 aperte
876 2923 1014 2967 intellegitur
1028 2924 1053 2957 in

209 2980 277 3008 sensu
291 2978 388 3016 composi
399 2979 417 3007 c.
