2214 3350
203 174 279 209 Thesis
294 172 323 210 21.
341 173 421 210 Gratia
436 171 512 209 efficax
528 172 549 208 ei
565 172 648 207 donum
663 170 843 218 perseverantiae
912 170 948 207 435

102 283 176 325 stolus
191 295 239 324 non
256 284 333 326 solum
349 284 402 326 vult
419 283 509 325 dicere:
539 281 674 323 «Voluntas
696 282 801 323 hominis
823 283 873 323 solu
898 293 948 321 non

101 347 200 397 suffieit,
212 347 240 387 ut
249 347 308 388 iuste
320 348 429 400 recteque
439 346 557 395 vivamus,
571 345 621 386 nisi
629 345 771 386 adiuvemur
782 344 948 386 misericordia

101 409 143 450 Dei
151 426 170 458 a),
187 411 228 450 sed
241 410 345 461 amplius
358 410 427 452 docet
438 411 517 460 ipsane
531 410 617 450 bonurn
631 409 777 448 voluntateri
792 420 841 448 erse
855 409 947 449 doriurn

101 473 145 512 Dei
159 472 183 513 et
197 473 227 513 ab
241 484 268 513 eo
283 474 443 525 infallibiliter
457 473 510 513 cleri
525 472 562 521 iis,
579 472 668 523 quibus
683 470 751 512 illam
766 471 823 512 dare
839 470 946 512 absolute

100 534 170 576 velit:
193 535 237 575 «Si
254 536 318 577 enirn
335 537 401 577 Deus
416 536 549 584 miseretur,
569 536 642 576 etiam
656 534 776 582 volumus
796 535 827 574 ad
845 535 946 575 eandem

101 599 190 650 quippe
205 592 392 641 miSericordiam
409 597 525 650 pertinet„
535 599 563 639 ut
576 597 696 638 velimus»
717 598 749 649 (n.
768 597 812 648 12).
832 598 946 638 «Vocatio

101 662 146 703 ista
161 661 195 703 ita
212 663 247 703 est
263 663 370 714 effectrix
391 663 465 702 bonne
484 662 619 710 uoluntatis,
639 662 666 702 ut
683 660 761 700 ornnis
778 672 831 701 eam
849 660 947 701 vocatus

101 730 239 775 sequntur.»
256 726 333 774 Quare
349 724 587 774 distinguendum
602 724 637 765 est
652 723 715 764 inter
730 723 879 764 necationem
894 735 947 763 con-

100 799 186 838 prunrn
205 794 227 828 el
243 789 408 840 incoepi-narn.
429 787 546 828 «Etiamsi
565 787 654 827 multos
671 786 745 836 vocat,
766 786 946 827 cerumtamen

100 850 232 899 intraretur,
251 844 362 902 quesita
377 849 452 898 vocat,
472 849 591 900 quomode
605 850 640 890 eis
657 850 737 890 vocari
756 854 840 900 aplnrn
858 848 900 898 est,
919 855 946 889 ul

100 921 236 965 sequuntur.
246 933 255 951 >J
270 932 279 951 a
287 916 325 955 Ad
336 914 397 955 alios
407 913 487 954 autem
497 913 587 954 vocatio
597 914 695 964 quidem
706 912 823 964 peruenit;
836 913 878 953 sed
889 912 947 964 quia

101 978 154 1017 lulis
167 978 220 1026 tuit,
234 990 280 1029 qne
294 979 386 1018 moveri
398 988 447 1016 non
459 982 562 1027 possent,
575 987 618 1016 nec
632 987 684 1017 eam
698 986 781 1026 capere
794 975 845 1027 apti
859 975 944 1023 esseut,
1010 1010 1012 1012 .

101 1041 177 1080 coculi
194 1041 291 1092 quidem
310 1040 355 1081 diei
376 1039 512 1089 potuerunt,
533 1040 574 1080 sed
592 1051 641 1079 non
658 1040 751 1079 electi.»
779 1039 850 1080 «Non
869 1037 946 1090 potest

100 1105 200 1145 effectus
213 1103 388 1144 misericordiae
402 1103 444 1143 Dei
459 1114 508 1143 esse
523 1104 548 1142 in
560 1102 666 1143 hominis
679 1101 800 1153 potestate,
815 1103 842 1143 ut
855 1101 945 1142 trustra
982 1135 984 1138 .

68 1206 70 1213 ,
101 1167 140 1208 ille
157 1166 303 1215 misereatur,
323 1170 342 1207 si
359 1167 432 1207 homo
454 1166 522 1213 nolit
546 1165 603 1216 quia
618 1166 640 1205 si
653 1166 724 1206 vellet
741 1165 813 1216 etiam
837 1165 945 1215 ipsorum

100 1230 214 1278 miseren,
233 1229 311 1280 pessel
327 1229 360 1269 ila
378 1241 470 1278 vocare,
489 1230 608 1279 quomodo
623 1227 673 1268 illis
690 1235 774 1279 apruni
791 1228 858 1277 esset,
878 1229 906 1269 ut
923 1228 958 1270 et.

100 1292 252 1333 mouerentur
269 1292 292 1332 et
311 1291 477 1342 intellegerent
496 1292 519 1332 et
539 1290 700 1342 sequerentur.
711 1309 721 1327 »
748 1292 862 1332 «arellius
881 1292 945 1332 Dens

100 1355 189 1407 frustra
203 1355 336 1403 miseretur,¹
352 1355 421 1395 cuius
434 1355 514 1396 autem
529 1354 662 1402 miseretur,
679 1355 712 1395 cic
728 1364 783 1395 enni
798 1360 873 1403 vocnt,
889 1366 946 1406 qno-

99 1418 170 1458 rnoclo
187 1417 231 1457 scil
246 1418 267 1457 ei
285 1429 422 1468 eonprnere,
448 1418 475 1458 ut
497 1417 621 1458 vocantem
640 1428 688 1458 non
705 1418 819 1468 respuat»
846 1418 878 1469 (n.
900 1418 943 1468 13).

99 1483 160 1533 Ergo
177 1481 309 1522 secundum
324 1480 507 1531 explicationem
522 1480 650 1531 Augustini
666 1480 795 1531 Apostolus
811 1480 880 1522 docet
895 1491 946 1522 esse

99 1544 205 1596 aliquam
226 1543 373 1585 vocationem
396 1544 426 1584 ad
449 1543 524 1584 fidem
545 1543 706 1595 infallibiliter
729 1544 860 1595 efficerent,
885 1555 945 1595 quae

99 1607 126 1648 ut
140 1608 224 1648 talis-a
240 1607 287 1647 Deo
303 1608 414 1657 praevisa
430 1606 454 1647 et
470 1607 587 1657 sinpnlari
602 1607 766 1647 misericordie
784 1606 840 1648 data
858 1605 896 1648 sit.
915 1632 946 1639 »-

98 1670 123 1720 b)
140 1670 206 1710 Idem
222 1669 302 1720 postea
317 1681 387 1720 saepe
403 1669 542 1710 adversus
557 1669 729 1719 Pelagianos
744 1669 771 1710 et
787 1669 945 1720 semipela-

98 1733 200 1784 gianos
215 1732 293 1783 urget:
313 1733 378 1773 Deus
393 1743 441 1772 non
458 1731 535 1772 solum
550 1732 591 1773 dat
605 1743 675 1782 posse
692 1731 828 1773 salutariter
843 1733 905 1774 velle
921 1733 945 1774 et

98 1807 175 1846 agere,
189 1795 354 1846 indifferenter
366 1795 471 1835 vocando
485 1795 508 1836 et
517 1793 674 1835 confortando
685 1795 749 1836 uires
760 1795 887 1844 humanas,
903 1796 944 1837 sed

100 1860 162 1899 rasis
175 1857 349 1898 misericordiae
363 1856 568 1898 infallibiliter
578 1858 681 1909 inspirat
693 1858 771 1909 ipsein
786 1859 874 1899 bonurn
887 1859 945 1900 ooli-

99 1922 195 1970 lionern
209 1921 291 1972 fidene,
307 1920 431 1961 caritatem
444 1920 487 1961 etc.
503 1921 526 1962 et
539 1932 582 1971 per
595 1922 640 1962 hoc
654 1921 860 1963 infallibiliter
873 1922 945 1974 largi-

98 1985 138 2025 tur
152 1985 211 2024 lone
223 1994 302 2035 opera,
314 1985 374 2035 quae
387 1995 415 2024 ex
428 1983 477 2024 side
490 1983 513 2025 et
525 1983 621 2026 cantate
634 1985 773 2035 procedunt.
787 1986 945 2027 Enrbiriclion

98 2051 125 2089 98
142 2049 171 2100 (R
187 2048 262 2099 1926);
284 2047 361 2097 «Quis
376 2058 447 2099 porro
463 2048 512 2088 tam
528 2046 601 2099 impie
618 2047 726 2099 desipiat,
744 2049 772 2090 ut
787 2048 852 2090 dicat
867 2050 945 2090 Deum

97 2110 175 2151 malas
189 2110 315 2150 hominurn
336 2109 478 2159 voluntates,
503 2122 563 2162 quas
584 2110 694 2160 voluerit,
713 2111 809 2162 quando
832 2111 943 2161 voluerit,

98 2174 141 2214 ubi
156 2173 264 2221 voluerit,
281 2173 305 2213 in
321 2173 413 2214 bonum
428 2184 477 2214 non
493 2185 561 2225 posse
578 2177 724 2215 convertere?
742 2175 789 2216 Sed
806 2187 861 2216 curn
878 2175 943 2224 tacit,

97 2247 141 2287 per
157 2236 346 2276 misericordium
363 2236 428 2286 iacit3
447 2248 502 2277 cum
519 2237 599 2279 autem
616 2249 665 2278 non
684 2238 747 2287 facit,
766 2250 810 2289 per
826 2238 945 2280 iudicium

34 2337 35 2340 ,
98 2312 147 2342 non
160 2300 223 2341 iacit.
238 2301 356 2351 Quoniam
370 2301 439 2342 cuius
451 2300 510 2349 vult,
525 2301 658 2349 miseretur,
674 2301 697 2342 et
710 2312 782 2351 quem
796 2301 855 2351 vult,
871 2302 945 2343 obdu-

98 2364 143 2405 rat.
152 2381 162 2400 »
176 2364 235 2404 Dein
245 2363 334 2404 iterum
345 2364 448 2416 explicat
459 2364 521 2404 Rom
531 2367 552 2412 9,
567 2367 593 2405 10
600 2375 630 2405 ss.
642 2390 675 2396 —-
687 2365 773 2405 Contra
786 2368 799 2405 i
812 2366 880 2417 epistt
893 2366 943 2407 Pel.

98 2430 118 2476 4,
138 2430 159 2476 9,
179 2429 216 2467 26:
240 2428 363 2468 «Oramus
381 2437 429 2467 non
448 2426 525 2468 solum
544 2427 748 2483 prepotentibus,
767 2438 853 2469 verum
871 2427 945 2469 etiam

97 2501 143 2540 pro
157 2489 346 2540 repugnantibus
361 2489 384 2530 et
399 2490 601 2540 oppugnantibus
619 2490 682 2540 Quid
697 2501 752 2541 ergo
767 2490 880 2542 petimus,
897 2491 944 2533 nisi

97 2554 125 2594 ut
136 2554 197 2594 fiant
208 2565 236 2594 ex
246 2553 383 2594 nolentibus
394 2553 507 2603 volentes,
521 2566 549 2595 ex
561 2554 752 2606 repugnantibus
763 2555 943 2605 consentientes,

97 2630 127 2658 ex
138 2618 333 2670 oppugnantibus
345 2617 461 2659 amantes?
473 2619 493 2658 Α
505 2631 553 2670 quo
564 2619 611 2659 nisi
623 2620 653 2660 ab
665 2619 714 2668 illo,
727 2620 756 2660 de
768 2631 815 2671 quo
828 2621 944 2671 scriptum

98 2682 145 2723 est:
168 2683 327 2734 Praeparetur
345 2682 457 2723 voluntas
474 2695 489 2724 a
506 2683 636 2725 Boulinoi»
657 2710 689 2716 -
707 2685 741 2724 De
761 2686 844 2735 pruecl.
862 2685 943 2727 Senot.

98 2750 118 2794 8,
136 2749 174 2788 13:
202 2748 281 2789 «Haec
304 2748 383 2798 itaque
404 2747 488 2798 gratia,
506 2760 567 2800 quae
583 2749 673 2790 occulte
695 2748 810 2790 humanis
832 2750 944 2791 cordibus

99 2810 182 2852 divina
197 2812 305 2863 largitate
321 2810 443 2860 tribuitur,
461 2825 474 2852 u
490 2813 557 2853 nullo
572 2814 632 2854 duro
649 2813 719 2853 corde
736 2816 865 2866 respuitur.
889 2816 943 2856 Ideo

98 2875 187 2926 quippe
201 2876 321 2925 tribuitur,
336 2877 365 2917 ut
378 2876 456 2916 cordis
471 2877 560 2918 duritia
573 2878 688 2927 primitus
699 2879 829 2920 auteratur.
839 2898 849 2916 »
865 2906 897 2911 -
909 2881 944 2920 De

99 2949 158 2978 corr.
174 2945 196 2979 et
207 2946 267 2991 μναῖ,
283 2943 317 2989 14,
331 2942 359 2981 43
374 2941 403 2991 (R
417 2940 494 2991 wolf:
514 2959 524 2978 ι(
533 2942 576 2982 Cui
588 2941 677 2983 volenti
692 2942 787 2984 salvum
800 2944 879 2985 iacere
891 2944 944 2985 nnl-
