2214 3350
169 191 206 228 '182
305 167 359 228 Sect.
375 192 403 227 Π.
418 192 463 227 Art.
481 193 507 229 Π.
523 192 553 227 De
567 190 780 237 supernaturalitate
793 191 881 236 gratiae

169 300 224 341 268.
260 301 281 339 7.
299 298 355 341 Pius
371 299 393 341 X
409 299 434 340 in
450 299 569 351 encyclica
586 317 596 337 «
604 299 737 340 Pascendis
758 300 800 351 (Dz
815 300 879 351 2103)
898 297 1013 350 queritur,

168 364 233 414 quod
250 363 351 413 quidam
369 362 480 404 catholici
500 361 629 412 «quamvis
646 363 815 403 immaamttiae
836 362 970 403 doctrinam
988 362 1015 402 ut

169 425 304 467 doctrinam
324 426 433 474 reiciunt,
455 437 484 466 ea
504 425 583 465 tamen
604 437 649 476 pro
669 425 789 476 apotoqesi
810 425 919 474 ninnium
942 425 1013 476 idque

169 490 228 530 adeo
241 489 332 529 iacaati
346 489 444 537 faciunt,
460 489 487 529 ut
501 488 526 528 in
541 488 627 529 natura
641 489 748 528 humana
762 499 810 528 non
825 487 1013 539 capacitatem

169 552 247 592 solum
265 552 290 592 et
309 551 539 592 convenientiam
559 551 687 591 videantur
707 550 833 592 admittere
854 553 884 592 ad
904 552 1013 593 ordinem

168 605 381 665 supernaturalem,
400 615 463 665 quod
480 614 577 665 quidem
594 614 730 665 apologetae
746 614 856 655 catholici
872 614 1013 666 opportunis

168 677 283 718 adhibitis
300 676 513 728 temperationibus
531 677 725 718 demonstrarunt
742 688 843 728 semper,
864 679 904 718 sed
922 689 1013 729 germa-

167 752 224 781 nam
236 739 334 790 verique
347 740 452 780 nominis
464 739 650 791 exigentiam.
664 740 696 780 Ut
709 740 788 781 tamen
802 740 883 781 verius
896 741 1011 788 dicamus,

167 804 225 844 haec
248 803 378 844 catholicae
395 802 517 854 religionis
539 803 657 854 exigentia
675 815 688 843 a
707 803 859 844 moderatoris
882 803 1010 851 invehitur,

167 867 208 917 qui
225 865 309 906 uolunt
325 865 495 906 moderatiores
513 865 620 906 audiri.»

166 992 220 1031 269.
272 990 302 1030 ΙΙ.
322 989 443 1043 Scriptura
459 990 527 1031 docet
542 990 645 1031 conferri
661 990 710 1031 iam
726 992 752 1031 ia
768 991 812 1031 hae
829 991 878 1032 uita
893 992 1011 1043 quaedam

165 1055 227 1094 dona
240 1054 313 1094 realia
325 1054 432 1094 internae
445 1053 541 1104 gratiae,
556 1054 645 1105 quibus
656 1055 727 1094 homo
741 1053 898 1095 constituatur
909 1058 929 1095 1.
945 1055 1012 1099 filius

164 1117 207 1157 Dei
224 1116 357 1166 adoptivus,
382 1119 403 1156 2.
422 1117 490 1157 heres
513 1117 580 1167 regni
604 1117 731 1165 caelorum,
756 1120 776 1157 3.
795 1128 891 1157 consors
915 1117 1010 1158 divinae

164 1180 270 1227 naturae,
288 1179 311 1220 et
326 1183 347 1220 4.
365 1180 452 1221 habeat
468 1180 643 1220 inchoationem
660 1182 782 1231 quandam
799 1180 894 1221 futurae
911 1181 1012 1231 gloriae.v

164 1242 237 1293 Atqui
253 1242 370 1283 eiusmodi
388 1243 449 1288 dona
467 1243 522 1284 sunt
538 1242 659 1283 caritative
676 1248 698 1283 et
714 1242 854 1293 simpliciter
872 1249 1010 1294 supernata-

165 1306 225 1345 ratia
242 1305 264 1346 et
281 1305 336 1346 sunt
353 1306 379 1345 in
396 1306 479 1346 eodem
497 1305 579 1346 ordine
597 1306 686 1353 divino,
706 1304 731 1345 in
749 1318 795 1357 quo
813 1306 848 1347 est
865 1307 924 1347 cisio
941 1306 1008 1346 Deil.

162 1393 194 1399 —
209 1368 292 1418 Quoad
308 1367 415 1419 singula:

233 1456 252 1493 1.
276 1453 395 1494 Filiatio
417 1454 564 1505 adoptiva,
589 1455 612 1495 et
634 1454 732 1505 quidem
750 1455 855 1497 υἱοθεσία
883 1456 1008 1506 quaedam,

163 1528 225 1567 quae
240 1516 317 1556 multo
333 1516 412 1567 magis
427 1528 501 1568 quam
517 1527 551 1565 ea,
571 1528 633 1567 qnae
648 1517 711 1558 inter
727 1518 836 1558 homines
853 1518 907 1558 fieri
924 1517 1007 1570 potest,

163 1592 219 1621 cum
234 1577 386 1630 pancratiarii
404 1580 528 1622 conveniat
546 1582 585 1633 (ci.
604 1585 615 1622 1
634 1583 658 1622 Io
675 1584 696 1630 3,
714 1584 739 1622 9:
761 1594 842 1623 semen
859 1583 920 1634 Dei),
940 1594 1008 1634 saepe

164 1645 272 1686 docetur:
290 1645 350 1685 Rom
364 1648 384 1692 8,
400 1647 492 1693 lle-24
508 1644 584 1693 (1114,
600 1647 665 1693 4-73
679 1646 732 1696 Eph
747 1648 766 1693 1,
780 1648 802 1694 53
817 1646 842 1686 lo
856 1648 875 1694 1,
891 1649 943 1695 12s3
958 1649 969 1686 1
983 1646 1009 1687 Io

161 1710 181 1756 3,
195 1711 231 1756 1s3
243 1707 282 1747 Tit
292 1709 312 1755 3,
326 1708 392 1755 5-73
404 1708 442 1748 Iac
454 1710 474 1756 1,
489 1709 522 1755 18;
536 1710 546 1747 1
559 1707 614 1748 Petr
627 1710 646 1756 1,
659 1709 687 1747 3s
701 1708 741 1759 (ci.
761 1709 830 1749 11115
842 1707 1005 1758 nats-429).

162 1771 264 1822 Adoptio
284 1770 364 1811 autem
383 1760 420 1811 est
442 1781 573 1821 «personae
596 1776 720 1810 extraneae
740 1771 844 1821 prataita
865 1772 895 1812 ad
915 1771 1007 1813 heredi-

161 1836 234 1877 tatem
251 1835 410 1885 assumpt-io».
429 1835 505 1876 Habet
522 1834 596 1884 igitur
613 1836 639 1875 in
656 1835 782 1891 conceptu:
805 1836 827 1886 a)
848 1836 1007 1887 participatio-

161 1910 216 1939 nem
236 1897 327 1938 iurium
346 1898 371 1939 et
391 1898 517 1946 bonorum,
540 1909 600 1948 quae
622 1898 677 1939 sunt
698 1898 795 1949 propria
815 1898 891 1949 patris
911 1900 935 1940 et
956 1899 1006 1940 iure

161 1963 259 2003 naturae
271 1961 388 2000 debeatur
399 1961 455 2000 sotis
466 1961 525 2011 siliis
537 1961 696 2009 naturatibus*
707 1987 738 1992 —
748 1962 772 2012 b)
787 1961 874 2002 iactam
887 1968 1004 2008 extraneo,

88 2016 90 2020 ’
162 2026 204 2076 qui
221 2037 249 2065 ea
265 2036 289 2064 se
305 2026 403 2065 auitam
417 2026 455 2064 ias
472 2025 503 2064 ad
520 2035 547 2063 ea
562 2024 626 2064 bona
641 2024 713 2064 habet
732 2025 763 2076 (n.
781 2024 841 2075 426).
859 2026 1007 2076 —Insuper

160 2087 276 2139 gratuitas
287 2098 396 2138 expresse
408 2086 527 2127 indicatur
540 2089 550 2126 1
564 2087 589 2126 lo
600 2089 620 2134 3,
635 2089 659 2126 1:
681 2090 785 2144 ποταπὴν
801 2089 892 2145 ἀγάπην
907 2112 939 2117 -
951 2099 1007 2138 qua-

159 2151 207 2192 lem
218 2150 349 2198 caritatem·
359 2151 398 2190 Iac
408 2153 427 2198 1,
438 2153 475 2190 18:
491 2148 616 2206 βουληθείς
626 2169 660 2203 3—
669 2150 810 2198 uoluntaria
823 2149 862 2190 Tit
872 2153 891 2199 3,
900 2154 925 2191 5:
943 2161 1006 2190 «non

160 2213 312 2264 exoperibus
326 2211 442 2253 iust'tiae.
454 2244 458 2252 .
469 2245 489 2261 .‚
504 2213 544 2253 sed
558 2213 689 2253 secundum
704 2224 773 2253 suam
786 2213 976 2254 misericordiam
984 2230 1003 2253 n.

159 2301 189 2307 —
201 2277 263 2317 Haec
275 2276 390 2326 gratuitas
403 2276 486 2327 nequit
497 2288 525 2317 ex
538 2275 587 2316 sola
599 2275 736 2317 condicione
748 2277 878 2327 peccatoris
892 2275 1002 2318 derivari.

159 2340 260 2392 Adoptio
276 2341 339 2381 enim
354 2352 403 2381 non
418 2341 493 2382 estin
508 2342 559 2389 hoc,
576 2340 669 2382 attilio
684 2340 784 2391 indigno
798 2340 946 2382 condonetur
961 2340 1004 2382 cri.

160 2418 215 2446 men
234 2405 387 2446 commissum
406 2406 429 2446 et
446 2406 602 2445 restituantur
621 2405 673 2445 iura
692 2405 740 2444 11111
760 2405 889 2456 deperdita,
911 2406 952 2447 sed
970 2406 1005 2446 est

159 2471 185 2510 in
203 2482 237 2518 eo,
258 2470 284 2510 ut
302 2470 355 2511 iura
374 2469 460 2510 11111111
477 2470 500 2510 ei
520 2470 679 2518 conferantur,
701 2470 743 2521 qui
761 2470 845 2510 eadem
863 2470 1005 2511 naturaiiter

159 2536 252 2586 eripere
268 2536 358 2585 aequit.
377 2535 429 2576 Erit
446 2536 528 2585 utique
546 2546 574 2575 eo
592 2535 668 2585 inagis
685 2533 796 2585 gratuita,
817 2545 865 2584 quo
883 2535 1004 2587 indignior
1039 2536 1040 2539 ’

158 2597 309 2650 adoptandus
325 2598 366 2638 est.
925 2590 933 2593 ”

226 2686 247 2725 2.
263 2683 415 2723 Hereditas
429 2682 510 2733 regni
526 2682 634 2723 docetur:
653 2683 714 2722 Rom
729 2686 749 2730 8,
767 2684 800 2731 17;
818 2682 861 2722 Gal
875 2685 896 2731 4,
912 2685 934 2732 ’ῖς
951 2684 1002 2734 Epir

156 2749 258 2795 1,1418;
272 2746 313 2786 Col
325 2748 388 2793 3,24;
401 2746 535 2795 Hebr9,15;
549 2748 559 2786 1
572 2746 680 2794 Petr1‚4
694 2746 733 2796 (ci.
747 2746 780 2786 th.
794 2748 856 2786 1511.
870 2747 1000 2798 tea-428).
1038 2784 1040 2788 ,

224 2887 231 2907 1
250 2886 314 2920 Nunc
328 2883 387 2919 sola
401 2884 654 2930 supernaturalitas
668 2884 749 2919 horum
764 2885 873 2920 donorum
887 2885 1003 2929 probanda

157 2933 195 2976 est,
211 2932 303 2968 realitas
318 2931 432 2977 physica
447 2932 567 2968 eorundem
581 2932 712 2978 probabitur
726 2933 756 2971 th.
774 2932 802 2968 13.
819 2954 844 2960 -
858 2932 890 2968 Cf.
907 2932 1002 2968 maxime

157 2982 227 3016 Palm.
244 2980 274 3016 th.
292 2979 316 3015 37
331 2980 351 3015 et
367 2979 525 3016 Rademaeher.
