2214 3350
244 149 320 185 Thesis
333 148 351 184 8.
365 149 485 195 Dispositio
498 149 595 196 positiva
608 148 629 184 et
642 146 748 192 negativa
885 145 920 182 111

69 267 124 297 rem
137 255 249 298 retractat
261 256 325 298 Retr.
342 261 361 306 1,
377 260 397 307 9,
413 261 427 298 2
443 258 472 309 (R
485 257 558 308 1968),
572 281 604 287 -
617 257 750 306 Prosper,
767 255 853 296 Contra
869 254 920 296 Gol-

69 319 172 359 -iatcrem
187 323 208 369 3,
224 323 238 360 8
254 320 308 372 (ML
322 323 357 369 45,
374 322 436 373 1805)
446 311 456 361 :⁴
470 320 541 361 Nullo
556 319 627 360 modo
643 317 874 360 101111111ε1101111111ε
889 317 920 359 ad

69 383 149 423 Deum
165 382 215 423 sine
230 383 279 423 Deo
293 394 317 423 se
332 382 408 434 potest
421 383 555 425 extendere.
570 407 603 416 -u
616 381 655 422 De
668 392 730 423 voc.
746 381 822 431 gent.
839 384 860 430 1,
877 383 915 422 18;

71 463 85 482 2«
94 445 213 486 Omnibus
224 457 280 496 ergo
291 445 431 492 hominibus
443 458 516 488 causa
527 444 696 497 percipiendae
708 444 797 496 gratiae
810 443 921 486 veluntas

69 510 116 550 JDei
133 508 175 558 est,
194 509 259 559 apud
277 520 350 559 quam
368 509 427 550 ratio
445 504 567 551 electioms
585 507 724 549 abscondite
741 506 803 548 est.»

69 638 127 678 218.
163 636 202 679 IV.
219 636 391 689 Theologoruin
405 608 513 678 veterum
527 635 662 678 doctrinam
677 633 707 674 de
721 631 874 684 dispositione
888 633 919 674 ad

69 700 175 751 ,gratiam
191 699 339 754 habitualem
355 700 428 752 paulo
442 700 523 740 fusius
538 709 671 750 proponere
690 696 792 745 iuvabit.

132 787 262 825 Alexander
269 787 326 833 flat,
334 791 355 826 S.
365 789 393 825 tb.
408 789 449 835 (ed.
458 787 618 835 venaticiam
629 797 648 832 q.
655 786 678 823 61
689 787 780 822 membr.
792 786 804 823 5
815 785 852 822 a.3
860 785 918 822 adt:

69 840 400 887 ι«Ν11111111101111ε1111111111111
413 841 437 888 [i.
452 850 468 880 e.
482 840 591 887 proxime]
606 849 629 875 se
642 839 759 885 disponere
772 839 802 874 ad
813 838 917 886 gratiam,

62 890 117 928 ‘nisi
127 894 187 929 Deus
198 893 271 938 ipsum
284 892 395 938 disponat;
408 893 447 929 sed
459 893 480 935 si
491 892 566 936 iaciat,
580 892 639 937 quod
650 892 675 927 in
688 900 711 927 se
724 890 762 934 est,
777 889 920 935 consequitur

70 945 190 990 dispositio
205 945 274 980 divini
290 942 424 987 edictorum
439 945 492 980 ibid.
509 945 599 980 membr.
617 943 629 980 6
644 954 664 981 a.
681 943 693 979 3
709 943 737 979 ad
753 942 920 979 1111111111-

70 997 150 1032 tantur
163 1005 177 1032 a
188 996 262 1041 gratia
273 996 363 1040 gratum
374 997 476 1038 iaciente,
490 997 616 1041 peccateres
629 1005 644 1031 a
655 996 730 1040 gratia
743 995 873 1040 disponente
885 993 920 1044 vel

69 1048 143 1092 :gratis
155 1048 214 1090 data,
227 1057 282 1093 quae
293 1048 318 1083 in
327 1048 480 1094 peccatoribus
490 1046 592 1084 fidelibus
603 1048 636 1083 est
646 1047 701 1083 fides
712 1046 821 1082 informis.
835 1058 846 1079 e
856 1046 920 1083 Simi-

72 1099 122 1134 liter
133 1100 158 1135 in
169 1099 295 1135 infidelibus
306 1100 339 1135 est
350 1100 400 1145 ipsa
411 1100 471 1135 recta
483 1100 548 1143 ratic,
561 1108 628 1144 quam
640 1098 727 1145 appello
739 1099 836 1143 gratiam
848 1098 919 1143 gratis
952 1131 954 1134 ,

69 1151 149 1195 datam
164 1161 204 1187 seu
219 1151 378 1197 disponentem,
395 1151 449 1196 quia
463 1151 513 1187 licet
528 1150 584 1187 insit
597 1150 739 1193 naturaiiter,
755 1151 831 1186 tamen
848 1150 920 1195 gratis

74 1203 140 1238 datur
158 1212 172 1238 a
189 1205 240 1246 Deo,
261 1204 281 1238 et
300 1203 368 1238 etiam
387 1203 446 1248 quod
463 1204 550 1239 moveat
561 1203 599 1239 >ad
616 1203 701 1238 bonum
720 1202 790 1247 gratis
809 1202 887 1237 datum
907 1211 921 1237 a

68 1256 121 1290 Dec.
132 1268 143 1287 n
156 1274 180 1280 -
187 1254 354 1298 Bonaventura,
361 1255 388 1291 in
398 1255 409 1290 2
421 1255 440 1289 d.
447 1254 470 1291 28
478 1265 496 1291 a.
503 1254 514 1290 2
521 1264 541 1300 q.
549 1255 570 1292 1:
585 1255 731 1291 «Tenendum
739 1254 771 1289 est
778 1252 854 1299 igitur,
863 1254 922 1299 quod

71 1306 167 1342 liberum
179 1306 302 1348 arbitrium,
316 1306 336 1342 si
347 1306 453 1342 excitetur
463 1315 502 1352 per
514 1306 605 1351 aliquod
616 1306 701 1342 donum
713 1305 818 1350 gratiae
830 1305 919 1350 gratis

70 1358 162 1400 datae,
178 1357 250 1403 potest
263 1359 292 1393 ad
306 1358 404 1402 gratiam
419 1359 507 1402 gratum
521 1358 641 1403 facientem
656 1367 679 1393 se
695 1357 720 1392 de
736 1366 833 1402 cooqruo
849 1353 920 1403 dispo-

73 1417 134 1451 1111·
143 1410 163 1445 si
174 1410 249 1445 autem
259 1410 321 1445 omni
330 1409 370 1446 tali
380 1419 473 1445 munere
484 1410 598 1454 contingat
608 1410 684 1456 ipsum
695 1410 791 1453 destitui,
803 1419 920 1455 nunquam

70 1461 146 1507 posset
160 1462 189 1497 ad
202 1461 275 1506 ipsam
290 1461 384 1507 disponi.
394 1475 404 1494 a
422 1473 432 1493 (i
441 1461 519 1497 Prima
532 1461 655 1508 dispositio,
672 1470 727 1506 quae
740 1460 765 1497 fit
780 1462 808 1497 ad
822 1463 920 1509 gratiam

71 1514 163 1558 gratum
176 1515 300 1556 facientem,
318 1514 351 1550 est
364 1513 475 1558 cogitatio,
491 1512 511 1549 et
526 1514 580 1559 baec
595 1513 687 1549 nonest
702 1514 784 1557 absque
799 1514 857 1549 donc
871 1522 931 1558 gra-¹¹

70 1566 116 1602 tiae
134 1566 205 1610 gratis
223 1566 315 1601 datae.»
334 1565 411 1601 Gratia
428 1566 517 1609 gratum
535 1565 620 1601 faciens
640 1577 650 1597 11
659 1566 692 1601 est
709 1565 762 1609 quid
780 1565 881 1601 divinum
899 1567 920 1601 et

69 1626 107 1652 res
125 1617 232 1653 exsistens
250 1626 320 1662 supra
336 1616 431 1652 liberum
449 1617 594 1658 arbitrium»,
614 1617 689 1661 gratia
706 1625 757 1652 vero
776 1617 847 1662 gratis
866 1617 919 1652 data

72 1669 166 1705 «tenet
184 1668 260 1714 quasi
277 1668 412 1704 medium»
433 1668 467 1713 (ci.
485 1677 506 1704 n.
525 1668 557 1714 51)
567 1669 581 1702 1.

69 1791 126 1832 219,
154 1788 251 1825 Thomas
276 1790 367 1825 iunior
387 1789 484 1826 admittit
503 1790 672 1836 dispositionem
691 1791 746 1826 sine'
758 1791 824 1828 dubio
845 1793 920 1836 positi-

71 1851 122 1877 111111
136 1843 165 1879 ad
178 1842 275 1887 gratiam
288 1841 427 1878 habitualem
441 1842 540 1887 absque
554 1842 646 1887 gratia
658 1842 779 1878 interna:
797 1842 877 1879 111211.
889 1843 920 1880 28

70 1903 92 1940 q.
112 1893 122 1930 1
140 1904 160 1933 a.
177 1894 201 1931 4:
221 1894 254 1930 Ad
271 1893 330 1929 hanc
347 1894 542 1940 praeparationem
559 1894 681 1939 requiritur
700 1894 776 1939 aliqua
788 1892 862 1931 vmotio
879 1896 920 1932 Det

71 1946 180 1981 moventis
196 1946 320 1981 humanam
335 1945 472 1981 voluntatem
487 1955 527 1991 per
543 1947 634 1981 modum
651 1947 774 1983 excitantis.
793 1948 842 1984 «Ut
860 1948 919 1984 enim

73 1997 281 2042 1118Ρ111111011111
296 1997 354 2043 (text.
369 1997 401 2043 80)
416 1997 546 2040 ostenditur,
560 1998 656 2034 mutatio
669 1998 791 2035 voluntatis
806 1999 862 2035 effici
875 2009 921 2035 non

70 2049 144 2094 potest
158 2049 206 2085 sine
220 2048 294 2097 aliquo
309 2050 409 2085 movente
424 2058 463 2095 per
476 2050 567 2084 modum
582 2050 706 2093 excitantis3
722 2059 786 2087 omne
801 2052 861 2087 enim
875 2061 920 2087 mc-

73 2101 121 2135 tum
138 2110 227 2136 neeesse
245 2101 277 2136 est
297 2101 324 2136 ab
343 2101 386 2136 aiio
405 2100 493 2137 moveri.
513 2102 558 2137 Nec
577 2102 661 2146 differt,
681 2102 788 2148 quidquid
808 2105 837 2140 sit
856 2103 918 2146 illud,

69 2154 130 2198 quod
142 2153 270 2190 huiusmodi
282 2153 414 2190 variationis
428 2153 565 2189 occasionem
576 2154 689 2199 praebeat,
705 2156 769 2200 quasi
781 2155 919 2192 voluntatem
931 2160 932 2163 ’

69 2205 195 2248 excitando,
214 2206 259 2241 sive
278 2205 308 2240 sit
325 2205 445 2240 admonitio
464 2204 560 2240 bominis
578 2205 613 2241 vel
632 2206 749 2250 oeqrttudo
769 2208 866 2253 corporis
885 2208 920 2244 vel

71 2256 159 2301 aliquid
180 2257 336 2292 huiusmodi.»
359 2258 414 2293 Cum
436 2256 490 2292 baec
513 2258 589 2293 onmia
605 2268 620 2293 a
636 2258 713 2294 divina
733 2259 874 2304 providentia
896 2260 921 2295 in

141 2385 149 2406 1
164 2385 195 2419 De
207 2384 228 2421 S.
242 2383 400 2419 Beneventum
415 2381 490 2427 (etiam
503 2383 530 2418 de
543 2382 668 2418 Aterondro
682 2383 731 2419 Hal.
746 2384 840 2429 aliisque
855 2384 920 2421 Scho-

69 2427 166 2474 lasticis)
181 2430 236 2465 bene
251 2429 299 2474 agit
312 2429 336 2464 F.
352 2428 435 2464 Mttzitu
450 2429 470 2465 S.
479 2429 506 2471 J.,
522 2430 563 2465 Dte
577 2430 648 2465 Lehre
663 2430 700 2465 des
715 2429 745 2465 hl.
762 2431 921 2466 Bonaventura

73 2483 116 2509 von
132 2475 171 2510 der
186 2476 346 2518 Verbereitung
369 2475 408 2510 auf
431 2474 465 2509 die
487 2474 586 2520 beiligm.
605 2475 682 2511 Gnade
706 2476 779 2522 (ZkTh
801 2477 826 2514 50
850 2476 918 2523 [1926]
956 2481 958 2484 ’

69 2519 143 2557 :at-72
160 2520 261 2563 aaa-2523
286 2521 312 2556 cf.
332 2521 398 2555 etiam
418 2520 546 2565 Scholastik
567 2521 576 2557 1
604 2521 671 2568 [1926]
697 2522 766 2567 619s).
791 2523 823 2558 Ex
847 2524 920 2559 mente

69 2565 173 2602 Doctoris
189 2566 303 2612 seraphici
318 2566 392 2611 gratia
406 2565 476 2610 gratis
492 2567 552 2611 data,
569 2577 626 2612 quae
641 2568 670 2603 ad
685 2568 781 2613 gratiam
796 2569 921 2605 iustifican-

69 2611 116 2646 tem
136 2612 245 2657 disponat,
264 2612 360 2658 pertinet
378 2612 407 2647 ad
424 2613 552 2649 naturalem
570 2614 726 2650 rectitudinem
744 2615 840 2651 naturae
859 2616 921 2651 inno-

68 2658 130 2692 centi
147 2659 249 2694 debitam.
267 2659 354 2694 Natura
368 2666 421 2693 vero
436 2658 501 2704 lapsa
518 2660 547 2695 ad
563 2660 682 2696 eliciendos
699 2661 761 2697 actus
778 2662 920 2707 dispositivos

68 2711 112 2746 pro
127 2712 169 2739 sua
185 2717 195 2737 ιι
203 2705 311 2740 curvitate
320 2717 330 2736 n
345 2703 438 2748 requirit
454 2705 570 2747 auxilium,
586 2707 645 2751 quod
655 2712 727 2742 ‘sensu
742 2708 815 2752 magis
830 2709 920 2754 proprio

69 2749 106 2783 est
126 2750 205 2793 gratia.
228 2750 375 2787 Probabiliter
396 2750 423 2786 S.·
438 2751 597 2788 Beneventura
618 2753 653 2788 bic
674 2753 769 2790 maxime
790 2755 873 2799 cogitat
894 2755 921 2791 de

72 2794 186 2845 habitibus
202 2796 335 2832 informibus
352 2806 366 2831 a
383 2796 427 2830 Deo
445 2796 597 2841 infundendis,
616 2799 706 2843 quando
723 2801 840 2845 respectivi
858 2802 921 2837 actus

36 2858 44 2867 ι
69 2839 215 2885 disponentes
230 2842 355 2877 eliciuntur.
372 2841 415 2877 Sed
429 2842 483 2877 baec
499 2844 574 2886 gratia
589 2845 660 2888 gratis
676 2845 729 2881 data
744 2855 768 2882 ex
784 2848 832 2882 eius
847 2849 921 2883 meme

69 2886 106 2920 est
119 2895 208 2930 sanans,
223 2896 268 2923 non
280 2888 345 2933 pleno
359 2896 426 2923 sensu
440 2887 535 2931 elevans,
550 2890 573 2925 id
586 2891 645 2935 quod
658 2890 729 2927 elucet
742 2902 767 2928 ex
778 2892 921 2938 Breottoquto

69 2938 92 2974 p.
110 2932 122 2967 5
137 2941 154 2968 1.
172 2932 184 2968 2
201 2934 240 2978 (ed.
259 2934 325 2976 Quar.
342 2934 360 2978 5,
377 2933 447 2978 raas).
