2214 3350
264 262 266 265 .
316 231 392 278 Thesis
406 230 435 267 26,
451 231 534 266 Verum
547 230 651 266 meritum
663 231 718 267 iusti
905 228 942 267 573

51 321 53 324 ⁸
93 338 228 394 infinitam,
242 338 279 379 est
291 339 319 378 de
333 339 410 389 ripere
424 337 528 378 institiae
542 336 688 388 candianum
699 338 750 379 rita
762 338 857 379 aeterna
869 337 941 390 atque

95 401 191 442 infinite
215 401 394 453 superabundat
415 410 489 450 supra
510 398 652 450 praemium,
677 403 742 450 quod
764 412 812 442 non
835 402 870 443 est
894 400 940 441 nisi

93 465 228 516 :seeundum
240 464 300 516 quid
313 463 438 504 infinitum
452 463 492 514 (oi.
506 465 525 504 P
539 464 571 505 IV
584 474 619 514 pr.
634 463 737 514 31-36).

141 550 142 553 ’
157 547 254 587 Tantum
265 551 333 592 abest,
345 549 370 585 ut
381 548 493 585 catholiea
504 549 531 585 de
543 548 622 585 merito
635 547 737 585 doctrina
749 550 853 585 meritis
867 550 941 587 Chri-

93 602 132 637 sti
156 603 278 647 quidquam
303 601 423 646 deroget,
441 601 466 636 ut
485 602 563 637 eadem
581 600 700 645 insigniter
719 600 828 644 exaltet,
848 612 873 638 eo
893 601 938 638 soil.

94 654 156 698 =quod
172 654 201 689 iis
218 652 296 689 tribuit
314 654 445 698 patestatem
464 652 565 688 elevandi
582 654 660 688 nostra
678 661 746 697 opera
764 653 793 688 ad
811 653 941 699 supernatu-

95 704 167 740 ralem
182 704 203 740 et
218 704 354 748 condignum
367 703 466 739 valorem
480 703 626 747 meritorium;
643 703 669 740 oi.
689 703 879 739 Tridentinum
895 714 911 740 s.
930 703 942 739 6

93 765 143 802 oap.
159 755 181 792 16
195 757 232 803 (Dr
245 755 316 802 809s);
329 765 345 792 s.
360 755 383 792 rt
394 765 441 802 cap.
456 755 467 792 8
481 757 519 802 (Dr
530 756 565 793 aba
577 756 631 802 tin),
644 776 668 782 -
680 756 736 791 Tota
747 755 817 801 igitur
829 756 942 800 condigni-

94 807 131 843 tas
150 816 242 854 operum
261 807 290 843 ad
306 807 432 853 praemium
447 807 617 853 supernaturale
637 808 771 852 exig-endum
796 818 825 843 ex
850 807 942 852 gratia

95 859 200 895 Christi
212 859 253 903 est;
266 869 292 896 en
303 860 363 895 nudo
374 859 444 895 libero
456 860 549 896 arbitrio
561 869 589 895 ne
603 860 731 905 construitur
746 860 835 905 quidem
847 859 942 895 babetur

96 920 167 955 neque
182 911 243 946 ullus
259 911 367 958 positivus
382 911 481 948 influxus
499 911 536 957 (th.
555 911 598 958 ts).
619 913 653 949 Sic
671 913 773 948 exnobis
789 921 867 948 sumus
884 911 942 947 servi

96 963 187 999 inutiles
213 963 250 1008 (Lo
269 963 298 1005 17,
317 963 355 1010 10),
381 964 496 1009 omnisque
515 964 618 1009 gloriatio
641 965 719 1000 nostra
744 963 833 1000 exclusa
851 965 885 1000 est
903 973 942 1010 per

95 1014 167 1059 legem
179 1014 231 1051 fidei
244 1015 308 1061 (Rom
320 1015 338 1057 3,
351 1015 382 1064 273
396 1016 422 1052 ei.
438 1016 448 1051 1
462 1016 533 1059 Cart,
547 1016 573 1062 7).
589 1016 666 1052 Gratia
677 1017 753 1052 autern
764 1015 855 1060 Christi,
870 1016 941 1060 indig-

96 1067 132 1102 nis
145 1075 237 1112 prorsus
251 1067 348 1111 gratuito
362 1067 450 1112 collata,
466 1069 499 1103 est
512 1068 537 1103 in
550 1069 613 1104 nobis
629 1077 724 1104 «semen
737 1069 777 1104 Dei
785 1082 795 1101 a
814 1068 832 1115 (1
847 1069 872 1104 Io
887 1068 904 1111 3,
920 1067 939 1112 9)

95 1118 118 1155 et
134 1119 203 1154 «tons
218 1128 289 1164 aquae
305 1119 406 1155 salientis
420 1120 444 1155 in
456 1120 527 1155 vitam
541 1121 673 1156 aeternam»
692 1121 724 1165 (Io
739 1121 757 1163 4,
774 1120 812 1167 14).

96 1232 151 1273 713.
187 1235 207 1273 4.
233 1233 367 1283 Suppositis
389 1233 469 1274 valore
491 1244 591 1284 operum
615 1233 791 1284 supernaturali
814 1235 837 1274 et
860 1235 942 1275 divina

84 1295 256 1345 'acceptatione
271 1295 318 1336 sire
332 1295 490 1346 promissione
505 1297 552 1336 iam
567 1296 696 1347 quaeritur,
713 1308 766 1346 quo
781 1295 867 1338 titulo
879 1296 942 1337 Deus

96 1358 206 1399 teneatur
219 1359 251 1399 ad
266 1358 454 1400 retribuendum.
474 1359 561 1400 Omnes
578 1360 660 1400 dieunt
674 1359 825 1400 collationem
841 1358 943 1410 praemii

98 1432 145 1461 non
156 1432 205 1462 esse
216 1432 276 1472 opus
286 1432 364 1462 merae
374 1423 494 1472 potentiae
504 1422 541 1463 rel
552 1423 682 1474 sapientiae
694 1421 796 1471 divinae,
809 1424 850 1463 sed
862 1432 944 1463 revera

68 1505 69 1508 =
95 1495 129 1524 ex
148 1484 248 1535 aliqua
266 1484 380 1525 iustitia
398 1485 533 1535 proaedere,
553 1497 583 1526 er
602 1484 692 1526 iustitia
711 1496 797 1536 nempe
816 1484 943 1535 partiou-

97 1546 152 1587 lari
165 1547 214 1588 sive
225 1558 255 1587 ex
267 1559 294 1588 eo
306 1547 418 1589 attributo
431 1549 481 1597 Dei,
497 1549 561 1599 quod
573 1559 653 1590 merae
666 1549 804 1590 liberalitati
816 1549 840 1589 et
852 1549 943 1589 miseri

96 1611 191 1650 cordiae
204 1611 293 1661 opponi
307 1610 371 1651 solet.
386 1637 418 1642 —
430 1612 455 1652 Si
470 1611 610 1662 Vazquez,
624 1611 743 1652 iustitiam
756 1612 884 1662 formalem
894 1612 942 1652 Dea

98 1673 224 1724 deaeaaas,
242 1673 321 1724 ipsum
336 1674 403 1715 dooet
417 1674 546 1716 retribuere
562 1686 590 1715 ex
604 1675 691 1716 virtute
705 1675 867 1726 praeteritam,
883 1686 943 1726 quae

96 1737 134 1778 est
149 1737 211 1778 inter
226 1738 305 1788 partes
321 1737 462 1789 potentiales
478 1737 589 1785 iustitiae,
608 1738 631 1778 et
645 1738 769 1779 accedente
786 1737 943 1787 promissione

37 1832 41 1841 ,
98 1799 170 1841 etiarn
189 1812 218 1841 ex
237 1801 359 1850 fidelitate,
378 1811 434 1842 sane
454 1800 600 1852 displicet,
621 1802 686 1851 quod
704 1802 877 1852 aratitadiaem
894 1801 943 1842 Deo

99 1863 233 1904 formaliter
249 1863 339 1912 tribuit,
359 1859 471 1913 quamvis
489 1863 582 1904 tontes
599 1863 644 1904 hoo
663 1874 797 1916 numquam
815 1864 904 1905 iaciant
921 1863 945 1904 et

98 1925 218 1977 gratitudo
234 1926 349 1967 rationem
374 1929 464 1977 accepti
490 1927 600 1977 beneficii
617 1928 666 1968 sive
684 1928 804 1967 coarmati
822 1927 944 1968 insinuare

97 1989 214 2038 rideatur,
228 1989 313 2030 deinde
325 1990 389 2040 quod
400 1990 517 2030 laetitiam
529 2001 576 2030 non
588 1990 640 2031 ruit
652 2001 702 2031 esse
713 1992 739 2031 in
751 1991 799 2032 Deo
812 1990 944 2030 seeundum

98 2050 225 2092 formalem
238 2063 306 2092 suam
319 2052 442 2100 rationem,
457 2052 512 2094 lieet
524 2053 568 2093 hoo
580 2053 723 2094 attributum
736 2053 761 2093 in
774 2052 882 2093 tontibus
893 2053 943 2093 tam

98 2115 235 2167 frequenter
248 2116 297 2156 Deo
311 2114 467 2156 adscribatur.
480 2142 511 2147 -—
525 2115 601 2163 Quare
616 2115 696 2166 potius
710 2126 765 2157 oum
780 2115 884 2157 Suarez
901 2116 944 2167 (De

99 2185 159 2230 arat.
172 2179 188 2219 l.
202 2179 402 2230 1211131113
415 2179 431 2219 t.
446 2182 457 2220 1
470 2179 532 2229 disp.
545 2181 566 2227 43
580 2179 666 2230 Opust.
680 2182 700 2229 6,
713 2180 747 2219 De
760 2179 850 2220 iustitia
864 2180 945 2238 [Vires

99 2242 115 2283 1.
135 2245 168 2288 11,
188 2243 287 2301 514511),
304 2242 393 2283 Maza.
414 2245 446 2295 (n.
467 2243 624 2294 trra-rtet),
645 2243 708 2284 Ber.
730 2243 762 2293 (n.
780 2244 901 2295 ate-983)
922 2241 946 2282 et

99 2305 153 2346 aliis
167 2306 282 2346 dicimus:
300 2307 322 2355 a)
339 2306 396 2347 Sine
410 2306 493 2347 divina
505 2306 662 2356 promissione
676 2305 800 2347 retributio
814 2307 863 2348 iarn
877 2305 946 2347 tieret

98 2382 128 2411 ex
146 2370 229 2421 aliqua
246 2369 361 2411 iustitia
378 2369 479 2421 legali,
499 2381 560 2420 quae
576 2368 707 2420 uuicuique
727 2368 817 2418 tribuit,
839 2371 902 2419 quod
923 2368 945 2409 ei

97 2433 207 2474 debitum
221 2433 244 2474 et
255 2432 461 2483 proportionatum
476 2433 511 2474 est
523 2433 555 2474 ad
567 2433 658 2473 bonum
673 2441 807 2480 eommune;
821 2443 878 2472 naut
893 2431 945 2472 red-

97 2498 154 2538 dere
169 2496 277 2548 praemia
291 2508 334 2547 pro
349 2495 442 2536 meritis
457 2497 492 2537 est
507 2496 579 2545 aetus,
596 2508 668 2547 quem
685 2496 775 2536 bonam
789 2507 915 2536 commane
931 2507 946 2536 a

99 2561 256 2613 gubernatore
276 2559 356 2611 erigit,
371 2560 432 2610 siout
451 2559 561 2611 infligere
581 2571 671 2612 poenas
683 2570 728 2610 pro
740 2559 803 2600 male
817 2559 893 2600 tactis.
914 2583 946 2590 —-
962 2582 964 2585 .

98 2626 124 2677 b)
132 2625 230 2667 Aooedit
241 2624 331 2667 iustitia
343 2624 544 2674 distributiva,
558 2624 675 2676 quatenus
686 2625 750 2664 Deus
759 2635 802 2675 pro
815 2624 945 2674 inaequali-

99 2689 145 2731 tate
156 2701 257 2740 operurn
268 2690 291 2730 et
300 2688 423 2740 dignitatis
434 2699 590 2739 personarum
597 2689 705 2740 praemia
711 2687 841 2735 distribuit,
850 2688 883 2729 ita
894 2687 944 2729 soil.

99 2755 127 2795 -ut
141 2754 204 2795 inter
221 2754 326 2794 diversos
341 2754 529 2794 remunerandos
546 2753 625 2794 debita
641 2752 762 2803 proportio
779 2753 882 2803 praemii
899 2763 945 2793 sera

98 2817 175 2859 vetur.
189 2842 221 2848 -
233 2824 254 2868 o)
270 2817 390 2865 Quatenus
403 2827 464 2866 opus
477 2816 549 2858 babet
558 2817 664 2857 valorem
677 2816 784 2865 praemio
800 2815 946 2866 candianum

98 2883 125 2936 et
136 2882 181 2922 sub
194 2881 351 2932 promissione
366 2880 449 2921 divina
463 2880 537 2921 dandi
551 2880 597 2921 tale
612 2879 747 2930 praemium
761 2890 805 2930 pro
819 2878 861 2919 tali
874 2890 945 2930 opere

100 2945 230 2997 peragitur,
243 2945 315 3002 etiam
328 2945 446 2996 quemdam
459 2943 562 2986 iustitiae
576 2942 797 2985 commutatirae
810 2942 870 2983 ratio
881 2943 946 2983 inve-

100 3010 173 3051 nitur.
190 3010 226 3050 De
240 3008 301 3050 iac-to
316 3009 380 3049 Deus
395 3009 533 3049 remunerat
548 3007 679 3049 seeundum
696 3014 832 3048 accuratam
847 3017 947 3058 operam
