2214 3350
173 146 251 182 rhesis
267 146 294 182 13.
310 146 389 183 Gratia
403 144 546 182 sanctificans
561 147 582 182 et
596 141 689 183 virtutes
704 145 841 191 theologicae
896 146 932 186 283

83 253 174 303 divina⁷
191 264 268 305 neque
283 254 309 294 in
326 255 374 296 sola
390 254 530 295 remissione
546 260 705 305 peccalorum,
724 255 765 295 sed
781 250 931 305 ponit'ali-

83 319 153 370 quid
168 319 196 359 in
211 320 316 360 anima.
332 319 432 360 Dilectio
446 319 544 370 quidem
560 318 665 359 hominis
679 320 850 370 praesupponit
864 320 930 361 boni-

82 384 156 425 tatem
168 384 202 424 rei
213 384 320 433 dilectae;
332 384 374 426 Dei
385 383 571 426 autemdilectio
583 385 665 426 causat
674 385 766 425 bonum
777 386 803 424 in
815 384 929 426 creatura.

83 449 148 489 Deus
169 449 302 489 creaturam
325 449 511 497 rationalem‚.si
528 448 662 500 specialiter
678 460 730 489 eam
748 448 834 500 diligit,
858 449 932 490 trahit

82 525 157 564 supra
177 514 341 555 condicionem
362 514 461 555 naturae
483 514 514 554 ad
536 513 743 564 participationem
766 514 842 554 divini
865 515 929 555 boni.

83 578 211 619 Hominem
221 579 323 629 gratiam
334 580 377 621 Dei
388 580 475 620 habere
487 579 608 631 significat
619 579 692 630 igitur
704 595 715 615 <t
722 578 839 631 quiddam
850 590 931 629 super-

82 644 192 694 naturale
208 643 234 683 in
250 643 346 685 nornine
362 657 376 684 a
391 645 440 685 Deo
456 644 626 696 proveniens».
652 644 733 685 Gratia
756 644 791 685 est
812 644 930 695 quaedam

82 708 126 748 iun
138 708 240 748 animae.
253 734 285 740 -
295 721 316 749 a.
330 712 355 750 2:
372 702 481 749 Habetur'
491 707 621 759 apparatus
633 707 727 750 animae
742 707 931 759 supernaturalis

82 774 312 822 correspondens
330 767 469 814 naturali.
490 774 553 815 Deus
572 773 598 813 in
617 774 700 814 ordine
720 773 848 814 naturali
869 784 930 813 crea-

83 837 150 878 turas
162 849 210 878 non
221 838 300 879 solum
310 839 389 880 moret
400 841 430 880 ad
442 838 521 887 actuss
529 839 571 880 sed
582 838 655 879 etiam
667 839 696 879 iis
708 838 809 890 larpilur
822 854 832 873 r
840 839 930 888 formas

82 908 107 942 cl
118 903 217 943 uirtutes
229 904 353 954 quasdam,
367 915 427 955 quae
441 904 497 944 sunt
508 904 627 955 principia
640 903 745 952 actuum,
759 904 786 945 ut
798 903 930 944 secundum

82 978 108 1013 se
122 969 186 1018 ipsas
199 968 344 1009 inclinentur
356 969 388 1009 ad
401 968 539 1021 huiusmodi
554 969 641 1017 motus;
656 969 679 1009 et
692 969 725 1009 sic
739 968 825 1017 motus,
841 967 931 1018 quibus

83 1043 98 1072 a
112 1033 163 1084 Deo
181 1033 315 1081 moventur,
340 1033 404 1073 fiunt
426 1033 541 1074 creaturis
565 1033 730 1074 connaturales
755 1034 778 1074 et
802 1033 928 1074 faciles...

83 1096 161 1138 Multo
174 1097 249 1148 igitur
260 1097 337 1148 magis
350 1097 409 1146 illist
420 1108 480 1148 quos
494 1099 573 1139 movet
586 1099 617 1139 ad
631 1098 824 1148 consequendum
837 1098 929 1139 bonum

52 1162 53 1168 ’
84 1162 306 1212 supernaturale
322 1162 453 1211 aeternum,
472 1162 580 1204 infundit
596 1162 689 1213 aliquas
706 1164 796 1214 formas
813 1174 855 1203 seu
873 1175 929 1214 qua-

83 1224 161 1265 litales
176 1225 376 1276 supernaturales,
394 1225 526 1275 secundum
541 1237 602 1275 quas
617 1224 720 1266 suaviter
736 1227 762 1280 et
774 1226 883 1277 prompte
900 1225 929 1266 ab

84 1280 135 1338 ipso
152 1286 351 1336 moveantur3...'
363 1288 436 1329 etsie
452 1288 543 1329 donum
560 1289 650 1339 gratiae
667 1288 794 1338 qualitas
811 1289 929 1339 quaedam

83 1351 124 1391 est.
135 1363 145 1383 r
162 1350 233 1392 Recte
249 1363 263 1391 a
278 1350 362 1391 Glossa
379 1351 516 1402 (ordinaria,
535 1351 647 1401 sequente
663 1344 833 1404 augustinum)
853 1352 929 1403 gratia

82 1413 180 1454 vocatur
199 1413 285 1454 «nitor.
298 1414 401 1463 animae*
420 1409 536 1454 sanctum:¹
547 1414 677 1455 concilians
690 1425 828 1455 amorem».
847 1440 879 1446 .-
897 1415 929 1455 De

83 1477 233 1517 habitibus
244 1480 265 1525 ¹1,
280 1481 294 1518 2
306 1489 329 1527 q,
340 1480 371 1518 te
378 1488 408 1517 ss.
421 1503 453 1509 -
465 1476 488 1528 qss
503 1480 529 1518 51
543 1482 564 1518 a.
578 1480 608 1525 42
622 1478 722 1519 Habitus
737 1478 930 1529 supernaturales

82 1540 206 1581 hominem
219 1540 279 1580 bene
294 1538 428 1590 disponunt
436 1541 468 1581 ad
481 1540 557 1593 tinem
568 1540 778 1591 ,supernaturalem
792 1542 815 1582 et
828 1538 929 1592 proinde

85 1613 228 1653 «nunquam
249 1604 349 1653 possunt
368 1599 460 1654 homini
481 1600 568 1654 inesse>
578 1604 625 1644 nisi
645 1616 684 1651 ex.
696 1595 816 1652 infusione
838 1604 927 1651 divina,

83 1666 145 1706 sicut
165 1666 251 1708 estcde
273 1666 385 1713 omnibus
406 1666 515 1717 gratuitis
538 1667 685 1707 virtutibus»
700 1667 817 1719 thabitus
838 1678 929 1719 perse

83 1731 176 1781 infusi).
191 1730 265 1770 Aliud
278 1730 336 1780 quid
350 1729 406 1770 sunt
418 1728 515 1770 habitus
527 1740 570 1780 per
584 1729 697 1770 accidens¹
706 1729 789 1770 inlusi.
802 1752 833 1759 —
847 1737 870 1780 q.
885 1728 924 1770 55⁴:

83 1793 182 1834 Virtus
194 1787 230 1839 est
241 1792 338 1833 habitus
352 1794 383 1845 (a.
398 1793 418 1844 1)
433 1791 569 1843 operativus
584 1792 614 1843 (a.
628 1794 649 1843 2)
665 1793 743 1833 bonus
758 1794 788 1844 (a.
802 1794 823 1844 3)
839 1795 863 1834 et
875 1805 928 1833 con-

82 1856 205 1897 venienter
219 1856 299 1896 verbis
314 1851 442 1905 Au'pustini
458 1851 574 1896 definitur
591 1857 621 1907 (a.
640 1857 670 1906 4).
687 1852 719 1886 4-
734 1867 756 1906 q.
773 1858 811 1896 62:
831 1855 866 1897 De
882 1855 928 1896 vir-

82 1919 175 1960 tutibus
190 1918 373 1969 theologicis.
390 1944 421 1949 -
437 1930 458 1958 a.
477 1922 506 1969 15,
523 1918 584 1959 Cum
601 1918 721 1969 principia
736 1918 835 1970 naturae
853 1918 928 1959 homi-

81 1993 138 2036 nem
154 1993 202 2022 non
218 1981 337 2035 ordinent
351 1981 398 2021 nisi
414 1982 445 2022 ad
462 1981 538 2026 tinem
555 1981 707 2033 naturalem„
723 1973 840 2032 ‹toportet
865 1983 928 2032 quod

81 2044 274 2095 superaddantur
288 2044 380 2085 homini
395 2044 512 2102 divinitus
526 2045 608 2102 aliqua
621 2044 748 2096 principia,
763 2055 806 2096 per
821 2057 882 2096 quae
896 2045 928 2084 ita

81 2108 205 2163 ordinetur
219 2109 250 2148 ad
265 2106 435 2149 caecitudinem
449 2106 663 2159 supernaturalem,
679 2108 741 2149 sicut
754 2119 796 2159 per
809 2108 928 2159 principia

82 2170 201 2214 naturalia
214 2169 339 2212 ordinatur
351 2171 382 2211 ad
394 2171 469 2211 tinem
482 2169 669 2225 connaturalem,
684 2182 733 2210 non
746 2172 825 2212 tamen
839 2171 928 2221 absque

82 2233 200 2274 adiutorio
225 2233 314 2282 dirino;
339 2233 362 2274 et
385 2230 666 2284 huiusmodi'principia
691 2233 792 2274 uirtutes
815 2234 929 2274 dicuntur

82 2296 272 2347 theologicae,
291 2297 343 2337 turn
360 2296 416 2346 quia
434 2296 523 2336 habent
539 2296 616 2337 Deum
634 2290 676 2345 pro
695 2296 793 2345 obiecto,
811 2297 837 2337 in
855 2309 928 2347 quan-

81 2359 133 2399 tum
149 2370 192 2409 per
207 2370 247 2399 eas
260 2359 324 2410 recte
339 2359 481 2399 ordinamur
496 2359 522 2405 in
538 2358 623 2407 Deum,
635 2360 693 2404 tum
710 2360 767 2410 quia
784 2372 797 2400 a
814 2361 863 2400 solo
880 2360 927 2400 Deo

82 2422 151 2463 nobis
178 2420 348 2470 intunduntur,
378 2421 429 2461 tum
457 2419 514 2472 quia
542 2422 593 2462 sola
621 2420 703 2462 diuina
732 2422 875 2463 revelatione
903 2423 928 2462 in

83 2486 106 2526 S.
120 2485 244 2536 Scriptura
254 2484 394 2525 huiusmodi
404 2483 505 2533 uirtutes
516 2484 671 2526 traduntur».
685 2511 716 2516 -
727 2497 747 2526 a.
761 2489 786 2526 2:
803 2484 928 2527 Obiectum

80 2549 169 2588 barum
182 2547 300 2588 virtutum
316 2548 351 2588 est
368 2543 435 2597 «lpse
451 2548 522 2596 Deus,
540 2549 581 2598 qui
598 2549 633 2588 est
647 2547 748 2593 ultimus
763 2559 845 2588 rerum
862 2548 926 2597 linis,

82 2610 153 2660 prout
174 2611 267 2651 nostrae
289 2609 388 2651 rationis
409 2610 569 2660 cognitionem
591 2611 709 2652 excedit».
731 2636 763 2642 -
784 2623 806 2662 q.
830 2613 869 2651 63:
894 2611 928 2652 De

80 2685 166 2714 causa
178 2673 303 2714 virtutum.
316 2698 348 2714 .—
360 2685 381 2713 a.
395 2674 419 2712 1:
437 2674 560 2722 Quaedam
572 2673 691 2714 inelroatio
703 2673 821 2715 virtutum
836 2674 928 2715 homini

82 2736 338 2777 naturaliter‘ines't.
354 2761 385 2766 -
399 2747 426 2780 a„
436 2739 461 2776 2:
480 2735 562 2781 Virtus
577 2736 687 2785 ordinata
701 2737 732 2777 ad
747 2737 847 2786 bonum,
864 2738 928 2788 quod

81 2799 235 2839 modificatur
253 2798 384 2839 secundum
408 2799 517 2849 regulam
541 2800 639 2839 rationis
658 2799 785 2849 burnanae,
806 2800 883 2850 potest
900 2812 928 2840 err

82 2860 178 2901 aeribus
192 2861 300 2902 hominis
314 2861 406 2902 causari
422 2860 457 2912 tv.
477 2862 642 2913 acquisital:
661 2863 701 2912 sed
720 2862 796 2907 uirtus
813 2863 928 2903 ordinans

81 2925 204 2965 hominem
222 2925 252 2964 ad
269 2925 368 2972 bonum,
387 2926 519 2976 secundum
537 2926 601 2975 quod
619 2924 773 2980 medificatur
791 2927 927 2977 per'lepern
