2214 3350
342 195 420 231 Thesis
432 194 462 231 23.
479 194 529 229 Alia
543 191 665 239 systemata
704 242 708 247 1
892 194 928 231 493
965 233 966 236 ¹

152 303 232 353 blSic
246 303 327 344 actus
340 301 443 343 orandi
457 302 495 342 vel
510 301 576 342 aliud
589 313 661 353 opus
675 302 772 352 tacite,
786 304 851 354 quod
864 314 927 354 gra-

81 366 151 407 tiam
170 365 369 417 sufficientem
386 375 434 404 non
452 364 530 405 solum
547 365 614 415 sequi
632 363 715 414 potest,
734 366 863 407 sedetiam
881 366 927 406 tre-

81 428 183 479 quenter
203 428 316 479 sequitur,
339 427 449 468 nullam
470 426 608 478 specialis
627 426 765 469 beneficii
786 428 926 470 rationem

83 491 181 532 haberet
193 502 249 542 prae
262 490 309 531 elia
321 490 399 542 gratia
411 489 546 539 sufficiente,
560 501 621 541 quae
634 501 664 530 ex
676 490 746 541 culpa
758 491 863 532 hominis
876 491 926 531 sine

80 554 171 595 effectu
184 553 282 594 salutari
296 554 384 594 manet.
398 554 461 594 Deus
474 554 539 595 enim
552 554 720 605 indifferenter
734 553 794 593 hanc
808 554 845 594 vel
859 554 926 594 illam

80 617 184 668 ,gratiam
197 616 268 667 elegit
279 616 302 657 et·
314 615 440 667 specialem
451 616 662 668 praedilectionem
675 627 723 657 non
736 615 805 657 aliter
816 616 926 663 ostendit,

83 691 156 731 quam
173 679 236 731 quod
252 679 341 730 gratias
357 678 497 720 sufficientes
519 690 632 720 mensura
652 679 774 731 inaequali
797 678 925 719 distribuit.

81 742 130 784 Sed
142 742 196 783 fieri
208 741 291 793 potest,
304 742 332 783 ut
341 742 443 794 gratiam
455 743 537 783 minus
547 741 654 783 validam
667 742 779 792 sequatur
791 752 926 790 consensus²

82 805 223 847 validiorem
241 817 295 846 vero
313 805 441 846 dissensus,
458 829 489 835 —
503 805 605 847 Econtra
622 805 718 847 tontes
733 806 830 846 omnino
849 805 927 856 postu-

80 869 131 910 lare
143 868 255 910 videntur
269 868 355 909 aliam
368 868 632 920 praedilectionem,
648 881 696 920 qua
710 869 774 909 Deus
787 867 855 909 alteri
871 878 927 918 prae

80 931 155 973 altero
170 932 250 983 ipsum
263 932 354 972 honum
368 931 447 972 actum
462 931 574 982 operetur
588 931 636 973 sive
651 932 731 973 donat.
747 931 829 983 Neam
845 931 927 972 distin-

80 1002 159 1047 puunt
173 996 249 1037 fontes
264 996 290 1036 in
303 996 348 1036 hac
363 1007 388 1036 re
404 995 465 1037 inter
479 1006 551 1046 opera
566 996 674 1046 faciliora
689 996 713 1037 et
728 995 874 1046 difficiliora,
891 994 924 1035 ut'

81 1060 131 1100 iam
150 1071 174 1099 n.
193 1062 233 1100 563
254 1059 399 1107 monuimus;
420 1059 495 1098 immo
515 1058 596 1099 contra
616 1057 819 1109 Semipelapianos
840 1057 926 1108 urgent

80 1122 155 1164 etiam
168 1122 246 1173 prima
259 1122 283 1162 et
296 1121 416 1162 levissima
430 1121 498 1161 initia
513 1120 589 1162 bonae
603 1120 739 1169 voluntatis,
754 1133 776 1161 v.
793 1133 815 1171 g.
831 1132 925 1161 merum

80 1185 228 1225 desideriam
247 1183 337 1232 salutis,
356 1184 380 1224 et
398 1194 507 1234 expresse
526 1183 598 1224 etiam
617 1184 810 1234 implorationem
831 1184 925 1224 divinae
969 1189 970 1192 ’

39 1256 41 1263 ’
80 1247 227 1294 clementiae,
243 1258 257 1287 a
270 1247 318 1287 Deo
333 1247 395 1287 dono
409 1246 461 1286 dari
475 1246 569 1293 debere;
583 1257 606 1285 v.
622 1246 830 1286 Arausicanum
845 1257 896 1287 can.
912 1247 925 1285 3

82 1311 123 1361 (ci.
139 1321 163 1349 n.
180 1309 239 1360 558).

143 1403 163 1440 S.
179 1402 350 1447 Augustinus
373 1403 393 1438 et
416 1402 606 1439 Tridentinurn
630 1413 647 1438 s.
667 1402 678 1439 6
701 1412 748 1448 cap.
769 1403 791 1439 11
818 1403 855 1448 (Dz
873 1401 924 1447 aot),

80 1458 171 1502 quando
187 1456 274 1493 dicunt:
293 1457 412 1492 «Deus...
429 1456 525 1492 iubendo
540 1457 615 1491 monet
630 1459 652 1492 et
667 1457 767 1498 iacere,
785 1457 853 1501 quod
868 1466 926 1502 pos-

62 1511 129 1553 tsis,
143 1511 168 1545 et
179 1510 280 1556 petere,
293 1510 363 1554 quod
375 1518 427 1545 non
438 1511 537 1555 possis
552 1510 574 1546 et
585 1509 684 1553 adiuvat,
698 1511 723 1546 ut
736 1510 834 1556 possis»,
850 1509 926 1545 distin-

80 1563 152 1608 guunt
167 1563 225 1598 inter
238 1563 324 1607 gratias
340 1562 439 1599 remote
456 1563 480 1598 et
495 1563 614 1609 proxime
632 1562 772 1607 sufficientem
789 1564 828 1600 sed
844 1572 926 1608 nequa-

79 1626 148 1661 quam
162 1616 239 1652 dicunt
258 1617 418 1662 petitionem
438 1617 502 1652 fieri
523 1617 582 1653 sine
602 1617 694 1662 gratia
714 1617 825 1652 efficaci
847 1616 926 1651 oratio-

79 1670 122 1706 nis.
144 1671 213 1716 Saepe
232 1671 252 1707 Ξ,
271 1670 411 1715 Augustinus
430 1669 525 1706 affirmat
542 1672 612 1706 Deum
631 1671 706 1717 ipsum
723 1670 801 1707 dehere
820 1672 881 1713 dare,
901 1671 926 1706 ut

79 1722 195 1757 invocetur
208 1731 222 1757 a
230 1721 303 1757 uobis.

150 1804 170 1854 c)
187 1803 362 1855 Consequenter
374 1804 445 1844 etiam
459 1805 608 1845 evanesceret
620 1804 681 1845 ratio
694 1803 830 1854 specialis
843 1806 925 1845 bene-

80 1866 146 1905 ficii
163 1866 189 1905 in
206 1866 351 1907 conterenda
368 1865 444 1916 gretia
462 1866 580 1908 efficaci
598 1868 629 1908 ed
648 1877 720 1917 opera
736 1866 938 1919 difficiliora..

80 1930 142 1971 Nam
158 1930 252 1981 patroni
275 1931 349 1970 huius
372 1930 505 1980 systematis
522 1929 630 1971 statuunt
650 1929 779 1971 motionem
803 1930 926 1982 moraliter

80 1993 337 2043 praedeterminantem
350 1993 380 2033 ad
393 1992 525 2034 difficiliora
537 1993 697 2043 infallibiliter
710 1994 762 2034 dari
775 1993 812 2042 iis,
826 1994 868 2043 qui
881 2004 924 2044 ope

80 2057 169 2107 gratiae
182 2055 317 2097 sufficientis
324 2056 459 2096 bencorent
469 2056 493 2097 et
503 2054 612 2096 faciliora
623 2054 701 2106 agant.
711 2055 749 2096 Sic
756 2055 832 2106 gratia
845 2056 926 2097 efficax

80 2118 111 2159 tit
123 2119 265 2170 pedissequa
281 2119 355 2159 honae
369 2118 504 2159 voluntatis.
519 2119 579 2160 Non
593 2120 668 2159 Deus
683 2118 823 2161 discernit
838 2118 881 2158 int
903 2120 924 2159 l-

80 2180 207 2222 lihiliter
226 2181 317 2233 (atqua
335 2181 445 2222 discretio
463 2181 545 2223 divina
563 2181 665 2223 hahetur
687 2194 715 2223 ee
740 2182 833 2223 diuersa
859 2184 925 2234 copia

81 2244 212 2293 gratiarum
230 2243 403 2293 sufficientium,
421 2256 482 2295 quae
498 2244 578 2297 tamen
594 2255 643 2286 non
660 2246 695 2286 est
712 2245 821 2286 discretio
838 2245 926 2286 inteili-

79 2306 155 2357 bilis),
177 2307 218 2348 sed
238 2307 309 2348 homo
325 2308 374 2358 ipse
396 2319 420 2349 se
441 2308 570 2349 discernit„
583 2332 615 2338 —
638 2309 752 2359 specialis
773 2308 925 2359 praedilectio

80 2370 208 2413 haberetur
227 2371 323 2412 nonnisi
345 2372 371 2411 in
393 2371 487 2412 casibus
509 2370 711 2420 extraordinariis,
735 2372 831 2423 quando
854 2372 924 2420 Deus,

79 2434 242 2485 coreptionem
265 2446 279 2475 a
302 2434 424 2475 communi
447 2434 529 2485 regula
552 2434 649 2482 iaciens,
673 2434 744 2475 etiam
767 2435 830 2474 male
856 2446 926 2474 traam

79 2497 164 2546 gratiis
182 2497 358 2545 communibus,
377 2509 399 2538 u.
421 2510 442 2548 g.
463 2498 573 2546 Sunium,
592 2496 669 2548 gratia
688 2495 774 2538 efficaci
793 2497 923 2549 praevenit.

151 2591 174 2642 d)
192 2592 272 2643 Neque
288 2591 358 2632 aliter
374 2602 397 2631 se
413 2592 512 2633 haberet
528 2603 566 2633 res
578 2591 657 2641 quoad
674 2591 778 2632 donum
794 2601 924 2641 perseve-

79 2653 191 2695 rantiae
207 2653 309 2694 finalis
325 2654 348 2694 et
363 2653 658 2704 praedestinationem
675 2652 813 2705 complete
832 2665 925 2704 sump-

79 2714 147 2755 tam.
166 2717 219 2757 Non
236 2718 307 2766 Dens,
327 2717 512 2758 detenninatum
530 2717 639 2758 ordinem
657 2716 789 2767 gratiarum
808 2717 885 2758 sciens
903 2718 926 2759 et

80 2778 162 2819 uolens
175 2775 291 2831 eligendo,
306 2780 401 2831 primus
412 2780 562 2830 discerneret,
579 2781 620 2831 qui
635 2780 694 2820 salvi
710 2779 793 2829 futuri,
809 2782 851 2831 qui
865 2781 925 2831 peri-

81 2841 128 2883 turi
140 2844 194 2885 sint.
209 2845 256 2885 Sed
266 2844 352 2895 potius
366 2844 492 2895 postauam
504 2843 592 2896 gratias
604 2842 745 2884 sufficientes
757 2845 805 2885 iam
819 2844 925 2884 absolute

82 2905 229 2955 decrevisset,
250 2918 292 2958 per
311 2906 433 2947 scientiam
452 2906 552 2947 visionis
570 2906 668 2947 tandem
687 2907 793 2955 disceret,
815 2919 875 2958 quos
894 2907 924 2947 ob

79 2966 171 3009 bonum
188 2981 260 3011 usum
277 2970 408 3020 gratiarum
427 2969 594 3010 sufficientium
610 2969 706 3010 deberet
723 2969 829 3020 amplius
844 2970 925 3010 iuvare
