2214 3350
183 179 228 236 212
326 179 383 216 sect.
403 182 444 216 HI:
461 181 507 216 Ari.
526 182 542 217 1.
561 182 592 217 De
610 189 715 226 processu
731 180 896 216 iustificationis

190 288 244 328 339.
281 287 324 329 111.
353 287 463 331 Patres1.
493 293 512 330 1.
540 288 664 329 Postulant
690 299 785 330 veram
813 288 1034 338 dispositionem

189 362 219 390 ex
234 351 301 400 parte
316 351 429 400 hominis,
447 351 585 402 praesertim
602 362 645 402 per
661 351 760 391 iidem.
778 346 927 403 Augustinus
947 351 1032 402 (Serm.

190 417 238 460 169,
255 419 288 464 11,
305 419 331 456 13
347 416 378 474 [R
393 417 478 475 1515]}:
500 416 562 465 «Qui
577 427 633 466 ergo
648 416 740 457 fecit-te
755 416 805 458 sine
820 417 849 465 11,
866 419 914 456 non
930 417 952 458 te
968 415 1034 457 iusti-

190 479 247 520 ficat
268 481 318 521 sine
338 481 368 522 te.
396 482 456 531 Ergo
484 480 539 521 iecit
565 480 716 530 nescientem,
745 479 860 521 iustificat
885 481 1031 522 volentem.»

191 545 333 594 Saepissime
346 545 404 586 dicit
415 545 490 585 iidem
501 546 630 595 impetrare
642 546 679 586 vel
692 545 772 595 aliquo
785 546 857 586 modo
868 548 956 586 mereri
968 545 1034 586 iusti-

188 609 334 658 ficationem,
352 622 375 650 v.
393 622 415 660 g.
433 611 468 649 De
485 610 542 660 spir.
562 616 584 650 et
602 610 646 651 litt.
664 613 699 659 29,
718 600 756 650 51:
778 610 919 652 Iustiiicatio
937 624 966 652 ex
983 612 1033 652 fide

190 672 338 722 impetratur.
358 674 392 721 32,
411 675 451 713 56:
475 672 601 714 caritatem
621 673 682 714 fides
700 673 752 725 ipsa
770 673 914 725 impetravit.
934 677 969 723 33,
989 675 1028 715 57:

190 737 277 785 Gratia,
293 748 365 787 quam
379 737 440 778 fides
453 737 571 787 impetrat.
585 764 617 768 —
629 738 704 789 Epist.
720 741 760 778 186
775 740 815 790 (od
828 738 966 791 Paulinum)
978 742 1003 787 3,
1018 741 1033 779 7

191 800 221 851 (R
232 799 293 850 1445)
303 813 307 840 ;
325 799 412 848 «Quod
422 800 524 851 gratiam
536 802 595 841 bene
607 801 722 851 operandi
734 801 794 842 iides
806 801 933 851 mereatur,
946 813 1033 853 negare

188 875 237 903 non
252 874 387 914 possumus,
404 863 478 904 immo
494 875 549 904 vero
565 863 699 914 gratissime
716 864 865 905 confitemur.
884 866 951 906 Hanc
967 865 1032 905 enim

181 926 263 967 viidem
279 925 392 967 volumus
409 926 519 976 habeant,
538 939 586 978 qua
604 925 732 978 impetrent
749 927 898 968 caritatem.»
916 954 948 960 -
965 930 986 977 3,
1005 930 1032 969 10

189 990 219 1041 (R
234 990 295 1041 1446)
306 1002 310 1028 z
338 1007 347 1026 «
356 990 388 1030 Ut
401 1001 494 1030 merear
508 989 709 1038 iustificationem,
727 990 801 1031 liabeo
818 990 906 1030 fidem.
917 1022 937 1031 ..
962 991 1032 1031 Fides

187 1052 299 1102 impetrat
308 1051 528 1101 iustificationem>›;
540 1053 581 1093 sed
591 1053 706 1103 quoniam
716 1053 777 1093 iidcs
788 1054 823 1094 est
832 1054 923 1093 donum
933 1053 1030 1105 gratiae,

143 1144 144 1147 ,
189 1115 259 1164 «ipsa
271 1115 347 1165 gratia
361 1115 466 1155 meretur
479 1115 560 1166 augeri
568 1132 587 1155 ».
602 1139 634 1143 —
646 1116 720 1166 Epist.
736 1118 777 1157 194
792 1117 832 1168 (od
844 1116 949 1169 sutum)
965 1119 986 1166 3,
1001 1119 1026 1156 9:

189 1195 199 1213 «
208 1178 254 1218 Sed
270 1189 312 1218 nec
328 1177 380 1228 ipsa
396 1178 504 1218 remissio
520 1177 669 1229 poeoniorum
687 1179 737 1219 sine
753 1179 833 1229 aliquo
849 1179 934 1221 merito
951 1179 992 1228 111,
1010 1180 1030 1220 11

109 1237 117 1264 3
187 1240 249 1280 fides
261 1241 322 1280 hanc
335 1240 453 1290 impetrat.
463 1258 473 1277 »
487 1266 518 1271 -—
528 1242 563 1281 De
575 1241 625 1292 jidc
638 1248 660 1281 et
671 1253 735 1292 oper.
749 1244 783 1291 21,
797 1245 824 1282 39
839 1243 892 1294 (ML
905 1246 940 1292 40,
953 1243 1002 1294 222)
1012 1244 1028 1282 ².

254 1333 274 1370 2.
291 1330 387 1370 Praeter
402 1330 477 1370 iidem
491 1329 564 1369 alios
578 1329 658 1369 actus
673 1327 778 1379 exigunt.
796 1328 925 1369 Clemens
941 1330 1028 1375 Rom,

187 1395 197 1431 1
216 1392 267 1433 Cor.
283 1396 318 1441 31,
334 1396 347 1433 2
366 1393 395 1443 (R
411 1393 458 1444 15):
478 1392 600 1433 Abraham
615 1391 754 1432 benedictus
770 1391 823 1440 fuit,
841 1389 1030 1442 quia'iustitiam

184 1457 209 1504 ,et
222 1457 345 1497 veritatem
359 1467 402 1506 per
414 1455 490 1496 iidem
504 1454 614 1506 operatus
628 1454 669 1495 est.
684 1480 716 1485 -
729 1453 858 1495 Clemens
871 1454 925 1503 Al,
941 1455 1029 1495 Srom.

185 1523 206 1568 2,
228 1523 247 1569 6,
267 1523 301 1568 31,
323 1522 334 1559 1
357 1520 386 1571 (R
405 1519 469 1570 419);
493 1518 563 1558 Fides
582 1517 808 1572 111ἡπρώτηπρὸς
823 1520 941 1572 σωτηρίαν
954 1524 1031 1567 νεῦσις

188 1582 338 1634 (inclinatio),
366 1581 436 1632 «post
460 1592 532 1631 quarn
556 1580 628 1620 timor
646 1581 669 1621 et
687 1590 740 1629 spes
764 1581 787 1621 11
810 1579 956 1631 poenitentia
973 1590 1029 1619 cum

186 1646 330 1688 continentia
348 1646 372 1686 et
390 1644 514 1687 tolerantia
532 1645 684 1696 proficientes
703 1656 745 1685 nos
764 1645 855 1685 ducunt
873 1645 904 1685 ad
922 1654 1029 1684 amorem

185 1710 208 1752 et
226 1711 411 1763 cognitionem».
430 1726 463 1741 —1
480 1712 500 1756 6,
520 1712 553 1759 14,
573 1712 621 1758 108,
640 1713 654 1750 4
674 1711 703 1761 (R
721 1709 784 1760 428):
809 1709 879 1749 «Non
898 1707 1030 1759 accipimus

184 1787 239 1817 eum
254 1775 396 1834 [Christum]
410 1774 488 1816 dicere
502 1773 641 1824 simpliciter
655 1785 694 1814 eos
708 1773 785 1814 salros
798 1773 899 1822 futuros,
916 1774 957 1824 qui
972 1785 1030 1824 quo-

177 1841 350 1891 modocunque
369 1839 520 1888 crediderint,
540 1839 587 1878 nisi
607 1850 678 1888 opera
697 1849 791 1889 quoque
810 1838 900 1879 fuerint
920 1838 1028 1878 secuta.»

179 1929 215 1946 ,—-
230 1903 377 1956 Origenes,
393 1904 421 1943 In
435 1904 462 1944 Io
477 1905 510 1952 19,
527 1906 561 1952 23,
578 1906 619 1944 152
637 1904 665 1955 (R
680 1903 744 1954 481);
764 1903 834 1943 Fides
849 1903 900 1943 sine
915 1902 1027 1953 operibus

184 1969 285 2010 mortua.
305 1995 337 1999 —
357 1966 511 2019 Gregorius
529 1968 620 2018 Nyss„
641 1967 669 2006 In
688 1967 757 2006 Ecclc
776 1968 840 2007 lium.
862 1970 874 2007 8
897 1969 926 2020 (R
947 1967 1023 2015 1024);

183 2032 264 2084 „oure
278 2033 326 2086 γὰρ
339 2034 354 2085 ἡ
367 2033 441 2082 πίστις
454 2032 526 2085 χωρὶς
538 2035 585 2072 τῶν
599 2031 676 2084 ἔργων
689 2035 729 2084 τῆς
743 2029 893 2083 δικαιοσύνης
906 2032 975 2084 ἱκανὴ
990 2044 1031 2071 πε»

183 2094 339 2151 ρισώσασθαι,
350 2105 393 2134 nec
407 2104 491 2134 rursus
504 2093 565 2134 vitae
581 2092 671 2133 iustitia
686 2104 728 2143 per
744 2103 767 2132 11
783 2093 814 2134 ad
829 2092 931 2133 salutem
946 2104 1028 2133 secura

183 2157 219 2198 est
237 2156 356 2197 disiuncta
377 2156 452 2197 lide.»
473 2182 505 2187 -
525 2156 754 2206 chrysostomus,
775 2157 804 2196 In
824 2156 849 2196 Io
870 2155 935 2196 hom.
957 2158 990 2205 31,
1014 2158 1025 2196 1

116 2235 117 2238 ¹
185 2223 215 2274 (R
226 2222 287 2273 1163)
297 2234 302 2262 ;
312 2223 474 2273 ,Nequaquam
486 2220 569 2262 sufficit
580 2220 674 2261 credere
686 2220 712 2260 in
723 2219 819 2269 Filium,
833 2221 860 2261 ut
870 2221 920 2261 vita
931 2220 1026 2261 aeterna

182 2286 305 2328 habeatur.
322 2285 429 2327 Christus
444 2296 514 2325 suum
527 2286 628 2326 verbum
643 2284 747 2325 declaret
761 2285 853 2326 dicens:
872 2286 925 2327 Non
939 2285 1026 2333 omnis,

182 2350 225 2401 qui
236 2349 293 2391 dicit
302 2350 363 2390 mihi
374 2350 482 2398 Domine,
494 2349 595 2390 Domine
606 2348 649 2389 etc.
662 2367 673 2387 a
681 2350 742 2390 Nam
753 2349 796 2390 etsi
807 2348 861 2401 quis
872 2350 934 2391 recte
946 2349 1026 2390 credat
1040 2387 1041 2390 ,

182 2414 208 2453 in
222 2414 316 2455 Patrem
330 2414 353 2454 et
368 2414 456 2454 Filium
470 2413 493 2454 11
508 2414 625 2464 Spiritum
640 2413 761 2461 Sanctum,
777 2415 798 2454 11
813 2420 873 2453 recte
888 2425 938 2454 non
952 2414 1023 2462 vivat,

182 2478 244 2518 nihil
261 2480 308 2529 ipsi
326 2479 388 2530 fides
406 2479 513 2529 proderit
531 2479 561 2519 od
580 2478 708 2518 salutem.»
733 2493 766 2518 -;
790 2479 969 2527 Ambrosius,
996 2480 1025 2519 In

181 2543 214 2583 Lc
230 2545 262 2592 10,
279 2546 324 2583 88s
341 2544 370 2595 (R
387 2543 463 2594 1310):
485 2543 587 2583 «Petrus
603 2543 680 2583 doluit
694 2542 718 2583 11
734 2542 813 2584 flevit.
824 2574 843 2582 ..
862 2544 941 2584 Bonae
957 2544 1024 2583 lacri-

181 2617 243 2655 mae,
262 2609 322 2657 quae
340 2606 422 2648 levant
440 2606 562 2657 culpem.»
582 2632 613 2637 -
632 2605 778 2659 Augustinus
798 2619 819 2647 a.
840 2609 880 2647 413
899 2608 1024 2659 proprium

242 2762 250 2784 ¹
262 2760 343 2798 Multos
358 2755 430 2797 teritus
445 2761 538 2797 Petrum
553 2760 653 2797 11111111
668 2771 694 2797 ex
708 2761 771 2807 parte
787 2760 876 2806 exponit
890 2761 908 2797 J.
925 2762 1019 2805 Hirri-ire,

180 2809 221 2844 art.
238 2808 387 2853 luctification
403 2808 478 2854 (DdTh
493 2807 511 2851 8,
527 2807 574 2844 2081
582 2808 620 2853 ss).

239 2870 248 2892 ²
265 2869 387 2915 Aliquoties
399 2870 423 2905 in
436 2869 545 2906 eiusmodi
557 2869 659 2913 textibus,
675 2870 732 2906 sicut
746 2869 813 2905 etiam
827 2870 851 2904 iu
865 2870 1025 2916 scriptumest

183 2926 254 3000 serinto
269 2918 295 2952 de
310 2918 453 2960 augmento
468 2916 639 2959 iustificationis
656 2917 715 2962 quod
728 2916 784 2953 fides
797 2918 859 2953 viva
874 2919 900 2954 de
916 2918 1028 2962 condigno

180 2973 240 3000 mere
250 2974 283 3002 ur.
