<?xml version="1.0" encoding="UTF-8"?>
<!DOCTYPE html PUBLIC "-//W3C//DTD XHTML 1.0 Transitional//EN"
    "http://www.w3.org/TR/xhtml1/DTD/xhtml1-transitional.dtd">
<html xmlns="http://www.w3.org/1999/xhtml" xml:lang="en" lang="en">
 <head>
  <title>
</title>
<meta http-equiv="Content-Type" content="text/html;charset=utf-8" />
  <meta name='ocr-system' content='tesseract 3.04.00' />
  <meta name='ocr-capabilities' content='ocr_page ocr_carea ocr_par ocr_line ocrx_word'/>
</head>
<body>
  <div class='ocr_page' id='page_1' title='image "./MN41637ucmf_2_0608.png"; bbox 0 0 2214 3350; ppageno 0'>
   <div class='ocr_carea' id='block_1_1' title="bbox 182 184 809 249">
    <p class='ocr_par' dir='ltr' id='par_1_1' title="bbox 182 184 809 249">
     <span class='ocr_line' id='line_1_1' title="bbox 182 184 809 249; baseline -0.005 0"><span class='ocrx_word' id='word_1_1' title='bbox 182 211 218 249; x_wconf 76' lang='lat' dir='ltr'>stt</span> <span class='ocrx_word' id='word_1_2' title='bbox 430 184 432 188; x_wconf 21' lang='grc' dir='ltr'>ι</span> <span class='ocrx_word' id='word_1_3' title='bbox 480 191 534 247; x_wconf 69' lang='lat' dir='ltr'>sect}</span> <span class='ocrx_word' id='word_1_4' title='bbox 548 211 596 248; x_wconf 87' lang='lat' dir='ltr'>VII.</span> <span class='ocrx_word' id='word_1_5' title='bbox 608 213 640 248; x_wconf 88' lang='lat' dir='ltr'>De</span> <span class='ocrx_word' id='word_1_6' title='bbox 652 209 731 247; x_wconf 86' lang='lat' dir='ltr'>merito</span> <span class='ocrx_word' id='word_1_7' title='bbox 806 241 809 246; x_wconf 80' lang='grc'>,</span> 
     </span>
    </p>
   </div>
   <div class='ocr_carea' id='block_1_2' title="bbox 181 309 1030 433">
    <p class='ocr_par' dir='ltr' id='par_1_2' title="bbox 181 309 1030 433">
     <span class='ocr_line' id='line_1_2' title="bbox 181 309 1030 370; baseline -0.001 -12"><span class='ocrx_word' id='word_1_8' title='bbox 181 331 327 368; x_wconf 80' lang='lat' dir='ltr'>mensuram,</span> <span class='ocrx_word' id='word_1_9' title='bbox 339 319 355 361; x_wconf 87' lang='lat' dir='ltr'>i.</span> <span class='ocrx_word' id='word_1_10' title='bbox 370 309 492 370; x_wconf 74' lang='lat' dir='ltr'>equanto</span> <span class='ocrx_word' id='word_1_11' title='bbox 504 319 603 361; x_wconf 87' lang='lat' dir='ltr'>maioris</span> <span class='ocrx_word' id='word_1_12' title='bbox 614 330 686 368; x_wconf 83' lang='lat' dir='ltr'>opera</span> <span class='ocrx_word' id='word_1_13' title='bbox 696 318 754 359; x_wconf 69' lang='lat' dir='ltr'>⁴sunt</span> <span class='ocrx_word' id='word_1_14' title='bbox 765 317 861 366; x_wconf 84' lang='lat' dir='ltr'>valoris,</span> <span class='ocrx_word' id='word_1_15' title='bbox 873 317 937 358; x_wconf 86' lang='lat' dir='ltr'>tanto</span> <span class='ocrx_word' id='word_1_16' title='bbox 950 317 1030 358; x_wconf 84' lang='lat' dir='ltr'>maius</span> 
     </span>
     <span class='ocr_line' id='line_1_3' title="bbox 181 370 1028 433; baseline -0.004 -10"><span class='ocrx_word' id='word_1_17' title='bbox 181 370 245 423; x_wconf 87' lang='lat' dir='ltr'>Deus</span> <span class='ocrx_word' id='word_1_18' title='bbox 261 381 353 423; x_wconf 81' lang='lat' dir='ltr'>confert</span> <span class='ocrx_word' id='word_1_19' title='bbox 369 383 512 433; x_wconf 88' lang='lat' dir='ltr'>praemium.</span> <span class='ocrx_word' id='word_1_20' title='bbox 531 383 609 432; x_wconf 81' lang='lat' dir='ltr'>Atque</span> <span class='ocrx_word' id='word_1_21' title='bbox 625 382 670 422; x_wconf 83' lang='lat' dir='ltr'>hac</span> <span class='ocrx_word' id='word_1_22' title='bbox 689 381 714 421; x_wconf 87' lang='lat' dir='ltr'>in</span> <span class='ocrx_word' id='word_1_23' title='bbox 732 391 756 421; x_wconf 90' lang='lat' dir='ltr'>re</span> <span class='ocrx_word' id='word_1_24' title='bbox 775 391 824 421; x_wconf 88' lang='lat' dir='ltr'>non</span> <span class='ocrx_word' id='word_1_25' title='bbox 841 380 918 421; x_wconf 84' lang='lat' dir='ltr'>solum</span> <span class='ocrx_word' id='word_1_26' title='bbox 936 380 1028 421; x_wconf 84' lang='lat' dir='ltr'>bonum</span> 
     </span>
    </p>
   </div>
   <div class='ocr_carea' id='block_1_3' title="bbox 181 441 1094 494">
    <p class='ocr_par' dir='ltr' id='par_1_3' title="bbox 181 441 1094 494">
     <span class='ocr_line' id='line_1_4' title="bbox 181 441 1094 494; baseline -0.004 -8"><span class='ocrx_word' id='word_1_27' title='bbox 181 456 315 493; x_wconf 87' lang='lat' dir='ltr'>commune,</span> <span class='ocrx_word' id='word_1_28' title='bbox 335 445 377 486; x_wconf 83' lang='lat' dir='ltr'>sed</span> <span class='ocrx_word' id='word_1_29' title='bbox 396 445 495 486; x_wconf 88' lang='lat' dir='ltr'>omnino</span> <span class='ocrx_word' id='word_1_30' title='bbox 516 446 588 486; x_wconf 89' lang='lat' dir='ltr'>etiam</span> <span class='ocrx_word' id='word_1_31' title='bbox 616 445 706 484; x_wconf 77' lang='lat' dir='ltr'>bonam</span> <span class='ocrx_word' id='word_1_32' title='bbox 729 444 851 494; x_wconf 80' lang='lat' dir='ltr'>privatam</span> <span class='ocrx_word' id='word_1_33' title='bbox 879 441 1028 493; x_wconf 85' lang='lat' dir='ltr'>singulorum</span> <span class='ocrx_word' id='word_1_34' title='bbox 1092 441 1094 443; x_wconf 76' lang='grc'>’</span> 
     </span>
    </p>
   </div>
   <div class='ocr_carea' id='block_1_4' title="bbox 179 505 1060 1124">
    <p class='ocr_par' dir='ltr' id='par_1_4' title="bbox 179 505 1060 1124">
     <span class='ocr_line' id='line_1_5' title="bbox 180 505 1029 561; baseline -0.002 -13"><span class='ocrx_word' id='word_1_35' title='bbox 180 507 320 557; x_wconf 87' lang='lat' dir='ltr'>intenditur,</span> <span class='ocrx_word' id='word_1_36' title='bbox 334 509 409 559; x_wconf 85' lang='lat' dir='ltr'>prout</span> <span class='ocrx_word' id='word_1_37' title='bbox 421 517 488 549; x_wconf 86' lang='lat' dir='ltr'>secus</span> <span class='ocrx_word' id='word_1_38' title='bbox 500 508 526 548; x_wconf 89' lang='lat' dir='ltr'>in</span> <span class='ocrx_word' id='word_1_39' title='bbox 540 506 631 548; x_wconf 89' lang='lat' dir='ltr'>iustitia</span> <span class='ocrx_word' id='word_1_40' title='bbox 644 505 814 561; x_wconf 84' lang='lat' dir='ltr'>commutativa</span> <span class='ocrx_word' id='word_1_41' title='bbox 827 506 901 547; x_wconf 87' lang='lat' dir='ltr'>moris</span> <span class='ocrx_word' id='word_1_42' title='bbox 914 506 957 547; x_wconf 88' lang='lat' dir='ltr'>est.</span> <span class='ocrx_word' id='word_1_43' title='bbox 971 506 1029 546; x_wconf 89' lang='lat' dir='ltr'>Pro-</span> 
     </span>
     <span class='ocr_line' id='line_1_6' title="bbox 180 569 1028 623; baseline -0.004 -12"><span class='ocrx_word' id='word_1_44' title='bbox 180 570 262 612; x_wconf 89' lang='lat' dir='ltr'>missio</span> <span class='ocrx_word' id='word_1_45' title='bbox 275 571 374 612; x_wconf 84' lang='lat' dir='ltr'>tandem</span> <span class='ocrx_word' id='word_1_46' title='bbox 386 572 487 623; x_wconf 86' lang='lat' dir='ltr'>praemii</span> <span class='ocrx_word' id='word_1_47' title='bbox 500 570 562 611; x_wconf 81' lang='lat' dir='ltr'>tecta</span> <span class='ocrx_word' id='word_1_48' title='bbox 575 569 610 611; x_wconf 90' lang='lat' dir='ltr'>est</span> <span class='ocrx_word' id='word_1_49' title='bbox 621 571 666 610; x_wconf 79' lang='lat' dir='ltr'>sab</span> <span class='ocrx_word' id='word_1_50' title='bbox 682 569 819 610; x_wconf 82' lang='lat' dir='ltr'>condicione</span> <span class='ocrx_word' id='word_1_51' title='bbox 833 581 940 618; x_wconf 65' lang='lat' dir='ltr'>onerosa</span> <span class='ocrx_word' id='word_1_52' title='bbox 954 580 1028 620; x_wconf 86' lang='lat' dir='ltr'>quare</span> 
     </span>
     <span class='ocr_line' id='line_1_7' title="bbox 180 630 1028 686; baseline -0.005 -11"><span class='ocrx_word' id='word_1_53' title='bbox 180 634 316 685; x_wconf 72' lang='lat' dir='ltr'>aequivalet</span> <span class='ocrx_word' id='word_1_54' title='bbox 330 634 411 686; x_wconf 86' lang='lat' dir='ltr'>pacto:</span> <span class='ocrx_word' id='word_1_55' title='bbox 433 651 442 670; x_wconf 68' lang='lat' dir='ltr'>a</span> <span class='ocrx_word' id='word_1_56' title='bbox 450 633 524 682; x_wconf 86' lang='lat' dir='ltr'>Dabo,</span> <span class='ocrx_word' id='word_1_57' title='bbox 541 633 561 673; x_wconf 85' lang='lat' dir='ltr'>si</span> <span class='ocrx_word' id='word_1_58' title='bbox 577 632 669 673; x_wconf 78' lang='lat' dir='ltr'>feceris.</span> <span class='ocrx_word' id='word_1_59' title='bbox 678 650 689 669; x_wconf 83' lang='lat'>»</span> <span class='ocrx_word' id='word_1_60' title='bbox 707 631 764 673; x_wconf 79' lang='lat' dir='ltr'>Tale</span> <span class='ocrx_word' id='word_1_61' title='bbox 778 632 877 683; x_wconf 88' lang='lat' dir='ltr'>pactum</span> <span class='ocrx_word' id='word_1_62' title='bbox 891 643 922 673; x_wconf 82' lang='lat' dir='ltr'>ex</span> <span class='ocrx_word' id='word_1_63' title='bbox 936 630 1028 672; x_wconf 87' lang='lat' dir='ltr'>iustitia</span> 
     </span>
     <span class='ocr_line' id='line_1_8' title="bbox 180 695 1027 746; baseline -0.005 -8"><span class='ocrx_word' id='word_1_64' title='bbox 180 697 351 738; x_wconf 84' lang='lat' dir='ltr'>commutativa</span> <span class='ocrx_word' id='word_1_65' title='bbox 364 696 507 737; x_wconf 83' lang='lat' dir='ltr'>servandum</span> <span class='ocrx_word' id='word_1_66' title='bbox 520 696 562 737; x_wconf 89' lang='lat' dir='ltr'>est.</span> <span class='ocrx_word' id='word_1_67' title='bbox 577 696 639 745; x_wconf 81' lang='lat' dir='ltr'>Ergo</span> <span class='ocrx_word' id='word_1_68' title='bbox 651 705 753 746; x_wconf 86' lang='lat' dir='ltr'>operans</span> <span class='ocrx_word' id='word_1_69' title='bbox 766 695 869 745; x_wconf 83' lang='lat' dir='ltr'>acquirit</span> <span class='ocrx_word' id='word_1_70' title='bbox 881 696 918 735; x_wconf 78' lang='lat' dir='ltr'>ias</span> <span class='ocrx_word' id='word_1_71' title='bbox 930 695 1027 746; x_wconf 81' lang='lat' dir='ltr'>proprie</span> 
     </span>
     <span class='ocr_line' id='line_1_9' title="bbox 181 749 1060 811; baseline -0.001 -11"><span class='ocrx_word' id='word_1_72' title='bbox 181 761 273 801; x_wconf 80' lang='lat' dir='ltr'>dictura</span> <span class='ocrx_word' id='word_1_73' title='bbox 288 749 316 800; x_wconf 87' lang='lat' dir='ltr'>in</span> <span class='ocrx_word' id='word_1_74' title='bbox 329 759 471 811; x_wconf 86' lang='lat' dir='ltr'>praemium,</span> <span class='ocrx_word' id='word_1_75' title='bbox 489 758 555 808; x_wconf 82' lang='lat' dir='ltr'>quod</span> <span class='ocrx_word' id='word_1_76' title='bbox 571 758 621 799; x_wconf 87' lang='lat' dir='ltr'>sine</span> <span class='ocrx_word' id='word_1_77' title='bbox 638 757 741 799; x_wconf 86' lang='lat' dir='ltr'>laesione</span> <span class='ocrx_word' id='word_1_78' title='bbox 759 757 865 799; x_wconf 85' lang='lat' dir='ltr'>iustitiae</span> <span class='ocrx_word' id='word_1_79' title='bbox 879 756 1028 800; x_wconf 70' lang='lat' dir='ltr'>commutati·r</span> <span class='ocrx_word' id='word_1_80' title='bbox 1058 785 1060 789; x_wconf 68' lang='lat'>,</span> 
     </span>
     <span class='ocr_line' id='line_1_10' title="bbox 179 820 1027 873; baseline -0.006 -9"><span class='ocrx_word' id='word_1_81' title='bbox 179 835 224 864; x_wconf 77' lang='lat' dir='ltr'>tae</span> <span class='ocrx_word' id='word_1_82' title='bbox 237 823 258 863; x_wconf 87' lang='lat' dir='ltr'>ei</span> <span class='ocrx_word' id='word_1_83' title='bbox 272 822 384 873; x_wconf 78' lang='lat' dir='ltr'>denegari</span> <span class='ocrx_word' id='word_1_84' title='bbox 397 833 445 862; x_wconf 90' lang='lat' dir='ltr'>non</span> <span class='ocrx_word' id='word_1_85' title='bbox 459 821 558 872; x_wconf 85' lang='lat' dir='ltr'>potest³.</span> <span class='ocrx_word' id='word_1_86' title='bbox 570 847 602 852; x_wconf 83' lang='lat'>—</span> <span class='ocrx_word' id='word_1_87' title='bbox 614 822 638 872; x_wconf 85' lang='lat' dir='ltr'>d)</span> <span class='ocrx_word' id='word_1_88' title='bbox 655 820 744 862; x_wconf 80' lang='lat' dir='ltr'><strong>Omnes</strong></span> <span class='ocrx_word' id='word_1_89' title='bbox 757 821 890 862; x_wconf 87' lang='lat' dir='ltr'>concedunt</span> <span class='ocrx_word' id='word_1_90' title='bbox 903 821 1027 871; x_wconf 83' lang='lat' dir='ltr'>rigorem</span> 
     </span>
     <span class='ocr_line' id='line_1_11' title="bbox 179 880 1028 935; baseline -0.004 -9"><span class='ocrx_word' id='word_1_91' title='bbox 179 885 310 926; x_wconf 87' lang='lat' dir='ltr'>institiae</span> <span class='ocrx_word' id='word_1_92' title='bbox 322 883 451 935; x_wconf 74' lang='lat' dir='ltr'>multiplici</span> <span class='ocrx_word' id='word_1_93' title='bbox 464 895 493 924; x_wconf 76' lang='lat' dir='ltr'>ex</span> <span class='ocrx_word' id='word_1_94' title='bbox 503 884 580 932; x_wconf 83' lang='lat' dir='ltr'>capite</span> <span class='ocrx_word' id='word_1_95' title='bbox 594 883 704 924; x_wconf 86' lang='lat' dir='ltr'>deesse:</span> <span class='ocrx_word' id='word_1_96' title='bbox 724 880 748 935; x_wconf 82' lang='lat' dir='ltr'>a)</span> <span class='ocrx_word' id='word_1_97' title='bbox 764 884 829 925; x_wconf 88' lang='lat' dir='ltr'>Deus</span> <span class='ocrx_word' id='word_1_98' title='bbox 841 884 904 925; x_wconf 83' lang='lat' dir='ltr'>nibil</span> <span class='ocrx_word' id='word_1_99' title='bbox 917 883 1028 934; x_wconf 72' lang='lat' dir='ltr'>utilitatis</span> 
     </span>
     <span class='ocr_line' id='line_1_12' title="bbox 179 946 1027 999; baseline -0.002 -11"><span class='ocrx_word' id='word_1_100' title='bbox 179 959 209 988; x_wconf 85' lang='lat' dir='ltr'>ex</span> <span class='ocrx_word' id='word_1_101' title='bbox 223 948 310 990; x_wconf 89' lang='lat' dir='ltr'>nostris</span> <span class='ocrx_word' id='word_1_102' title='bbox 324 946 436 997; x_wconf 75' lang='lat' dir='ltr'>operibus</span> <span class='ocrx_word' id='word_1_103' title='bbox 451 947 559 998; x_wconf 81' lang='lat' dir='ltr'>percipit.</span> <span class='ocrx_word' id='word_1_104' title='bbox 575 973 607 978; x_wconf 78' lang='lat'>-</span> <span class='ocrx_word' id='word_1_105' title='bbox 629 947 651 999; x_wconf 81' lang='grc' dir='ltr'>β)</span> <span class='ocrx_word' id='word_1_106' title='bbox 669 946 783 987; x_wconf 82' lang='lat' dir='ltr'>Homines</span> <span class='ocrx_word' id='word_1_107' title='bbox 796 947 844 987; x_wconf 86' lang='lat' dir='ltr'>Deo</span> <span class='ocrx_word' id='word_1_108' title='bbox 860 958 909 987; x_wconf 81' lang='lat' dir='ltr'>nori</span> <span class='ocrx_word' id='word_1_109' title='bbox 923 948 1027 997; x_wconf 76' lang='lat' dir='ltr'><em>perfecte</em></span> 
     </span>
     <span class='ocr_line' id='line_1_13' title="bbox 179 1009 1027 1060; baseline -0.002 -10"><span class='ocrx_word' id='word_1_110' title='bbox 179 1011 209 1051; x_wconf 84' lang='lat' dir='ltr'>de</span> <span class='ocrx_word' id='word_1_111' title='bbox 226 1022 268 1050; x_wconf 83' lang='lat' dir='ltr'>sao</span> <span class='ocrx_word' id='word_1_112' title='bbox 285 1010 351 1059; x_wconf 63' lang='lat' dir='ltr'>daut</span> <span class='ocrx_word' id='word_1_113' title='bbox 369 1021 426 1051; x_wconf 84' lang='lat' dir='ltr'>nam</span> <span class='ocrx_word' id='word_1_114' title='bbox 442 1010 470 1051; x_wconf 88' lang='lat' dir='ltr'>ut</span> <span class='ocrx_word' id='word_1_115' title='bbox 485 1010 572 1050; x_wconf 84' lang='lat' dir='ltr'>mereri</span> <span class='ocrx_word' id='word_1_116' title='bbox 590 1009 689 1060; x_wconf 84' lang='lat' dir='ltr'>possint,</span> <span class='ocrx_word' id='word_1_117' title='bbox 706 1009 783 1050; x_wconf 84' lang='lat' dir='ltr'>multa</span> <span class='ocrx_word' id='word_1_118' title='bbox 799 1009 1027 1060; x_wconf 86' lang='lat' dir='ltr'>praesupponuntur</span> 
     </span>
     <span class='ocr_line' id='line_1_14' title="bbox 179 1071 1027 1124; baseline -0.002 -11"><span class='ocrx_word' id='word_1_119' title='bbox 179 1073 253 1124; x_wconf 86' lang='lat' dir='ltr'>gratis</span> <span class='ocrx_word' id='word_1_120' title='bbox 265 1085 279 1113; x_wconf 90' lang='lat' dir='ltr'>a</span> <span class='ocrx_word' id='word_1_121' title='bbox 291 1073 339 1114; x_wconf 91' lang='lat' dir='ltr'>Deo</span> <span class='ocrx_word' id='word_1_122' title='bbox 352 1072 419 1114; x_wconf 82' lang='lat' dir='ltr'>data:</span> <span class='ocrx_word' id='word_1_123' title='bbox 436 1072 580 1120; x_wconf 68' lang='lat' dir='ltr'>exsistentia,</span> <span class='ocrx_word' id='word_1_124' title='bbox 591 1072 697 1121; x_wconf 81' lang='lat' dir='ltr'>libertas,</span> <span class='ocrx_word' id='word_1_125' title='bbox 711 1083 848 1121; x_wconf 72' lang='lat' dir='ltr'><strong>concursus,</strong></span> <span class='ocrx_word' id='word_1_126' title='bbox 862 1072 948 1113; x_wconf 85' lang='lat' dir='ltr'>merita</span> <span class='ocrx_word' id='word_1_127' title='bbox 960 1071 1027 1113; x_wconf 83' lang='lat' dir='ltr'>Chri-</span> 
     </span>
    </p>
   </div>
   <div class='ocr_carea' id='block_1_5' title="bbox 101 1133 1026 1185">
    <p class='ocr_par' dir='ltr' id='par_1_5' title="bbox 101 1133 1026 1185">
     <span class='ocr_line' id='line_1_15' title="bbox 101 1133 1026 1185; baseline -0.002 -8"><span class='ocrx_word' id='word_1_128' title='bbox 101 1137 102 1140; x_wconf 73' lang='grc'>’</span> <span class='ocrx_word' id='word_1_129' title='bbox 179 1136 216 1184; x_wconf 83' lang='lat' dir='ltr'>sti,</span> <span class='ocrx_word' id='word_1_130' title='bbox 235 1135 381 1184; x_wconf 80' lang='lat' dir='ltr'>laetificatio,</span> <span class='ocrx_word' id='word_1_131' title='bbox 405 1135 481 1185; x_wconf 80' lang='lat' dir='ltr'>gratia</span> <span class='ocrx_word' id='word_1_132' title='bbox 503 1133 667 1184; x_wconf 83' lang='lat' dir='ltr'>praeveniens</span> <span class='ocrx_word' id='word_1_133' title='bbox 693 1134 731 1176; x_wconf 86' lang='lat' dir='ltr'>Sic</span> <span class='ocrx_word' id='word_1_134' title='bbox 752 1135 818 1175; x_wconf 89' lang='lat' dir='ltr'>Deus</span> <span class='ocrx_word' id='word_1_135' title='bbox 840 1146 923 1176; x_wconf 85' lang='lat' dir='ltr'>revera</span> <span class='ocrx_word' id='word_1_136' title='bbox 939 1147 983 1176; x_wconf 88' lang='lat' dir='ltr'>sua</span> <span class='ocrx_word' id='word_1_137' title='bbox 999 1135 1026 1175; x_wconf 90' lang='lat' dir='ltr'>in</span> 
     </span>
    </p>
   </div>
   <div class='ocr_carea' id='block_1_6' title="bbox 176 1196 1086 1866">
    <p class='ocr_par' dir='ltr' id='par_1_6' title="bbox 176 1196 1086 1866">
     <span class='ocr_line' id='line_1_16' title="bbox 178 1196 1027 1252; baseline -0.001 -13"><span class='ocrx_word' id='word_1_138' title='bbox 178 1200 248 1240; x_wconf 88' lang='lat' dir='ltr'>nobis</span> <span class='ocrx_word' id='word_1_139' title='bbox 259 1200 322 1240; x_wconf 84' lang='lat' dir='ltr'>dona</span> <span class='ocrx_word' id='word_1_140' title='bbox 335 1198 438 1239; x_wconf 86' lang='lat' dir='ltr'>coronat.</span> <span class='ocrx_word' id='word_1_141' title='bbox 451 1221 482 1228; x_wconf 84' lang='lat'>-</span> <span class='ocrx_word' id='word_1_142' title='bbox 494 1197 518 1252; x_wconf 78' lang='grc' dir='ltr'>γ)</span> <span class='ocrx_word' id='word_1_143' title='bbox 534 1196 611 1248; x_wconf 84' lang='lat' dir='ltr'>Opera</span> <span class='ocrx_word' id='word_1_144' title='bbox 623 1198 671 1239; x_wconf 89' lang='lat' dir='ltr'>Deo</span> <span class='ocrx_word' id='word_1_145' title='bbox 683 1198 732 1238; x_wconf 84' lang='lat' dir='ltr'>iarn</span> <span class='ocrx_word' id='word_1_146' title='bbox 745 1209 773 1239; x_wconf 76' lang='lat' dir='ltr'>ea</span> <span class='ocrx_word' id='word_1_147' title='bbox 786 1199 840 1239; x_wconf 79' lang='lat' dir='ltr'>aliis</span> <span class='ocrx_word' id='word_1_148' title='bbox 854 1199 927 1239; x_wconf 81' lang='lat' dir='ltr'>titulis</span> <span class='ocrx_word' id='word_1_149' title='bbox 941 1199 1027 1239; x_wconf 83' lang='lat' dir='ltr'>deben-</span> 
     </span>
     <span class='ocr_line' id='line_1_17' title="bbox 179 1259 1025 1312; baseline -0.002 -10"><span class='ocrx_word' id='word_1_150' title='bbox 179 1268 226 1302; x_wconf 82' lang='lat' dir='ltr'>tur.</span> <span class='ocrx_word' id='word_1_151' title='bbox 241 1262 305 1302; x_wconf 89' lang='lat' dir='ltr'>Deus</span> <span class='ocrx_word' id='word_1_152' title='bbox 320 1273 368 1312; x_wconf 85' lang='lat' dir='ltr'>qua</span> <span class='ocrx_word' id='word_1_153' title='bbox 383 1272 493 1301; x_wconf 86' lang='lat' dir='ltr'>summus</span> <span class='ocrx_word' id='word_1_154' title='bbox 508 1260 622 1301; x_wconf 88' lang='lat' dir='ltr'>dominus</span> <span class='ocrx_word' id='word_1_155' title='bbox 636 1259 756 1310; x_wconf 84' lang='lat' dir='ltr'>postulare</span> <span class='ocrx_word' id='word_1_156' title='bbox 771 1261 858 1312; x_wconf 84' lang='lat' dir='ltr'>posset,</span> <span class='ocrx_word' id='word_1_157' title='bbox 875 1262 902 1303; x_wconf 87' lang='lat' dir='ltr'>ut</span> <span class='ocrx_word' id='word_1_158' title='bbox 916 1261 966 1302; x_wconf 87' lang='lat' dir='ltr'>sine</span> <span class='ocrx_word' id='word_1_159' title='bbox 983 1260 1025 1302; x_wconf 86' lang='lat' dir='ltr'>tali</span> 
     </span>
     <span class='ocr_line' id='line_1_18' title="bbox 177 1317 1086 1375; baseline 0 -11"><span class='ocrx_word' id='word_1_160' title='bbox 177 1317 284 1375; x_wconf 85' lang='lat' dir='ltr'>praemio</span> <span class='ocrx_word' id='word_1_161' title='bbox 302 1324 350 1375; x_wconf 88' lang='lat' dir='ltr'>ipsi</span> <span class='ocrx_word' id='word_1_162' title='bbox 367 1324 518 1365; x_wconf 79' lang='lat' dir='ltr'>serviremus.</span> <span class='ocrx_word' id='word_1_163' title='bbox 536 1349 568 1358; x_wconf 35' lang='grc' dir='ltr'><strong>ἡ</strong></span> <span class='ocrx_word' id='word_1_164' title='bbox 590 1322 612 1373; x_wconf 83' lang='grc' dir='ltr'>ὁ)</span> <span class='ocrx_word' id='word_1_165' title='bbox 631 1323 703 1363; x_wconf 78' lang='lat' dir='ltr'>Deest</span> <span class='ocrx_word' id='word_1_166' title='bbox 720 1325 851 1375; x_wconf 77' lang='lat' dir='ltr'>aequalitas</span> <span class='ocrx_word' id='word_1_167' title='bbox 869 1324 1025 1365; x_wconf 79' lang='lat' dir='ltr'>arithmetica.</span> <span class='ocrx_word' id='word_1_168' title='bbox 1084 1333 1086 1336; x_wconf 77' lang='grc'>’</span> 
     </span>
     <span class='ocr_line' id='line_1_19' title="bbox 179 1386 1026 1438; baseline 0 -11"><span class='ocrx_word' id='word_1_169' title='bbox 179 1387 317 1428; x_wconf 76' lang='lat' dir='ltr'>Praemium</span> <span class='ocrx_word' id='word_1_170' title='bbox 333 1387 376 1428; x_wconf 89' lang='lat' dir='ltr'>Dei</span> <span class='ocrx_word' id='word_1_171' title='bbox 393 1387 555 1428; x_wconf 77' lang='lat' dir='ltr'>liberalissimi</span> <span class='ocrx_word' id='word_1_172' title='bbox 570 1388 707 1429; x_wconf 86' lang='lat' dir='ltr'>absolutum</span> <span class='ocrx_word' id='word_1_173' title='bbox 724 1398 824 1438; x_wconf 90' lang='lat' dir='ltr'>operum</span> <span class='ocrx_word' id='word_1_174' title='bbox 840 1386 945 1428; x_wconf 81' lang='lat' dir='ltr'>valorem</span> <span class='ocrx_word' id='word_1_175' title='bbox 960 1398 1026 1427; x_wconf 81' lang='lat' dir='ltr'>exce-</span> 
     </span>
     <span class='ocr_line' id='line_1_20' title="bbox 179 1448 1059 1500; baseline 0 -10"><span class='ocrx_word' id='word_1_176' title='bbox 179 1449 221 1490; x_wconf 90' lang='lat' dir='ltr'>dit.</span> <span class='ocrx_word' id='word_1_177' title='bbox 237 1473 268 1479; x_wconf 85' lang='lat'>—-</span> <span class='ocrx_word' id='word_1_178' title='bbox 283 1451 318 1490; x_wconf 78' lang='lat' dir='ltr'>Ex</span> <span class='ocrx_word' id='word_1_179' title='bbox 333 1448 404 1491; x_wconf 82' lang='lat' dir='ltr'>dietis</span> <span class='ocrx_word' id='word_1_180' title='bbox 418 1451 517 1500; x_wconf 84' lang='lat' dir='ltr'>apparet</span> <span class='ocrx_word' id='word_1_181' title='bbox 531 1451 656 1500; x_wconf 79' lang='lat' dir='ltr'>rationein,</span> <span class='ocrx_word' id='word_1_182' title='bbox 674 1449 805 1491; x_wconf 90' lang='lat' dir='ltr'>dummodo</span> <span class='ocrx_word' id='word_1_183' title='bbox 821 1449 906 1490; x_wconf 89' lang='lat' dir='ltr'>titulus</span> <span class='ocrx_word' id='word_1_184' title='bbox 921 1448 1025 1490; x_wconf 85' lang='lat' dir='ltr'>iustitiae</span> <span class='ocrx_word' id='word_1_185' title='bbox 1058 1449 1059 1452; x_wconf 74' lang='grc'>’</span> 
     </span>
     <span class='ocr_line' id='line_1_21' title="bbox 178 1507 1025 1564; baseline 0.001 -12"><span class='ocrx_word' id='word_1_186' title='bbox 178 1512 244 1553; x_wconf 85' lang='lat' dir='ltr'>caute</span> <span class='ocrx_word' id='word_1_187' title='bbox 267 1512 401 1562; x_wconf 75' lang='lat' dir='ltr'>explicetur</span> <span class='ocrx_word' id='word_1_188' title='bbox 421 1507 444 1553; x_wconf 85' lang='lat' dir='ltr'>et</span> <span class='ocrx_word' id='word_1_189' title='bbox 466 1523 550 1552; x_wconf 86' lang='lat' dir='ltr'>omnes</span> <span class='ocrx_word' id='word_1_190' title='bbox 573 1512 765 1563; x_wconf 75' lang='lat' dir='ltr'>imperfectiones</span> <span class='ocrx_word' id='word_1_191' title='bbox 789 1512 916 1564; x_wconf 84' lang='lat' dir='ltr'>diligenter</span> <span class='ocrx_word' id='word_1_192' title='bbox 938 1526 952 1554; x_wconf 90' lang='lat' dir='ltr'>a</span> <span class='ocrx_word' id='word_1_193' title='bbox 975 1513 1025 1554; x_wconf 90' lang='lat' dir='ltr'>Deo</span> 
     </span>
     <span class='ocr_line' id='line_1_22' title="bbox 178 1575 1025 1626; baseline 0.001 -11"><span class='ocrx_word' id='word_1_194' title='bbox 178 1575 310 1623; x_wconf 84' lang='lat' dir='ltr'>arceantur,</span> <span class='ocrx_word' id='word_1_195' title='bbox 325 1575 387 1615; x_wconf 90' lang='lat' dir='ltr'>nihil</span> <span class='ocrx_word' id='word_1_196' title='bbox 401 1575 483 1615; x_wconf 82' lang='lat' dir='ltr'>contre</span> <span class='ocrx_word' id='word_1_197' title='bbox 495 1575 560 1616; x_wconf 80' lang='lat' dir='ltr'>himo</span> <span class='ocrx_word' id='word_1_198' title='bbox 574 1575 672 1617; x_wconf 86' lang='lat' dir='ltr'>titulum</span> <span class='ocrx_word' id='word_1_199' title='bbox 686 1586 754 1626; x_wconf 87' lang='lat' dir='ltr'>posse</span> <span class='ocrx_word' id='word_1_200' title='bbox 768 1586 874 1626; x_wconf 71' lang='lat' dir='ltr'>arguere,</span> <span class='ocrx_word' id='word_1_201' title='bbox 891 1576 931 1617; x_wconf 88' lang='lat' dir='ltr'>sed</span> <span class='ocrx_word' id='word_1_202' title='bbox 945 1575 1025 1626; x_wconf 85' lang='lat' dir='ltr'>potius</span> 
     </span>
     <span class='ocr_line' id='line_1_23' title="bbox 177 1637 1024 1690; baseline 0.002 -13"><span class='ocrx_word' id='word_1_203' title='bbox 177 1649 233 1678; x_wconf 88' lang='lat' dir='ltr'>eum</span> <span class='ocrx_word' id='word_1_204' title='bbox 248 1637 354 1678; x_wconf 87' lang='lat' dir='ltr'>suadere.</span> <span class='ocrx_word' id='word_1_205' title='bbox 370 1638 429 1678; x_wconf 87' lang='lat' dir='ltr'>Hinc</span> <span class='ocrx_word' id='word_1_206' title='bbox 445 1637 558 1679; x_wconf 82' lang='lat' dir='ltr'>standum</span> <span class='ocrx_word' id='word_1_207' title='bbox 572 1638 608 1679; x_wconf 88' lang='lat' dir='ltr'>est</span> <span class='ocrx_word' id='word_1_208' title='bbox 620 1638 761 1690; x_wconf 79' lang='lat' dir='ltr'>proprietati</span> <span class='ocrx_word' id='word_1_209' title='bbox 775 1639 903 1680; x_wconf 75' lang='lat' dir='ltr'>verboram</span> <span class='ocrx_word' id='word_1_210' title='bbox 918 1639 1024 1690; x_wconf 78' lang='lat' dir='ltr'>Scripta-</span> 
     </span>
     <span class='ocr_line' id='line_1_24' title="bbox 177 1700 1025 1753; baseline 0.004 -13"><span class='ocrx_word' id='word_1_211' title='bbox 177 1711 224 1749; x_wconf 84' lang='lat' dir='ltr'>rae,</span> <span class='ocrx_word' id='word_1_212' title='bbox 238 1700 346 1749; x_wconf 76' lang='lat' dir='ltr'>Patriam,</span> <span class='ocrx_word' id='word_1_213' title='bbox 361 1700 501 1750; x_wconf 81' lang='lat' dir='ltr'>Tridentini,</span> <span class='ocrx_word' id='word_1_214' title='bbox 514 1701 602 1752; x_wconf 84' lang='lat' dir='ltr'>quibus</span> <span class='ocrx_word' id='word_1_215' title='bbox 614 1701 727 1742; x_wconf 87' lang='lat' dir='ltr'>meritum</span> <span class='ocrx_word' id='word_1_216' title='bbox 740 1702 769 1742; x_wconf 90' lang='lat' dir='ltr'>de</span> <span class='ocrx_word' id='word_1_217' title='bbox 782 1702 899 1753; x_wconf 82' lang='lat' dir='ltr'>condigno</span> <span class='ocrx_word' id='word_1_218' title='bbox 913 1714 941 1743; x_wconf 93' lang='lat' dir='ltr'>eo</span> <span class='ocrx_word' id='word_1_219' title='bbox 952 1703 1025 1743; x_wconf 87' lang='lat' dir='ltr'>modo</span> 
     </span>
     <span class='ocr_line' id='line_1_25' title="bbox 178 1762 1024 1815; baseline 0.001 -12"><span class='ocrx_word' id='word_1_220' title='bbox 178 1762 328 1813; x_wconf 85' lang='lat' dir='ltr'>exprimitur,</span> <span class='ocrx_word' id='word_1_221' title='bbox 351 1762 379 1803; x_wconf 90' lang='lat' dir='ltr'>ut</span> <span class='ocrx_word' id='word_1_222' title='bbox 399 1774 483 1803; x_wconf 79' lang='lat' dir='ltr'>aerum</span> <span class='ocrx_word' id='word_1_223' title='bbox 505 1775 531 1803; x_wconf 82' lang='lat' dir='ltr'>ac</span> <span class='ocrx_word' id='word_1_224' title='bbox 553 1765 663 1804; x_wconf 79' lang='lat' dir='ltr'>strictum</span> <span class='ocrx_word' id='word_1_225' title='bbox 684 1765 721 1804; x_wconf 80' lang='lat' dir='ltr'>ias</span> <span class='ocrx_word' id='word_1_226' title='bbox 743 1765 774 1805; x_wconf 82' lang='lat' dir='ltr'>ad</span> <span class='ocrx_word' id='word_1_227' title='bbox 794 1766 931 1815; x_wconf 80' lang='lat' dir='ltr'>praemium</span> <span class='ocrx_word' id='word_1_228' title='bbox 951 1765 1024 1806; x_wconf 85' lang='lat' dir='ltr'>asseri</span> 
     </span>
     <span class='ocr_line' id='line_1_26' title="bbox 176 1825 573 1866; baseline -0.003 0"><span class='ocrx_word' id='word_1_229' title='bbox 176 1825 293 1866; x_wconf 85' lang='lat' dir='ltr'>videatur.</span> <span class='ocrx_word' id='word_1_230' title='bbox 569 1826 573 1830; x_wconf 78' lang='grc'><strong>’</strong></span> 
     </span>
    </p>
   </div>
   <div class='ocr_carea' id='block_1_7' title="bbox 177 1953 727 2000">
    <p class='ocr_par' dir='ltr' id='par_1_7' title="bbox 177 1953 727 2000">
     <span class='ocr_line' id='line_1_27' title="bbox 177 1953 727 2000; baseline 0.005 -6"><span class='ocrx_word' id='word_1_231' title='bbox 177 1953 230 1994; x_wconf 82' lang='grc'><strong>714.</strong></span> <span class='ocrx_word' id='word_1_232' title='bbox 255 1954 408 1999; x_wconf 79' lang='lat' dir='ltr'>Sclrollum</span> <span class='ocrx_word' id='word_1_233' title='bbox 424 1957 444 2000; x_wconf 94' lang='lat'>1.</span> <span class='ocrx_word' id='word_1_234' title='bbox 476 1955 512 1997; x_wconf 88' lang='lat' dir='ltr'>De</span> <span class='ocrx_word' id='word_1_235' title='bbox 527 1955 627 1998; x_wconf 84' lang='lat' dir='ltr'>obiectis</span> <span class='ocrx_word' id='word_1_236' title='bbox 642 1955 727 1997; x_wconf 86' lang='lat' dir='ltr'>meriti.</span> 
     </span>
    </p>
   </div>
   <div class='ocr_carea' id='block_1_8' title="bbox 177 2051 1021 2140">
    <p class='ocr_par' dir='ltr' id='par_1_8' title="bbox 177 2051 1021 2140">
     <span class='ocr_line' id='line_1_28' title="bbox 177 2051 1021 2140; baseline 0.004 -53"><span class='ocrx_word' id='word_1_237' title='bbox 177 2101 224 2138; x_wconf 62' lang='lat'>1028</span> <span class='ocrx_word' id='word_1_238' title='bbox 236 2052 303 2140; x_wconf 45' lang='lat' dir='ltr'>{otger</span> <span class='ocrx_word' id='word_1_239' title='bbox 327 2051 403 2088; x_wconf 76' lang='lat'>37-40.</span> <span class='ocrx_word' id='word_1_240' title='bbox 422 2071 446 2078; x_wconf 92' lang='lat'>-</span> <span class='ocrx_word' id='word_1_241' title='bbox 464 2054 532 2089; x_wconf 75' lang='lat' dir='ltr'>Mazi.</span> <span class='ocrx_word' id='word_1_242' title='bbox 554 2052 678 2089; x_wconf 72' lang='lat' dir='ltr'>neo-1214.</span> <span class='ocrx_word' id='word_1_243' title='bbox 698 2072 721 2093; x_wconf 61' lang='grc' dir='ltr'>τ-</span> <span class='ocrx_word' id='word_1_244' title='bbox 738 2053 791 2090; x_wconf 84' lang='lat' dir='ltr'>Lab.</span> <span class='ocrx_word' id='word_1_245' title='bbox 804 2052 910 2091; x_wconf 71' lang='lat'>&#39;358—364.</span> <span class='ocrx_word' id='word_1_246' title='bbox 931 2074 954 2080; x_wconf 95' lang='lat'><em>-</em></span> <span class='ocrx_word' id='word_1_247' title='bbox 973 2055 1021 2090; x_wconf 85' lang='lat' dir='ltr'>Ber.</span> 
     </span>
    </p>
   </div>
   <div class='ocr_carea' id='block_1_9' title="bbox 177 2175 1024 2365">
    <p class='ocr_par' dir='ltr' id='par_1_9' title="bbox 177 2175 1024 2365">
     <span class='ocr_line' id='line_1_29' title="bbox 246 2175 1024 2230; baseline 0.005 -14"><span class='ocrx_word' id='word_1_248' title='bbox 246 2176 265 2216; x_wconf 93' lang='lat'>1.</span> <span class='ocrx_word' id='word_1_249' title='bbox 289 2175 390 2217; x_wconf 81' lang='lat' dir='ltr'>Obiecta</span> <span class='ocrx_word' id='word_1_250' title='bbox 410 2178 489 2218; x_wconf 85' lang='lat' dir='ltr'>meriti</span> <span class='ocrx_word' id='word_1_251' title='bbox 510 2178 539 2219; x_wconf 79' lang='lat' dir='ltr'>tle</span> <span class='ocrx_word' id='word_1_252' title='bbox 562 2178 679 2229; x_wconf 77' lang='lat' dir='ltr'>condigno</span> <span class='ocrx_word' id='word_1_253' title='bbox 704 2178 806 2229; x_wconf 71' lang='lat' dir='ltr'>(praeter</span> <span class='ocrx_word' id='word_1_254' title='bbox 828 2191 862 2227; x_wconf 86' lang='lat' dir='ltr'>ea,</span> <span class='ocrx_word' id='word_1_255' title='bbox 885 2180 914 2220; x_wconf 87' lang='lat' dir='ltr'>de</span> <span class='ocrx_word' id='word_1_256' title='bbox 936 2180 1024 2230; x_wconf 86' lang='lat' dir='ltr'>quibus</span> 
     </span>
     <span class='ocr_line' id='line_1_30' title="bbox 177 2237 333 2289; baseline 0 -11"><span class='ocrx_word' id='word_1_257' title='bbox 177 2238 250 2278; x_wconf 80' lang='lat' dir='ltr'>thesis</span> <span class='ocrx_word' id='word_1_258' title='bbox 266 2237 333 2289; x_wconf 68' lang='lat' dir='ltr'>agit),</span> 
     </span>
     <span class='ocr_line' id='line_1_31' title="bbox 246 2309 1023 2365; baseline 0.006 -16"><span class='ocrx_word' id='word_1_259' title='bbox 246 2312 266 2349; x_wconf 83' lang='lat'>1.</span> <span class='ocrx_word' id='word_1_260' title='bbox 280 2309 360 2351; x_wconf 84' lang='lat' dir='ltr'>Prima</span> <span class='ocrx_word' id='word_1_261' title='bbox 374 2310 449 2362; x_wconf 77' lang='lat' dir='ltr'>gloria</span> <span class='ocrx_word' id='word_1_262' title='bbox 463 2310 524 2352; x_wconf 87' lang='lat' dir='ltr'>sitne</span> <span class='ocrx_word' id='word_1_263' title='bbox 538 2311 658 2353; x_wconf 87' lang='lat' dir='ltr'>obiectum</span> <span class='ocrx_word' id='word_1_264' title='bbox 672 2313 758 2362; x_wconf 83' lang='lat' dir='ltr'>meriti,</span> <span class='ocrx_word' id='word_1_265' title='bbox 775 2312 904 2365; x_wconf 87' lang='lat' dir='ltr'>disputant.</span> <span class='ocrx_word' id='word_1_266' title='bbox 920 2314 1023 2355; x_wconf 89' lang='lat' dir='ltr'>Plurimi</span> 
     </span>
    </p>
   </div>
   <div class='ocr_carea' id='block_1_10' title="bbox 117 2370 1021 2426">
    <p class='ocr_par' dir='ltr' id='par_1_10' title="bbox 117 2370 1021 2426">
     <span class='ocr_line' id='line_1_32' title="bbox 117 2370 1021 2426; baseline 0.011 -18"><span class='ocrx_word' id='word_1_267' title='bbox 117 2404 118 2408; x_wconf 75' lang='grc'>,</span> <span class='ocrx_word' id='word_1_268' title='bbox 176 2370 260 2412; x_wconf 88' lang='lat' dir='ltr'>dicunt</span> <span class='ocrx_word' id='word_1_269' title='bbox 272 2371 356 2413; x_wconf 85' lang='lat' dir='ltr'>saltem</span> <span class='ocrx_word' id='word_1_270' title='bbox 368 2383 423 2413; x_wconf 87' lang='lat' dir='ltr'>eum</span> <span class='ocrx_word' id='word_1_271' title='bbox 437 2373 555 2423; x_wconf 81' lang='lat' dir='ltr'>adultum,</span> <span class='ocrx_word' id='word_1_272' title='bbox 570 2375 612 2426; x_wconf 86' lang='lat' dir='ltr'>qui</span> <span class='ocrx_word' id='word_1_273' title='bbox 626 2374 680 2415; x_wconf 86' lang='lat' dir='ltr'>ante</span> <span class='ocrx_word' id='word_1_274' title='bbox 694 2375 868 2426; x_wconf 84' lang='lat' dir='ltr'>susceptionem</span> <span class='ocrx_word' id='word_1_275' title='bbox 882 2377 1021 2418; x_wconf 77' lang='lat' dir='ltr'>sacrament</span> 
     </span>
    </p>
   </div>
   <div class='ocr_carea' id='block_1_11' title="bbox 168 2434 1023 2743">
    <p class='ocr_par' dir='ltr' id='par_1_11' title="bbox 168 2434 1023 2743">
     <span class='ocr_line' id='line_1_33' title="bbox 176 2434 1023 2487; baseline 0.007 -13"><span class='ocrx_word' id='word_1_276' title='bbox 176 2434 229 2474; x_wconf 84' lang='lat' dir='ltr'>actu</span> <span class='ocrx_word' id='word_1_277' title='bbox 247 2435 397 2476; x_wconf 80' lang='lat' dir='ltr'>contritionis</span> <span class='ocrx_word' id='word_1_278' title='bbox 413 2436 531 2487; x_wconf 81' lang='lat' dir='ltr'>perlectae</span> <span class='ocrx_word' id='word_1_279' title='bbox 548 2437 699 2487; x_wconf 78' lang='lat' dir='ltr'>iustificetur,</span> <span class='ocrx_word' id='word_1_280' title='bbox 718 2450 772 2480; x_wconf 86' lang='lat' dir='ltr'>earn</span> <span class='ocrx_word' id='word_1_281' title='bbox 789 2440 834 2480; x_wconf 89' lang='lat' dir='ltr'>hoc</span> <span class='ocrx_word' id='word_1_282' title='bbox 851 2440 904 2481; x_wconf 85' lang='lat' dir='ltr'>actu</span> <span class='ocrx_word' id='word_1_283' title='bbox 922 2441 952 2482; x_wconf 88' lang='lat' dir='ltr'>de</span> <span class='ocrx_word' id='word_1_284' title='bbox 969 2452 1023 2481; x_wconf 89' lang='lat' dir='ltr'>oon-</span> 
     </span>
     <span class='ocr_line' id='line_1_34' title="bbox 176 2496 1021 2555; baseline 0.011 -20"><span class='ocrx_word' id='word_1_285' title='bbox 176 2496 247 2547; x_wconf 82' lang='lat' dir='ltr'>digno</span> <span class='ocrx_word' id='word_1_286' title='bbox 259 2498 354 2539; x_wconf 87' lang='lat' dir='ltr'>mereri.</span> <span class='ocrx_word' id='word_1_287' title='bbox 367 2499 575 2540; x_wconf 83' lang='lat' dir='ltr'>AdversanturDe</span> <span class='ocrx_word' id='word_1_288' title='bbox 585 2500 651 2552; x_wconf 77' lang='lat' dir='ltr'>Lupo</span> <span class='ocrx_word' id='word_1_289' title='bbox 666 2502 707 2553; x_wconf 91' lang='lat' dir='ltr'>(De</span> <span class='ocrx_word' id='word_1_290' title='bbox 719 2501 810 2542; x_wconf 88' lang='lat' dir='ltr'>incarn.</span> <span class='ocrx_word' id='word_1_291' title='bbox 824 2503 847 2544; x_wconf 87' lang='lat' dir='ltr'>d.</span> <span class='ocrx_word' id='word_1_292' title='bbox 859 2507 872 2544; x_wconf 84' lang='grc'><strong>6</strong></span> <span class='ocrx_word' id='word_1_293' title='bbox 885 2513 902 2544; x_wconf 80' lang='lat' dir='ltr'>s,</span> <span class='ocrx_word' id='word_1_294' title='bbox 913 2507 927 2544; x_wconf 85' lang='lat'>3</span> <span class='ocrx_word' id='word_1_295' title='bbox 938 2514 962 2544; x_wconf 88' lang='lat' dir='ltr'>n.</span> <span class='ocrx_word' id='word_1_296' title='bbox 975 2504 1021 2555; x_wconf 84' lang='lat'>59),</span> 
     </span>
     <span class='ocr_line' id='line_1_35' title="bbox 175 2560 1020 2618; baseline 0.007 -17"><span class='ocrx_word' id='word_1_297' title='bbox 175 2560 278 2611; x_wconf 81' lang='lat' dir='ltr'>Ripatda</span> <span class='ocrx_word' id='word_1_298' title='bbox 293 2562 336 2613; x_wconf 89' lang='lat' dir='ltr'>(De</span> <span class='ocrx_word' id='word_1_299' title='bbox 350 2561 402 2602; x_wconf 89' lang='lat' dir='ltr'>ente</span> <span class='ocrx_word' id='word_1_300' title='bbox 417 2563 537 2613; x_wconf 86' lang='lat' dir='ltr'>supernat.</span> <span class='ocrx_word' id='word_1_301' title='bbox 553 2563 569 2603; x_wconf 81' lang='lat' dir='ltr'>l.</span> <span class='ocrx_word' id='word_1_302' title='bbox 584 2567 597 2604; x_wconf 88' lang='grc'><strong>4</strong></span> <span class='ocrx_word' id='word_1_303' title='bbox 612 2564 673 2616; x_wconf 89' lang='lat' dir='ltr'>disp.</span> <span class='ocrx_word' id='word_1_304' title='bbox 689 2568 715 2606; x_wconf 86' lang='lat'>89</span> <span class='ocrx_word' id='word_1_305' title='bbox 730 2577 747 2606; x_wconf 90' lang='lat' dir='ltr'>s.</span> <span class='ocrx_word' id='word_1_306' title='bbox 764 2565 795 2616; x_wconf 81' lang='grc'>1),</span> <span class='ocrx_word' id='word_1_307' title='bbox 810 2566 872 2617; x_wconf 72' lang='lat' dir='ltr'>Vepa</span> <span class='ocrx_word' id='word_1_308' title='bbox 889 2566 1020 2618; x_wconf 80' lang='lat' dir='ltr'>(De&#39;‘iustit.</span> 
     </span>
     <span class='ocr_line' id='line_1_36' title="bbox 168 2620 1022 2680; baseline 0.009 -18"><span class='ocrx_word' id='word_1_309' title='bbox 168 2620 199 2673; x_wconf 61' lang='lat' dir='ltr'>sq.</span> <span class='ocrx_word' id='word_1_310' title='bbox 210 2626 223 2663; x_wconf 83' lang='grc'>6</span> <span class='ocrx_word' id='word_1_311' title='bbox 233 2623 264 2663; x_wconf 89' lang='lat' dir='ltr'>ad</span> <span class='ocrx_word' id='word_1_312' title='bbox 273 2624 295 2668; x_wconf 64' lang='lat'>9]</span> <span class='ocrx_word' id='word_1_313' title='bbox 307 2623 390 2664; x_wconf 83' lang='lat' dir='ltr'>etalii.</span> <span class='ocrx_word' id='word_1_314' title='bbox 400 2650 432 2656; x_wconf 83' lang='lat'><em>-</em></span> <span class='ocrx_word' id='word_1_315' title='bbox 442 2626 467 2666; x_wconf 84' lang='lat' dir='ltr'>Si</span> <span class='ocrx_word' id='word_1_316' title='bbox 478 2625 580 2666; x_wconf 87' lang='lat' dir='ltr'>ultimus</span> <span class='ocrx_word' id='word_1_317' title='bbox 589 2627 657 2668; x_wconf 85' lang='lat' dir='ltr'>actus</span> <span class='ocrx_word' id='word_1_318' title='bbox 666 2627 820 2677; x_wconf 87' lang='lat' dir='ltr'>dispositivus</span> <span class='ocrx_word' id='word_1_319' title='bbox 831 2629 878 2669; x_wconf 85' lang='lat' dir='ltr'>iam</span> <span class='ocrx_word' id='word_1_320' title='bbox 891 2630 1022 2680; x_wconf 76' lang='lat' dir='ltr'>efficienter</span> 
     </span>
     <span class='ocr_line' id='line_1_37' title="bbox 174 2685 1022 2743; baseline 0.012 -20"><span class='ocrx_word' id='word_1_321' title='bbox 174 2685 312 2735; x_wconf 80' lang='lat' dir='ltr'>procederet</span> <span class='ocrx_word' id='word_1_322' title='bbox 325 2688 354 2727; x_wconf 74' lang='lat' dir='ltr'>&#39;ex</span> <span class='ocrx_word' id='word_1_323' title='bbox 366 2687 443 2737; x_wconf 77' lang='lat' dir='ltr'>gratia</span> <span class='ocrx_word' id='word_1_324' title='bbox 455 2687 580 2737; x_wconf 74' lang='lat' dir='ltr'>habituali,</span> <span class='ocrx_word' id='word_1_325' title='bbox 596 2690 712 2741; x_wconf 83' lang='lat' dir='ltr'>adquam</span> <span class='ocrx_word' id='word_1_326' title='bbox 726 2690 833 2741; x_wconf 87' lang='lat' dir='ltr'>disponit</span> <span class='ocrx_word' id='word_1_327' title='bbox 847 2692 885 2743; x_wconf 84' lang='lat' dir='ltr'>(cf.</span> <span class='ocrx_word' id='word_1_328' title='bbox 900 2703 924 2733; x_wconf 88' lang='lat' dir='ltr'>n.</span> <span class='ocrx_word' id='word_1_329' title='bbox 938 2695 980 2734; x_wconf 78' lang='lat'>343</span> <span class='ocrx_word' id='word_1_330' title='bbox 991 2694 1022 2733; x_wconf 87' lang='lat' dir='ltr'>ad</span> 
     </span>
    </p>
   </div>
   <div class='ocr_carea' id='block_1_12' title="bbox 175 2809 1022 2907">
    <p class='ocr_par' dir='ltr' id='par_1_12' title="bbox 175 2809 1022 2907">
     <span class='ocr_line' id='line_1_38' title="bbox 237 2809 1022 2857; baseline 0.011 -14"><span class='ocrx_word' id='word_1_331' title='bbox 237 2809 245 2830; x_wconf 79' lang='lat'>1</span> <span class='ocrx_word' id='word_1_332' title='bbox 263 2809 348 2853; x_wconf 78' lang='lat' dir='ltr'>Magna</span> <span class='ocrx_word' id='word_1_333' title='bbox 364 2810 443 2846; x_wconf 82' lang='lat' dir='ltr'>saltem</span> <span class='ocrx_word' id='word_1_334' title='bbox 459 2821 486 2847; x_wconf 81' lang='lat' dir='ltr'>ex</span> <span class='ocrx_word' id='word_1_335' title='bbox 502 2812 565 2856; x_wconf 82' lang='lat' dir='ltr'>parte</span> <span class='ocrx_word' id='word_1_336' title='bbox 582 2813 615 2847; x_wconf 81' lang='lat' dir='ltr'>est</span> <span class='ocrx_word' id='word_1_337' title='bbox 632 2812 667 2848; x_wconf 88' lang='lat' dir='ltr'>lis</span> <span class='ocrx_word' id='word_1_338' title='bbox 686 2813 714 2850; x_wconf 88' lang='lat' dir='ltr'>de</span> <span class='ocrx_word' id='word_1_339' title='bbox 732 2815 823 2857; x_wconf 69' lang='lat' dir='ltr'>verbo,</span> <span class='ocrx_word' id='word_1_340' title='bbox 842 2815 918 2852; x_wconf 88' lang='lat' dir='ltr'>utrum</span> <span class='ocrx_word' id='word_1_341' title='bbox 934 2816 1022 2852; x_wconf 78' lang='lat' dir='ltr'>iustitia</span> 
     </span>
     <span class='ocr_line' id='line_1_39' title="bbox 175 2854 1021 2907; baseline 0.012 -19"><span class='ocrx_word' id='word_1_342' title='bbox 175 2854 264 2900; x_wconf 85' lang='lat' dir='ltr'>proprie</span> <span class='ocrx_word' id='word_1_343' title='bbox 279 2854 339 2890; x_wconf 82' lang='lat' dir='ltr'>dicta</span> <span class='ocrx_word' id='word_1_344' title='bbox 353 2856 374 2890; x_wconf 84' lang='lat' dir='ltr'>et</span> <span class='ocrx_word' id='word_1_345' title='bbox 388 2857 548 2893; x_wconf 81' lang='lat' dir='ltr'>commutative</span> <span class='ocrx_word' id='word_1_346' title='bbox 559 2857 618 2893; x_wconf 84' lang='lat' dir='ltr'>inter</span> <span class='ocrx_word' id='word_1_347' title='bbox 632 2860 703 2894; x_wconf 89' lang='lat' dir='ltr'>Deum</span> <span class='ocrx_word' id='word_1_348' title='bbox 717 2861 738 2896; x_wconf 83' lang='lat' dir='ltr'>et</span> <span class='ocrx_word' id='word_1_349' title='bbox 752 2860 867 2897; x_wconf 80' lang='lat' dir='ltr'>creaturas</span> <span class='ocrx_word' id='word_1_350' title='bbox 882 2871 929 2898; x_wconf 85' lang='lat' dir='ltr'>esse</span> <span class='ocrx_word' id='word_1_351' title='bbox 943 2862 1021 2907; x_wconf 84' lang='lat' dir='ltr'>possit.</span> 
     </span>
    </p>
   </div>
   <div class='ocr_carea' id='block_1_13' title="bbox 116 2901 1022 2952">
    <p class='ocr_par' dir='ltr' id='par_1_13' title="bbox 116 2901 1022 2952">
     <span class='ocr_line' id='line_1_40' title="bbox 116 2901 1022 2952; baseline 0.009 -16"><span class='ocrx_word' id='word_1_352' title='bbox 116 2924 119 2926; x_wconf 75' lang='lat'><em>,</em></span> <span class='ocrx_word' id='word_1_353' title='bbox 155 2902 157 2904; x_wconf 77' lang='grc'><strong>’</strong></span> <span class='ocrx_word' id='word_1_354' title='bbox 175 2901 302 2937; x_wconf 82' lang='lat' dir='ltr'>Secundum</span> <span class='ocrx_word' id='word_1_355' title='bbox 319 2901 344 2936; x_wconf 84' lang='grc' dir='ltr'>Β,</span> <span class='ocrx_word' id='word_1_356' title='bbox 363 2901 560 2938; x_wconf 85' lang='lat' dir='ltr'>Bellarrninum</span> <span class='ocrx_word' id='word_1_357' title='bbox 577 2903 615 2949; x_wconf 91' lang='lat' dir='ltr'>(De</span> <span class='ocrx_word' id='word_1_358' title='bbox 633 2905 702 2950; x_wconf 72' lang='lat' dir='ltr'>iactis.</span> <span class='ocrx_word' id='word_1_359' title='bbox 721 2907 740 2950; x_wconf 81' lang='lat'>5,</span> <span class='ocrx_word' id='word_1_360' title='bbox 759 2905 790 2952; x_wconf 75' lang='lat'>14)</span> <span class='ocrx_word' id='word_1_361' title='bbox 809 2909 935 2944; x_wconf 76' lang='lat' dir='ltr'>substantia</span> <span class='ocrx_word' id='word_1_362' title='bbox 951 2909 1022 2944; x_wconf 86' lang='lat' dir='ltr'>divini</span> 
     </span>
    </p>
   </div>
   <div class='ocr_carea' id='block_1_14' title="bbox 173 2952 1023 3033">
    <p class='ocr_par' dir='ltr' id='par_1_14' title="bbox 173 2952 1023 3033">
     <span class='ocr_line' id='line_1_41' title="bbox 174 2952 1023 3032; baseline 0.011 -46"><span class='ocrx_word' id='word_1_363' title='bbox 174 2952 252 2987; x_wconf 87' lang='lat' dir='ltr'>iudicii</span> <span class='ocrx_word' id='word_1_364' title='bbox 263 2952 303 3032; x_wconf 40' lang='lat' dir='ltr'>tes?</span> <span class='ocrx_word' id='word_1_365' title='bbox 321 2953 442 2988; x_wconf 83' lang='lat' dir='ltr'>secundum</span> <span class='ocrx_word' id='word_1_366' title='bbox 465 2954 576 2990; x_wconf 82' lang='lat' dir='ltr'>iustitiam</span> <span class='ocrx_word' id='word_1_367' title='bbox 600 2955 772 3001; x_wconf 80' lang='lat' dir='ltr'>distributivam,</span> <span class='ocrx_word' id='word_1_368' title='bbox 797 2958 875 2994; x_wconf 83' lang='lat' dir='ltr'>modas</span> <span class='ocrx_word' id='word_1_369' title='bbox 900 2959 1023 2995; x_wconf 84' lang='lat' dir='ltr'>secundum</span> 
     </span>
     <span class='ocr_line' id='line_1_42' title="bbox 173 3005 363 3033; baseline 0 -2"><span class='ocrx_word' id='word_1_370' title='bbox 173 3005 363 3033; x_wconf 83' lang='lat' dir='ltr'>commuarvam.</span> 
     </span>
    </p>
   </div>
   <div class='ocr_carea' id='block_1_15' title="bbox 0 0 1112 3350">
    <p class='ocr_par' dir='ltr' id='par_1_15' title="bbox 0 0 1112 3350">
     <span class='ocr_line' id='line_1_43' title="bbox 0 0 1112 3350; baseline 0 2"><span class='ocrx_word' id='word_1_371' title='bbox 0 0 1112 3350; x_wconf 95' lang='lat' dir='ltr'> </span> 
     </span>
    </p>
   </div>
  </div>
 </body>
</html>
