2214 3350
162 164 239 210 Thesis
258 174 296 210 22„
308 174 410 219 systema
427 142 674 218 praedeterminationis
689 168 796 216 physicae
867 166 906 204 463

58 282 131 329 bendo
144 292 158 318 a
171 282 311 326 comestione,
324 280 446 327 digestione
459 279 498 315 etc.
503 289 509 322 ;
523 277 600 313 oculas
614 286 653 322 per
667 286 689 312 se
704 277 737 312 est
750 275 860 312 sufficiens
873 274 903 310 ed

58 333 178 370 videndum
194 333 242 369 sine
258 334 349 377 lumine,
366 333 425 378 ipnis
440 332 470 367 ad
485 329 660 366 comburendum
683 329 731 364 sine
755 328 904 374 applicatione

58 386 172 427 materiae,
191 386 324 421 architectus
348 386 378 421 ad
400 382 565 420 aedificandum
588 381 636 416 sine
658 380 727 425 lignis
746 381 766 417 et
781 380 901 425 lapidibus

59 437 161 473 sacerdos
176 437 206 473 ad
219 438 394 474 consecrandum
409 435 456 472 sine
469 443 527 480 pane
543 435 564 469 et
578 433 636 468 vino.
653 431 716 468 Ultro
732 431 905 467 concedimus

58 489 156 534 gratiam
172 488 298 525 thomistice
321 487 467 525 sufficientem
483 486 523 522 boc
543 494 611 521 sensa
635 484 689 520 dare
714 496 724 517 11
734 485 854 529 potentiam
879 484 903 518 in

60 541 135 576 ordine
149 549 192 575 'sao
208 542 366 586 completamin
384 541 422 576 sed
437 539 486 575 luce
502 537 629 574 meridiana
645 536 729 572 clarius
746 536 779 571 est
795 535 903 571 eiusmodi

58 592 181 639 potentiam
204 601 257 628 non
277 593 408 628 sufficere
426 592 455 628 ad
472 592 519 634 hoc,
539 591 564 625 ut
582 588 668 624 homini
691 588 802 623 omissio
827 586 903 621 actus

58 644 129 680 iuste
144 644 275 690 imputari
288 644 363 691 possit.
379 646 438 680 Deus
453 641 579 684 sibonum,
596 639 834 687 praedeterminatione
849 637 905 684 phy-

59 697 106 732 sica
122 696 151 731 ad
168 696 243 732 actum
260 696 382 732 salutarem
398 694 514 740 denegata,
534 694 677 729 omissionem
695 692 759 728 actus
775 691 902 737 imputaret,

58 757 127 792 aeque
150 747 269 783 crudeliter
285 750 305 783 et
320 748 402 783 iniuste
424 748 500 792 ageret
513 756 539 782 ac
555 746 673 790 tyrannus,
698 745 736 789 qui
759 743 904 779 architectum

33 820 34 823 =
58 799 154 846 puniret,
169 800 233 845 quod,
250 800 364 844 denegatis
377 799 444 844 lignis
459 799 479 835 et
493 798 613 844 lapidibus,
628 806 674 832 non
688 797 760 831 utitur
775 805 816 831 sua
829 796 915 840 potem

59 852 91 887 tia
103 851 240 896 aedificandi.
254 853 358 887 —Immo
369 852 394 887 111
405 850 510 897 exemplis
523 850 598 886 allatis
608 850 683 884 minas
695 849 768 893 inepte
781 846 904 895 potentiam

58 911 187 938 vocaremus
202 903 333 948 completam
348 904 368 937 et
381 903 538 948 suspicientem,-
551 911 605 936 nam
618 901 731 947 potentiae
745 910 790 946 qua
803 898 843 935 tali
857 899 903 934 sive

59 964 103 999 qua
117 964 198 990 causae
214 954 316 991 efficienti
337 954 394 990 nihil
416 955 482 996 deest,
506 955 545 990 sed
558 953 631 989 deficit
654 952 701 988 sola
724 952 824 996 materia,
844 952 903 986 circa

59 1015 126 1051 qaam
137 1007 195 1053 agat.
208 1008 267 1042 Data
277 1007 352 1042 autem
363 1006 410 1042 sola
421 1007 496 1050 gratia
505 1006 630 1041 themistice
642 1004 763 1041 sufficiente
774 1006 818 1051 ipsi
828 1003 905 1050 poten-

58 1059 103 1094 tiae
122 1059 183 1094 deest
201 1058 292 1104 aliquod
311 1058 373 1093 aliud
396 1058 562 1103 principium
588 1057 758 1102 operativum
781 1057 809 1092 ad
828 1056 902 1090 actum

59 1110 210 1155 metaphysica
229 1110 385 1145 necessarium.
407 1110 467 1145 Haec
486 1109 586 1154 potentia
604 1110 637 1144 est
656 1118 726 1153 aeque
746 1107 856 1144 sufficiens
877 1116 902 1142 ac

10 1204 12 1211 y
58 1161 158 1206 potentia
173 1161 310 1203 ambulandi,
328 1170 395 1206 quam
409 1161 475 1206 pedes
492 1160 546 1196 adeo
563 1160 644 1196 debiles
661 1160 785 1204 conterunt,
800 1160 824 1195 ut
836 1159 904 1194 homo

59 1213 106 1248 sine
121 1212 204 1248 auxilio
217 1212 310 1248 alterius
324 1220 351 1247 ne
365 1221 436 1247 anam
450 1213 539 1257 quidem
553 1221 654 1257 pressam
667 1212 738 1257 possit
751 1213 828 1247 iacere.
843 1231 867 1237 —
880 1212 903 1248 Si

59 1265 127 1299 etiam
143 1264 214 1298 omnis
231 1265 294 1299 actas
307 1264 425 1307 naturalis,
442 1265 513 1299 bonus
530 1264 551 1299 et
567 1263 647 1307 malus,
665 1264 788 1307 requireret
804 1262 903 1298 determi-

58 1316 172 1351 nationem
186 1315 310 1361 physicam
323 1317 385 1361 ,Deus
399 1315 512 1351 hominem
527 1316 592 1360 quasi
607 1315 686 1352 catena
699 1314 828 1351 firmissima
843 1315 904 1350 alli-

59 1367 136 1411 garet
154 1367 187 1402 ad
204 1367 348 1403 materiale
364 1368 470 1413 peccati
489 1369 510 1404 et
529 1368 596 1403 simul
614 1367 658 1413 ipsi
677 1368 824 1413 exprobraret,
846 1367 904 1412 quod

59 1427 105 1453 non
118 1418 174 1454 liber
189 1419 210 1454 et
223 1418 309 1454 solutus
325 1419 423 1456 ambulet
437 1420 462 1454 in
476 1419 591 1455 mandatis
607 1419 694 1456 divinis.
711 1420 745 1455 Ad
759 1420 904 1465 imputabi-

58 1469 164 1505 litatem
180 1479 226 1505 non
244 1470 324 1505 sufficit
342 1472 431 1515 quaevis
452 1483 462 1503 11
471 1472 597 1517 potentian,
616 1473 655 1507 sed
673 1472 795 1516 requiritur
813 1472 905 1517 possibi-

60 1520 110 1556 litas
126 1520 192 1556 libere
209 1521 305 1566 elipenai
319 1523 378 1557 inter
391 1523 524 1568 positionem
538 1524 559 1559 et
574 1523 716 1559 omissionem
733 1523 800 1560 actus.

59 1625 114 1667 589.
150 1630 170 1668 2.
190 1627 222 1667 Ut
240 1639 268 1667 ex
284 1627 348 1667 hisce
366 1625 544 1667 difficultatibus
563 1637 611 1667 sese
629 1626 751 1675 extiment,
771 1627 904 1673 Alvarez,

61 1689 204 1729 Graveson
228 1689 252 1729 et
275 1689 380 1729 maxime
404 1689 532 1730 Billuart
558 1690 588 1740 (v.
609 1690 627 1729 P
646 1691 695 1741 231)
717 1690 811 1730 dicunt:
840 1690 906 1730 Deus

59 1752 182 1802 gratiam
209 1751 361 1800 efficacem
389 1751 455 1792 dare
483 1751 603 1802 paratus
630 1753 665 1793 est
693 1762 793 1803 eamque
821 1763 905 1793 revera

60 1814 150 1863 deret,
169 1814 215 1854 nisi
234 1815 315 1855 homo
333 1814 423 1855 libere
438 1815 461 1855 et
477 1815 576 1866 propria
592 1816 663 1865 culpa
681 1827 707 1856 ac
725 1815 817 1856 nielitia
834 1816 903 1856 resi-

61 1877 148 1918 steret
162 1878 273 1928 gratiae
290 1877 465 1919 sufficienti.
482 1902 514 1907 —
529 1878 644 1919 Aucmres
659 1879 706 1927 isti,
725 1880 745 1920 si
762 1879 787 1920 id
803 1880 906 1920 dicendo

11 1958 14 1961 >
60 1940 219 1981 resistentiam
244 1941 364 1981 liberam
388 1941 552 1992 intellegerent
578 1951 663 1983 sensu
688 1953 755 1983 vere
781 1943 806 1983 et
831 1953 905 1982 com-

60 2004 148 2051 muni,
164 2015 236 2043 srlrrm
252 2010 354 2053 spstema
371 2005 467 2044 omnino
485 2005 654 2055 relinquerent,
671 2005 733 2046 atati
751 2007 902 2058 replicarent,

59 2066 140 2115 peiora
154 2067 314 2116 adrnitterent
330 2079 403 2118 qaam
418 2079 478 2119 qaae
492 2068 622 2108 Molinistis
637 2069 697 2119 falso
713 2069 826 2110 obiciant.
843 2071 904 2110 Nam

60 2129 129 2178 Deus,
151 2129 281 2180 antequam
301 2131 436 2172 decerneret
454 2131 558 2182 gratiam
578 2131 702 2181 efficacem,
725 2133 825 2173 liberam
843 2145 905 2173 crea-

61 2197 127 2232 turae
145 2193 291 2233 decisionem
310 2201 454 2244 exspectaret
474 2195 498 2236 et
517 2196 546 2235 ab
565 2196 648 2236 eadem
669 2195 796 2237 efficaciam
815 2196 907 2247 gratiae

61 2255 235 2305 dependentem
255 2257 371 2298 redderet.
393 2258 424 2299 At
443 2269 492 2298 non
510 2257 623 2299 videntur
643 2259 704 2299 velle
724 2260 824 2310 positive
845 2255 905 2300 affir-

60 2328 137 2358 mare:
156 2318 273 2360 Voluntas
289 2331 371 2360 revera
386 2320 463 2371 potest
478 2321 528 2361 sola
544 2321 621 2371 gretia
637 2321 765 2363 sufficiente
782 2323 905 2364 actualiter

60 2379 119 2420 hene
137 2381 172 2422 uti
188 2381 211 2422 et
229 2382 261 2423 sic
280 2382 325 2423 sibi
344 2393 482 2433 comparare
497 2384 600 2434 gratiam
617 2384 742 2426 efficacem.
763 2386 809 2427 Sed
827 2387 904 2427 solum

60 2442 86 2481 in
104 2443 230 2494 appotaesi
252 2445 391 2496 loquuntur,
411 2458 471 2497 quae
490 2447 514 2487 in
534 2458 616 2487 eorum
640 2448 765 2499 systemate
791 2459 846 2490 sane
870 2449 906 2490 est

60 2505 160 2547 irrealis.
180 2508 242 2548 Nam
261 2508 372 2549 voluntas
387 2509 547 2561 infallibiliter
566 2511 653 2551 resistit
672 2511 761 2561 gratiae
782 2513 905 2554 sufficienti

60 2567 130 2619 etque
147 2581 243 2620 semper
260 2571 367 2621 impedit,
387 2572 518 2623 quominus
541 2573 641 2625 recipiat
661 2574 764 2624 gratiam
789 2575 905 2618 efficacem

62 2631 92 2680 lv.
106 2633 179 2673 verba
190 2634 225 2673 De
236 2634 320 2674 Lemos
332 2634 396 2685 apud
408 2635 462 2676 Ber.
476 2647 500 2676 11,
514 2637 573 2688 537).
588 2636 763 2687 Explicandum
777 2639 843 2689 esset,
858 2651 908 2691 quo

60 2694 129 2743 pecto
144 2695 190 2737 ista
204 2696 381 2746 resistentia,
401 2709 462 2748 quae
479 2700 642 2750 metaphysica
659 2701 797 2743 necessitate
813 2714 909 2753 semper

60 2755 168 2807 habetur,
179 2759 227 2800 nisi
237 2760 300 2800 Deus
309 2759 386 2811 gratia
395 2761 625 2811 praedeterminante
635 2774 688 2803 eam
699 2764 801 2816 frangat,
812 2765 906 2806 libera

60 2818 87 2859 et
101 2820 285 2872 imputabilis
300 2832 349 2864 esse
364 2823 445 2873 possit.
463 2820 601 2866 Secundum
616 2826 783 2869 lansenium
798 2828 905 2869 resisten-

61 2880 101 2930 tia,
117 2895 178 2934 quae
191 2884 281 2934 gratiae
296 2897 383 2936 parrae
399 2885 561 2930 infallibiliter
575 2890 711 2939 opponitur,
727 2892 792 2931 inse
808 2902 856 2932 non
871 2891 910 2933 est.

60 2942 136 2986 libera
148 2959 162 2987 a
176 2948 321 2997 necessitate,
338 2949 377 2989 sed
393 2948 559 2992 tantummodo
574 2952 672 2993 eatenus
685 2954 721 2996 est
734 2952 811 2996 libera
824 2956 848 2997 et
862 2955 909 2994 im·
