2214 3350
145 193 178 230 138
322 194 377 230 Seet.
395 194 421 228 ΙΙ,
440 193 486 228 Art.
504 193 520 227 I.
538 193 569 227 De
585 190 706 235 gratuitate
723 189 809 234 grat-iae

143 308 180 342 tus
197 302 280 343 estad
298 303 404 344 dandam
421 302 530 353 gratiam,
550 311 603 341 eam
621 310 676 339 non
695 298 826 350 denegat,
847 297 887 339 sed
906 308 988 349 reapse

142 364 190 413 dat,
212 376 268 406 oum
286 376 336 405 non
355 365 453 417 facienti
471 363 568 416 propter
587 361 744 410 obstaculum,
766 361 830 413 quod
852 360 891 402 ille
912 360 985 412 ponit,

140 439 194 469 eam
212 439 283 479 saepe
300 428 405 479 derreqet.
425 426 529 468 Positiva
546 426 605 467 ratio
624 423 818 476 dandigratiam
836 424 905 466 unios
923 435 987 475 repe-

142 491 200 532 titur
216 503 246 532 ex
261 491 364 542 gratuita
381 491 423 530 Dei
440 488 611 538 misericordia,
629 500 657 529 ex
675 487 762 529 Christi
780 486 872 528 meritis
888 488 917 528 de
934 497 987 527 oon-

143 554 223 605 digno,
244 566 274 595 ex
293 555 434 595 Sanctorum
452 553 476 593 et
495 551 612 593 iustorum
632 550 725 592 meritis
743 552 772 591 da
791 561 897 601 congruo
916 550 940 591 et
958 561 988 591 ex

142 618 273 658 eorundem
291 615 464 668 impetratione.
484 614 590 664 Faoiens,
611 614 685 665 quod
703 614 732 654 in
751 625 779 655 se
797 613 849 662 est,
870 613 885 654 i.
904 624 924 653 e.
945 613 986 663 qui

142 679 201 721 vitat
218 680 300 731 gravia
318 679 412 730 peecata
430 679 453 719 et
470 678 519 728 agit
536 689 608 729 opera
626 676 732 725 honesta,
752 677 801 718 sive
819 677 876 717 solis
894 676 986 716 viribus

142 748 249 792 naturae,
266 743 315 783 sive
330 742 401 783 etiam
417 740 513 782 adiutus
523 741 609 792 'atiquo
625 740 714 781 auritio
728 751 788 791 pure
804 745 902 780 sanante
918 739 941 780 et
956 740 986 780 ad

141 805 221 847 aetum
235 805 363 847 salutarem
376 815 423 845 non
437 803 565 845 suffimenta
580 805 645 856 (nam
659 804 710 844 sine
723 804 788 844 omni
802 802 892 845 auxilio
905 814 986 843 seeun-

141 869 200 909 dum
215 868 249 909 th.
265 871 285 908 5.
302 879 350 908 non
366 867 436 909 faeiat
451 867 500 916 diu,
517 867 581 918 quod
596 866 622 907 in
637 878 661 919 se
674 866 728 918 est),
744 866 770 907 id
785 866 895 907 iaciendo
909 877 986 918 aeque

141 925 170 982 tit
182 931 278 981 diprrr'or
290 930 368 981 gratia
381 941 459 982 neque
471 931 560 971 minuit
571 929 747 981 indipniiaiem
763 941 837 981 quam
851 929 929 978 habet,
945 929 986 970 sed

140 994 207 1035 cavet
231 993 333 1042 tantum,
353 1004 384 1032 ne
403 1003 456 1033 eam
475 999 566 1044 quaeat.
594 992 659 1034 Talis
684 992 757 1034 horno
782 992 987 1033 infallibiliter·

140 1056 263 1107 accipiet
285 1056 395 1107 gratiam
418 1056 499 1097 tamen
522 1066 599 1107 neque
623 1054 735 1096 volumus
758 1066 835 1107 neque
859 1066 986 1106 possumus

140 1119 299 1160 determinare
313 1125 414 1171 tempas,
430 1119 527 1171 quande
541 1119 682 1170 accepturus
696 1118 726 1161 sit
739 1120 843 1170 pruciam
857 1119 986 1159 solutorem

140 1181 188 1223 sive
203 1182 351 1223 vocationem
365 1183 395 1223 ad
410 1182 485 1223 iidem
500 1181 679 1223 iustificantem.
695 1181 745 1223 Hoe
757 1180 823 1222 enirn
839 1181 928 1222 liberae
942 1182 985 1223 Dei

140 1245 290 1296 dispositioni
302 1245 449 1286 reservatur
475 1245 550 1294 (Mars
569 1247 610 1285 859
627 1245 650 1286 et
667 1244 755 1286 Suarez
774 1244 834 1285 ibid.
854 1243 983 1295 laudatus).

141 1308 164 1348 Si
178 1319 237 1349 vero
248 1309 321 1349 homo
333 1309 401 1348 novis
413 1309 515 1358 peccaris
529 1308 670 1348 mortalibus
684 1319 708 1349 se
723 1308 802 1349 reddit
815 1306 983 1359 indigniorem,

139 1371 220 1411 tamen
244 1381 299 1411 non
323 1369 528 1411 infallibiliter
551 1369 673 1421 impedit
696 1370 805 1422 gratiam.
832 1371 895 1412 Deus
919 1371 984 1411 enim

137 1433 264 1484 aliquoties
276 1433 350 1474 etiam
363 1432 526 1484 peecatoribus
539 1432 642 1484 pessima
655 1433 776 1485 dispositis
790 1433 870 1475 subito
883 1434 984 1485 gratiam

87 1528 95 1534 ,
138 1496 231 1537 confert
244 1495 335 1547 etipsa
349 1495 426 1547 gratia
439 1507 480 1537 eos
494 1495 607 1548 disponit.

207 1583 350 1624 Breviter:
373 1582 408 1631 Ei,
427 1581 470 1633 qui
489 1582 553 1631 iacit,
573 1582 637 1633 quod
655 1582 691 1624 est
709 1581 734 1623 in
753 1594 777 1623 se
794 1608 827 1613 —
844 1593 873 1623 ex
890 1582 984 1623 viribus

138 1646 237 1688 naturae
251 1646 275 1687 et
289 1645 386 1686 auxiliis
401 1645 491 1686 divinis
505 1645 597 1700 ordinis
612 1645 730 1686 naturalis
743 1669 782 1695 -0
799 1656 829 1686 ne
845 1657 887 1697 per
901 1645 984 1696 gravia

137 1708 233 1760 peecata
245 1720 269 1749 se
283 1709 367 1750 reddat
380 1708 458 1760 magis
471 1707 640 1759 indispositum
654 1708 678 1749 et
691 1708 819 1760 indignum
833 1720 905 1760 quam
920 1709 982 1757 ante,

137 1772 201 1813 Deus
211 1797 244 1803 --
255 1783 303 1812 non
316 1771 414 1823 propter
426 1771 533 1822 aliquam
547 1771 691 1822 exigentiam
704 1771 741 1813 val
756 1771 896 1823 dignitatem
910 1771 984 1814 huius

137 1834 261 1886 negativae
275 1833 445 1885 dispositionis,
464 1835 504 1875 sed
519 1857 551 1864 -
566 1845 595 1875 ex
610 1833 732 1875 voluntate
747 1846 791 1876 sua
807 1833 915 1876 salvifica
931 1835 983 1876 uni-

136 1896 231 1946 versali,
250 1897 353 1948 peccatis
372 1896 532 1947 superadditis
551 1908 599 1937 non
618 1896 741 1948 impedita,
761 1898 926 1948 infallibiliter
940 1898 982 1939 ali-

137 1960 241 2011 quando,
258 1959 309 2001 soil.
327 1960 424 2011 quando
439 1959 486 2010 ipsi
501 1959 626 2010 placuerit,
643 1959 711 2001 dabit
725 1960 828 2011 gratiam
845 1961 981 2010 salutarem,

136 2022 304 2064 initiosaltem
319 2022 408 2063 remote
423 2021 578 2063 sufficientem
593 2022 624 2063 ad
639 2022 843 2072 iustificationem,
859 2035 908 2075 qua
922 2024 982 2066 bene

137 2096 195 2126 usus
212 2085 286 2125 homo
303 2084 464 2125 infallibiliter
487 2083 611 2127 ulteriores
635 2084 724 2137 gratias
741 2086 765 2128 at
783 2086 879 2128 tandem
904 2086 982 2139 ipsam

137 2146 331 2189 tristificationem
355 2146 462 2198 aoeipiet3
482 2148 518 2188 sin
537 2148 638 2199 pereatis
655 2149 798 2202 mortalibus
823 2150 982 2202 indispositio

136 2221 191 2250 nem
212 2210 289 2261 auget,
312 2221 360 2250 non
380 2209 461 2251 licebit
480 2210 502 2250 ei
523 2210 646 2252 infallibili
668 2223 709 2262 spe
729 2213 832 2263 gratiam
853 2213 981 2255 salutarem

134 2273 278 2324 exspertem.

134 2402 189 2443 214.
226 2405 246 2443 3⁴
262 2401 408 2453 Sententiae.
424 2402 474 2442 Sub
487 2403 561 2442 verbo
572 2402 596 2442 et
608 2401 724 2452 conceptu
735 2402 890 2453 peripatetico
903 2403 972 2454 dispo

136 2464 228 2506 sitionis
247 2466 304 2506 haee
324 2464 430 2516 quaestio
450 2465 480 2505 ab
499 2464 628 2515 antiquis
647 2475 696 2504 non
714 2464 891 2506 volutabaturl.
919 2465 980 2506 Non-

133 2527 197 2568 nulli
215 2528 372 2579 probabiliter
389 2540 403 2569 e
421 2526 571 2578 prioribus
589 2527 735 2577 Patribus,
756 2528 861 2569 maxime
881 2529 972 2580 graecis

133 2591 313 2641 Augustinus
338 2591 445 2639 iunior,
464 2590 614 2641 Pelagiani
639 2590 662 2632 et
687 2590 913 2641 Semipelagiani
938 2592 961 2633 al

131 2665 208 2704 quarn
225 2654 354 2704 positivam
372 2653 552 2705 dispositionem
570 2654 649 2705 quoad
667 2663 720 2694 rem
738 2653 894 2696 admiserunt.
914 2656 980 2697 Hane

131 2716 312 2766 ,Augustinus
334 2717 388 2757 inde
409 2728 423 2757 a
444 2716 491 2764 QQ.
514 2716 545 2756 od
565 2715 750 2767 Simpliciamrm
772 2718 870 2758 omnino
890 2718 977 2765 reiecit,

205 2845 212 2866 1
235 2845 404 2890 Augustinus
425 2854 490 2891 saepe
510 2846 643 2890 loquebatur
664 2848 690 2883 de
711 2843 924 2893 praeparatione
945 2858 980 2884 vo-

132 2890 228 2926 luntatis
237 2900 277 2935 per
286 2892 389 2935 gratiam,
401 2892 526 2928 adhibendo
537 2894 594 2928 Proo
604 2894 622 2935 8,
633 2894 663 2934 35,
676 2903 740 2938 quem
750 2903 840 2930 versum
849 2894 907 2930 Itala
918 2895 980 2932 iuxta

134 2936 189 2973 LXX
205 2936 302 2981 legebat:
323 2938 490 2983 «praeparatur
505 2938 609 2974 voluntas
625 2948 640 2975 a
655 2938 775 2982 Domino»,
793 2939 832 2975 ubi
849 2941 911 2985 reip.
930 2950 980 2978 curn

131 2982 199 3019 Hebr,
217 2983 295 3019 habet.-
315 2984 422 3019 <inauriat
438 2984 532 3020 salutern
549 2995 563 3020 a
577 2986 698 3021 Domino».
