2214 3350
330 212 449 250 Τ11111123,
466 212 517 248 Alia
532 212 653 257 systemata
880 211 917 248 487

36 315 39 321 ’
71 330 138 369 qaam
154 330 231 356 renero
246 321 374 365 frustratur,
392 329 438 355 non
454 319 543 364 quidem
560 319 586 354 ob
602 324 734 355 consensum
750 330 791 366 ope
808 320 915 355 scientiae

71 374 157 411 mediae
170 373 318 408 infallibiliter
331 373 465 418 praevisum,
481 370 520 406 sed
535 371 560 406 ob
574 370 678 407 eximiam
691 371 795 407 virtutem
808 372 852 416 ipsi
866 380 916 415 111-

73 427 115 462 1111
131 425 282 468 intrinsecam,
302 433 358 469 quae
374 423 454 458 morali
470 423 560 467 quidem
577 422 680 466 motione,
699 424 738 459 sed
754 423 915 459 infallibilitate

71 476 173 514 absoluta
186 476 207 511 et
219 476 319 511 absolute
332 476 392 510 certa
404 483 470 510 suum
483 474 567 510 obtinet
580 474 690 510 effectum.
706 475 750 510 Sub
763 475 805 510 hac
817 476 914 510 motione

71 527 185 565 infallibili
200 527 280 563 illaesa
292 527 367 562 manet
382 527 482 562 humana
496 526 594 562 libertas.
612 525 761 561 Concordia
775 526 915 561 libertatis

72 589 129 617 cum
147 579 254 624 gratiae
273 579 402 614 efficacia
419 578 489 613 altum
509 578 598 623 quidem
617 578 649 613 est
667 577 837 622 mysterium,
857 577 916 622 quod

10 656 32 673 μ
71 635 95 669 in
108 632 183 679 patria
196 632 287 667 tandem
300 631 394 689 perfecte
408 630 472 665 uobis
486 629 628 674 revelabitur
643 630 683 665 sed
696 630 751 665 satis
766 629 916 674 intellegimus

70 693 159 720 manere
173 682 312 727 indifferent
305 692 351 717 rom
365 682 480 717 irretierit
460 684 480 717 et
495 683 533 727 pot
535 683 582 717 1111
585 683 627 716 tem
644 691 691 717 sere
707 682 743 717 det
736 681 871 717 terminandi
887 681 916 717 ud

71 735 156 780 opposit
158 744 202 770 um.
219 735 300 771 Simili
284 744 326 770 111
339 734 404 769 horno
416 734 493 779 gravi
508 733 650 780 impetitus
664 733 818 769 tentatione
834 734 854 768 et
869 742 916 778 spe-

69 787 121 823 ciali
132 786 216 823 auxilio
227 786 314 831 gratiae
325 791 403 822 carens
414 787 534 822 versatur¹
527 795 552 822 m
562 785 661 821 morali'
653 786 723 831 impet
725 786 761 821 ent
760 785 786 822 ia
797 784 916 821 resistendi

70 840 92 875 et
110 839 264 883 infallibiliter,
285 840 383 881 ettamen
403 834 469 873 libere
487 838 596 874 consentit
615 838 710 883 peccato¹
740 839 763 875 Si
789 837 916 873 diabolus

71 890 166 926 motione
191 890 271 926 morali
293 891 405 926 hominem
425 890 505 926 illaesa
528 890 630 926 libertate
654 889 803 926 infallibiliter
827 889 916 925 trahere

69 942 141 988 potest
156 943 185 978 ad
200 943 321 987 peccatum,
339 952 353 978 1
367 943 478 978 11111111
493 944 563 978 Deus
579 942 619 978 boc
635 943 701 977 modo
716 942 741 978 in
757 944 841 978 bonum
856 940 915 977 salu-

69 994 117 1030 tare
132 1003 183 1037 eum
196 993 404 1039 ine-linarepoterit.

130 1069 243 1113 1111111111
257 1066 375 1104 sufficiens
391 1069 436 1104 1111
450 1069 574 1104 communis
588 1068 620 1104 est
634 1068 748 1112 auxilium,
764 1069 822 1113 quod
836 1068 915 1104 tribuit

70 1120 155 1154 homini
172 1120 340 1164 ,potestatem
362 1120 540 1164 undequaque
564 1119 724 1165 completam
747 1121 768 1156 et
789 1120 915 1164 expeditam

70 1171 103 1218 ad
124 1179 205 1215 opera
225 1171 355 1206 faciliora
375 1171 396 1206 et
417 1172 527 1216 imprimis
549 1172 578 1206 ad
599 1171 759 1207 orationem.
783 1172 914 1207 Praemovet

26 1237 28 1243 v
70 1222 190 1264 moraliter,
206 1222 245 1257 sed
258 1223 373 1257 motione
387 1222 506 1258 fallibili
520 1224 540 1258 et
553 1223 661 1266 vincibili;
676 1232 728 1266 ergo
741 1223 766 1258 in
779 1224 832 1258 actu
843 1224 915 1268 primo

69 1273 195 1309 nonhabet
209 1273 350 1317 infallibilem
364 1282 415 1308 cum
430 1274 510 1309 effectu
524 1274 682 1310 connexionem
697 1274 851 1312 causalitatis„
862 1275 916 1310 Con-

69 1333 161 1359 sensum
179 1325 270 1359 nonnisi
294 1324 446 1369 continperrter
471 1326 491 1360 et
517 1324 665 1369 dependenter
687 1334 700 1361 a
724 1325 794 1361 libero
820 1326 916 1361 1111111111

70 1376 221 1420 acceptatione
238 1376 348 1421 operatura
366 1377 503 1421 Quandoque
520 1377 621 1412 effectum
637 1376 729 1412 sortitur
746 1378 767 1412 et
783 1377 916 1422 quandoque

70 1436 96 1463 eo
109 1427 236 1463 frustratur.
252 1428 312 1477 Haec
326 1427 403 1463 saltem
417 1429 492 1473 gratia
505 1430 598 1473 urgente
611 1430 729 1474 praecepto
743 1429 845 1464 omnibus
860 1438 916 1464 com-

68 1481 166 1515 muniter
190 1481 322 1516 conceditur.
347 1480 385 1516 Est
409 1480 484 1516 autem
507 1481 554 1516 tam
576 1479 704 1516 immediate
723 1480 743 1516 et
759 1481 858 1525 proxime
882 1481 915 1516 ad

62 1532 202 1567 *orandum
217 1532 339 1575 sufficiens,
356 1533 381 1567 ut
397 1532 489 1577 quilibet
504 1542 531 1568 ea
546 1531 637 1568 adiutus
654 1533 705 1569 actu
722 1541 786 1569 orare
802 1532 878 1578 possit,
896 1533 916 1569 si

70 1584 129 1627 velit,
148 1583 169 1619 et
184 1593 223 1629 per
240 1584 363 1619 orationem
385 1584 491 1620 uberiora
508 1584 551 1620 sibi
570 1593 699 1630 comparare
723 1583 798 1620 valeat
823 1584 914 1627 auxilia,

69 1637 149 1682 quibus
163 1638 192 1672 ad
205 1636 329 1672 difficiliora
341 1637 469 1682 peragenda
482 1637 503 1672 et
517 1637 546 1672 ad
559 1636 654 1672 salutern
668 1637 845 1682 consequendam
858 1637 915 1672 indi-

70 1689 112 1733 get.
136 1689 213 1724 Oratio
237 1689 297 1724 enim
321 1689 353 1723 est
376 1688 492 1723 medium
516 1688 656 1724 ordinarie
680 1688 866 1724 necessarium
891 1688 916 1723 et

33 1784 34 1787 Ἴ
69 1749 181 1785 prorsus
198 1740 351 1776 infallibiIe
368 1741 397 1776 ad
415 1740 590 1786 comparandam
610 1740 706 1784 gratiam
726 1739 841 1776 efficacem.
863 1741 914 1776 Fer-

70 1792 122 1827 vida
135 1792 156 1827 et
169 1801 314 1837 perseverans
328 1792 398 1828 oratio
412 1791 533 1836 aliquando
548 1792 640 1828 evadere
653 1792 725 1838 potest
739 1802 795 1838 opus
810 1793 912 1834 arduum,

69 1843 128 1887 quod
142 1844 240 1888 gratiam
256 1842 364 1879 efficacem
380 1844 485 1889 requirat.
504 1844 547 1880 Sed
562 1844 665 1879 omnibus
680 1844 759 1880 saltem
774 1845 864 1889 praesto
881 1844 914 1880 est

70 1895 144 1938 gratia
160 1895 273 1940 tepidioris
290 1896 403 1933 orationis,
424 1895 489 1931 cuius
504 1905 544 1942 ope
560 1895 635 1939 gratia
658 1895 764 1932 orationis
787 1896 913 1941 fervidioris

71 1948 187 1994 impetrari
204 1948 282 1994 potest.
301 1968 325 1973 —
341 1948 410 1983 Porro
428 1949 475 1983 fam
492 1948 518 1982 in
535 1947 674 1983 antecessum
693 1958 707 1983 a
724 1950 768 1984 Deo
786 1948 831 1994 peti
851 1948 915 1984 debet

71 2000 186 2043 1111111111,
203 2010 231 2037 ne
247 2000 271 2035 in
287 2000 459 2036 circumstantiis
477 1998 637 2035 difficilioribus
655 2002 682 2036 ab
698 2000 798 2045 oratione
815 2000 930 2035 (11111111Γ

71 2059 126 2087 mus
145 2052 281 2087 Praesertim
299 2051 373 2096 gratia
391 2052 491 2086 omnium
510 2061 548 2097 pre
550 2051 672 2087 tiosissima
691 2053 720 2088 ad
739 2061 795 2097 opus
815 2051 923 2086 omnium·

71 2102 231 2146 difficillimum,
253 2104 298 2139 scil
321 2104 416 2138 donum
435 2103 659 2149 perseverantiae
678 2102 760 2148 finalis,
782 2103 880 2149 quotidie
901 2113 914 2139 a

71 2154 114 2189 Deo
127 2154 270 2201 efflagitanda
283 2155 322 2191 est

130 2224 149 2267 c)
169 2225 202 2260 Ad
225 2223 410 2259 distributionem
430 2223 518 2269 gratiae
541 2225 599 2269 quod
616 2224 702 2268 attinet,
721 2225 780 2261 Deus
800 2235 825 2261 ex
844 2224 916 2261 seria

69 2274 210 2311 voluntate
229 2275 358 2312 salvifica
376 2275 529 2311 universali
548 2276 651 2311 omnibus
668 2275 754 2320 gratias
772 2277 801 2312 ad
820 2276 915 2313 salutem

69 2333 118 2360 rere
138 2328 275 2371 sufficientes
295 2328 315 2363 et
332 2327 443 2373 imprimis
461 2328 559 2372 gratiam
578 2328 657 2363 orandi
675 2327 781 2364 concedit.
801 2327 860 2370 Quos
878 2328 914 2363 his

70 2378 148 2420 gratiis
168 2381 232 2415 bene
252 2388 349 2415 usuros
366 2379 461 2416 scientia
478 2379 571 2415 visionis
591 2380 707 2426 praevidit,
728 2380 757 2416 iis
777 2380 863 2425 gratias
883 2380 914 2416 ab

71 2430 222 2468 intrinseco
244 2432 513 2468 efficacesconcedere
534 2431 614 2467 statuit
635 2440 714 2477 eosque
736 2431 847 2477 propter
865 2439 915 2467 me-

71 2481 125 2517 rita
141 2492 182 2529 ope
198 2484 324 2529 gratiarum
340 2483 461 2520 efficacium
477 2483 626 2519 infallibiliter
642 2484 794 2529 comparanda
811 2485 843 2519 ad
861 2483 915 2527 glo,-

70 2533 137 2569 riam
160 2535 252 2580 elegit.
277 2537 349 2579 Quare
372 2535 623 2623 praedestinatitcni
648 2537 675 2572 ad
698 2535 794 2580 gloriam
814 2535 913 2581 praecise

71 2588 184 2633 sumptam
206 2590 268 2625 ante
289 2589 417 2634 praevisa
435 2589 533 2625 merita
556 2589 577 2624 et
599 2589 787 2634 reprobationi
810 2589 915 2624 antece-

71 2637 163 2674 denti
156 2650 181 2675 11
192 2641 234 2676 hoc
246 2641 365 2686 systemate
376 2650 422 2676 non
433 2641 486 2677 estl
487 2649 583 2677 ocus—
594 2640 791 2684 Quiscientiam
802 2639 916 2678 mediam

71 2691 175 2735 admittit,
189 2694 233 2739 ipsi
247 2694 358 2738 integrum
371 2693 412 2729 erit
424 2692 496 2729 eidem
510 2693 615 2729 scientiae
628 2693 696 2728 inniti
710 2693 738 2729 ad
752 2692 914 2738 explicandum,

69 2745 178 2785 quomodo
200 2746 259 2781 Deus
282 2745 383 2781 effectum
405 2745 498 2789 gratiae,
521 2744 653 2791 praesertim
672 2743 808 2787 sufficientis,
832 2744 915 2780 infalli-

71 2793 144 2830 biliter
161 2797 294 2841 praevideat
315 2797 335 2832 S.
354 2797 459 2841 Alfonsus
477 2797 619 2832 autemeam
636 2804 688 2832 non
705 2796 828 2833 admittit
844 2805 915 2841 neque

71 2843 95 2879 in
110 2855 150 2881 suo
165 2848 285 2892 systemate
298 2857 324 2883 11
337 2838 438 2892 indigere
453 2847 571 2883 existimat.
590 2848 659 2883 «Non
673 2847 787 2883 dicimus»
799 2847 836 2883 111
851 2849 916 2884 Herr-

71 2903 139 2931 monn
159 2899 238 2943 (instit.
257 2899 400 2945 11228111)
420 2901 516 2941 «Deum,
535 2900 666 2946 priusquam
682 2899 741 2935 ierat
759 2900 872 2935 decretum
889 2900 914 2935 de

71 2945 146 2984 danda
167 2951 242 2993 gratia
264 2949 390 2993 sufficiente,
413 2950 576 2996 explorare
591 2951 645 2995 quid
663 2951 768 2987 voluntas
784 2952 813 2987 sit
829 2950 913 2991 actura

71 2997 90 3031 si
108 2999 213 3037 11111111
233 3002 272 3038 1111
292 3003 341 3047 gra
342 3011 365 3038 ia
383 3002 403 3038 ei
423 3003 565 3044 concedatur;
585 3011 625 3039 nec
645 3002 782 3039 affirmamus
802 3005 872 3039 Deum
890 3002 916 3037 11
