2214 3350
152 177 160 200 Ὺ
223 183 335 233 scholium
351 183 367 218 1.
385 180 527 226 Molinismus
542 181 563 216 ei
576 181 738 225 'congruamus
868 178 906 217 511

55 289 114 331 646,
152 289 350 333 Praedestinatitr,
362 288 590 342 (cuius-pleniorem
605 289 787 340 explicationem
803 302 826 329 v.
844 290 862 330 P
881 288 904 328 Il

59 367 96 407 pr.
109 356 175 407 5355)
188 368 233 407 per
244 369 268 398 se
281 356 339 399 dicit
349 355 527 408 providentiam
539 356 751 405 supernaturalem,
766 356 782 395 i.
796 366 816 396 e.
830 354 906 396 aeter-

59 431 116 461 nam
129 420 154 460 in
169 423 247 463 mente
262 412 345 462 divina
358 420 566 472 praeparationem
580 420 723 468 mediorum,
740 420 827 471 quibus
840 431 905 461 erea-

59 486 113 526 tura
129 486 289 528 infallibiliter
302 486 447 538 perducatur
464 486 494 526 ad
511 484 585 525 finem
603 484 808 535 supernaturalem
826 485 872 535 ipsi
889 495 904 524 a

56 551 108 591 'Deo
121 551 288 602 praestitutum
305 552 335 603 (v.
352 551 445 599 raom,
462 550 486 591 S.
502 550 536 590 la.
552 553 563 591 1
577 562 600 601 q.
615 549 660 600 23).
677 550 755 590 Sicin
769 550 832 590 recto
846 548 906 589 dicit

53 615 139 656 aetum
151 615 227 656 divini
239 617 372 657 intellectus
382 617 406 658 et
418 616 444 656 in
456 614 554 666 obliquo
567 614 661 655 tantum
673 614 753 655 actum
766 613 902 654 uoluntatis.

60 681 107 722 Sed
124 680 194 721 hodie
213 680 453 732 praedestinationem
472 678 625 720 communius
642 680 726 720 eodem
744 673 814 719 sensu
831 678 906 719 sumi-

59 755 114 785 mus
131 756 158 785 ae
175 742 361 796 prepositum¹
373 746 491 794 divinum,
511 744 526 786 i.
546 757 566 786 e.
584 745 612 786 ut
629 742 765 785 ahsolutum
783 744 806 785 et
823 742 904 784 efficax

52 808 187 849 uoluntatis
203 809 298 850 diuinae
314 810 436 851 decretum
456 809 593 851 conferendi
616 807 732 850 creaturis
747 807 907 848 rationalibus

59 875 122 915 bona
132 866 326 931 ¹supernaturalia
341 875 399 926 (iem
412 874 477 926 apud
491 874 586 924 Suarez,
602 874 637 915 De
649 874 768 925 praedest.
783 872 799 913 l.
815 876 827 914 1
841 884 861 913 e.
877 872 906 913 17

60 930 85 979 in
99 939 167 990 line).
182 965 214 971 -
228 940 413 981 Praedestinatio
428 941 463 981 ad
478 939 600 991 gloriam
614 940 719 991 praecise
734 938 856 989 sumptam
868 938 904 978 est

59 1003 187 1051 decretum,
202 1015 250 1060 quo
263 1004 326 1044 Deus
339 1004 445 1054 aliquam
459 1004 592 1045 creaturam
605 1002 712 1045 absolute
724 1003 791 1052 eligit
804 1003 835 1044 ad
848 1001 905 1043 ulti-

59 1079 127 1108 murn
143 1068 218 1108 linem
234 1068 439 1119 supernaturalem
455 1068 620 1109 obtinendum.
631 1061 633 1064 ’
643 1068 685 1110 Est
707 1068 770 1109 ante
793 1067 902 1117 praevisa

59 1131 150 1180 merita,
167 1133 186 1173 si
199 1131 279 1183 prima
294 1121 402 1172 omnium
414 1127 582 1181 intentionum,
598 1134 673 1183 quam
686 1132 749 1172 Deus
763 1131 826 1173 circa
840 1131 904 1172 hane

54 1188 191 1236 ‘creaturam
208 1196 287 1244 habet,
303 1196 351 1236 iem
367 1195 444 1237 iertur
459 1196 485 1236 in
502 1195 603 1246 gloriam
620 1195 743 1237 caelestem
761 1196 808 1246 ipsi
825 1195 903 1247 gradu

49 1259 215 1301 'determinato
227 1272 255 1300 ex
266 1271 332 1300 mere¹
342 1258 492 1310 beneplacito
502 1260 525 1302 et
535 1260 639 1311 gratuita
650 1259 840 1311 praedilectione,
853 1261 904 1301 sive

59 1324 112 1364 ante
128 1334 224 1365 omnem
240 1325 373 1374 respectum
390 1324 538 1377 meritarum,
557 1324 738 1380 decernendam.
757 1324 805 1365 Hoo
823 1324 904 1365 tamen

59 1400 106 1429 non
121 1388 178 1430 dicit
191 1388 324 1440 quidquam
338 1389 367 1430 de
380 1389 452 1429 modo
465 1389 711 1440 exsecutionemque&
725 1388 790 1429 Deus
802 1388 903 1429 eandem

59 1453 214 1494 intentionem
231 1452 264 1494 ita
280 1452 352 1494 vellet
367 1453 511 1507 exsecutioni
529 1452 593 1502 dare,
610 1453 639 1495 ut
654 1452 755 1503 gloriam
773 1453 905 1503 aliquando

59 1517 130 1558 etiam
142 1527 241 1568 prorsus
252 1517 353 1568 gratuito
366 1517 390 1558 et
401 1517 452 1558 sine
464 1517 571 1568 respectu
582 1518 614 1558 ad
627 1518 712 1558 merita
722 1518 851 1558 collaturus
863 1516 901 1559 sit.

59 1583 122 1623 Deus
136 1582 200 1623 enim
215 1582 304 1623 adultis
317 1581 419 1633 gloriam
435 1583 468 1624 ite
482 1583 534 1624 vult
548 1583 663 1632 conferre,
680 1584 707 1624 ul
720 1594 775 1624 vere
791 1583 822 1624 sit
835 1594 903 1635 prae-

59 1648 136 1688 mium
153 1648 300 1689 merilnrum.
319 1647 401 1699 Itaque
417 1647 600 1698 praedestinatio
618 1648 674 1689 ante
690 1648 800 1698 praevisa
817 1649 903 1689 merita

58 1712 127 1754 unice
140 1713 230 1764 spectat
240 1714 271 1754 ad
284 1713 387 1764 primani
399 1713 556 1754 intentionem
568 1712 626 1763 sinis
639 1712 726 1762 ultimi,
740 1724 788 1754 non
801 1714 832 1754 ad
845 1703 905 1754 elee-

59 1778 147 1818 lionem'
162 1779 304 1827 mediorum,
322 1779 410 1830 quihus
427 1778 558 1819 consecutio
575 1779 633 1819 finis
650 1778 806 1819 determinato
821 1779 901 1829 aliquo

58 1843 128 1884 medo
139 1843 286 1894 procuretur.
299 1843 376 1894 Elegit
385 1843 464 1885 autem
475 1843 538 1884 Deus
549 1855 604 1884 eum
617 1843 901 1892 ordinem'enseeutionis,

58 1907 83 1948 in
98 1920 144 1960 quo
159 1908 245 1949 merita
260 1908 315 1949 aunt-
328 1908 407 1949 media
422 1919 466 1959 per
479 1908 654 1959 providentiam
669 1909 692 1950 et
705 1908 902 1959 gubernationem

58 1973 165 2014 divinam
178 1973 328 2024 procuranda
340 1973 370 2014 ad
383 1972 540 2014 obtinendum
554 1972 630 2014 linem
643 1973 756 2014 ultimum
770 1973 840 2015 antea
852 1974 902 2014 iam
956 1970 959 1976 ’

58 2037 164 2080 absolute
182 2038 308 2079 intentum.
330 2064 363 2070 --
382 2037 569 2079 Praedestinatio
593 2037 682 2088 gloriae
706 2040 769 2089 poet
792 2038 903 2090 praevisa

58 2104 142 2145 merita
156 2104 225 2144 dicit:
242 2103 305 2145 Deus
318 2103 401 2144 eodem
414 2104 485 2145 niodo
499 2110 522 2144 et
533 2104 624 2152 ordine,
639 2114 686 2154 quo
701 2104 845 2154 intempore
859 2116 904 2144 sua

58 2168 121 2209 dona
136 2167 328 2219 supernaturalia
345 2169 442 2220 confert,
460 2180 488 2209 ea
504 2170 533 2209 ab
550 2168 645 2210 aeterno
661 2170 830 2220 praedestinare
846 2170 861 2209 i.
880 2181 901 2210 e.

58 2233 157 2275 seientia
170 2233 285 2285 simplicis
300 2233 475 2285 intellegentiae
491 2236 514 2276 et
529 2233 628 2284 scientia
644 2228 723 2275 media
739 2236 803 2276 Deus
819 2246 903 2286 cogno-

59 2309 126 2340 scens
148 2299 228 2340 varios
252 2300 327 2340 honos
345 2299 448 2342 ,ordines
462 2300 597 2350 possibiles
620 2300 644 2342 et
667 2289 810 2353 iuturihileS,
836 2300 906 2351 eligit

58 2374 141 2413 unum,
163 2365 189 2405 in
209 2376 256 2416 quo
276 2377 298 2407 v.
320 2377 342 2416 g.
365 2365 451 2405 Petrus
471 2376 514 2415 ope
534 2365 667 2422 gratiarum
689 2366 733 2406 sihi
755 2365 903 2416 comparabit

58 2430 143 2471 merita
163 2430 236 2481 atque
255 2430 309 2481 post
321 2431 345 2471 et
357 2430 455 2482 propter
468 2431 525 2471 haec
540 2430 626 2471 merita
647 2431 746 2481 accipiet
767 2431 902 2480 praemium

58 2492 154 2543 gloriae.
172 2495 277 2546 Nepotur
293 2506 350 2545 ergo
365 2487 427 2536 illud
451 2495 571 2536 decretum
594 2495 737 2544 absolutum,
762 2507 809 2546 quo
826 2495 906 2546 gloria

58 2558 121 2601 Petri
138 2560 249 2611 primum
265 2560 452 2611 independenter
471 2561 500 2601 ab
518 2560 584 2601 omni
603 2560 710 2611 respectu
729 2560 869 2601 meritorum
888 2572 903 2601 a

58 2622 106 2664 Deo
120 2625 253 2667 intenditur
265 2626 288 2667 et
299 2624 441 2666 decernitur.
456 2625 538 2666 Potius
552 2632 613 2666 totns
627 2626 685 2666 ordo
699 2624 838 2676 gratiarum,
854 2637 906 2678 mem

58 2686 166 2737 ritorum,
182 2690 270 2740 gloriae
285 2689 368 2731 eodem
383 2689 476 2731 decreto
490 2691 533 2731 Dei
548 2690 656 2730 absoluto
670 2690 743 2730 simul
759 2691 902 2739 decernitur,

59 2750 128 2803 atque
139 2754 203 2794 intra
214 2754 309 2804 singula
318 2755 391 2794 huius
402 2754 494 2795 ordinis
506 2755 613 2795 membra
624 2754 726 2795 habetur
737 2756 805 2796 varia
816 2756 906 2806 deperi.

52 2814 139 2860 dentia
150 2817 259 2867 earisaliS,
272 2819 332 2860 ratio
343 2818 393 2859 scil.
407 2818 485 2859 meriti
498 2820 521 2861 et
533 2818 642 2870 praemii,
656 2819 830 2869 impetrationis
842 2818 903 2860 eius-

59 2890 104 2930 que
117 2883 211 2924 fructus
222 2884 274 2933 eta,
288 2885 312 2925 et
321 2882 435 2924 ultimum
450 2884 593 2932 membrum,
608 2894 694 2936 nempe
707 2885 784 2936 pluria
797 2884 907 2925 caelestis

59 2954 146 2996 magna
161 2959 191 2988 ex
206 2948 273 3003 parte
288 2947 361 2989 habet
375 2948 492 2988 rationem
507 2947 609 3002 praemii
624 2949 773 2989 meritorum.
