2214 3350
200 119 313 163 Scholiuni
327 127 345 163 2.
363 128 383 163 S.
402 127 497 162 Thomas
513 127 539 163 de
555 128 655 172 proxima
672 127 814 173 dispositione
895 124 935 161 2492

84 235 142 270 fesso
160 235 207 280 agit
221 235 506 280 q.113a.8:Re1nissio
530 234 625 280 culpae
648 235 764 279 tamquam
786 234 837 270 finis
861 236 934 270 huius

84 286 159 321 motus
174 286 206 322 est
221 286 325 321 ultimum
340 288 364 322 in
380 287 522 323 exsecutione.
550 287 589 333 (Ex
611 287 674 332 parte
696 286 793 322 hominis
814 285 929 327 iustificati

84 338 158 382 quoad
176 347 223 373 rem
242 338 300 373 idern
320 339 362 376 est:
386 339 510 374 consecutio
535 337 570 373 vei
595 338 705 383 susceptio
728 338 817 382 prattae,
839 338 927 382 adeptio

85 389 190 432 iustitiae,
206 399 226 424 v.
243 391 272 432 ad
287 389 296 424 1
312 391 333 426 et
347 391 374 437 2.)
391 390 509 427 Peccatum
525 389 646 425 remittitur
660 390 695 424 vel
710 389 785 434 gratia
800 389 926 435 suscipitur,

84 441 148 485 quia
174 441 238 476 adest
264 441 417 487 dispositio.
446 443 504 486 Ergo
524 442 578 477 haec
599 441 715 487 dispositio
736 441 812 477 ordine
832 441 931 477 naturae

83 492 200 538 praecedit.
226 492 347 528 Detestatio
363 494 448 539 peccati
464 492 489 527 nt
506 503 531 529 ex
548 493 641 528 caritate
664 493 711 536 Dei;
735 501 786 536 ergo
809 492 882 528 motus
899 493 927 526 in

84 545 164 579 Deum
177 544 260 579 natura
274 545 335 590 prior
348 547 380 581 est
394 546 456 581 motu
470 546 498 580 in
511 544 660 590 peccatum.
676 545 739 581 Unde
754 544 811 591 inter
825 544 869 580 ista
883 543 927 579 tria

83 597 115 632 est
130 598 183 632 ordo
196 596 244 633 hie:
262 596 328 632 Actus
342 596 394 633 fidei
407 597 476 641 vivae,
493 596 556 632 actus
570 596 716 639 contritionis,
733 596 833 631 remissio
849 595 926 641 culpae

84 643 138 693 (sive
155 644 280 684 consecutio
296 648 398 694 gratiae).
423 649 488 684 Prior
511 648 585 683 autem
608 656 676 692 quam
698 647 771 683 motus
788 646 876 683 mobilis
894 650 927 683 est

82 700 164 734 motio
181 700 323 742 moventis,
343 709 399 745 quae
417 701 442 736 in
458 700 534 735 nostro
554 709 608 736 casu
626 699 728 735 consistit
745 700 770 734 in
786 699 926 735 infusione

82 750 188 795 gratiae
206 760 231 787 ex
246 751 309 796 parte
326 752 375 787 Dei:
397 752 505 788 «Gratiae
522 752 605 786 infusio
622 760 691 787 causa
708 751 741 786 est
758 750 856 786 omnium
874 750 927 786 alio-

81 811 138 845 rum,
154 811 210 847 quae
224 803 368 848 requiruntur
383 805 412 839 ad
425 803 605 839 iustificationem
620 802 725 848 impii...
742 802 799 847 Ergo
815 803 847 838 est
862 803 926 838 natu-

81 854 159 890 raliter
169 854 242 899 prior.
283 855 336 900 Ipsa
345 856 415 900 igitur
424 856 464 891 Dei
474 855 583 891 moventis
593 854 662 890 motio
672 854 707 890 est
718 855 803 900 gratiae
814 854 903 889 infusio.
914 866 929 886 n

80 906 126 941 Hoc
142 905 211 950 igitur
225 906 273 941 loco
287 907 417 951 neutiquam
433 907 550 951 distinpait
565 907 623 942 infer
639 906 747 943 auxilium
762 907 801 943 Dei
816 906 928 941 moventis

81 957 102 993 et
120 958 257 993 infusionem
275 958 367 1003 gratiae,
390 968 445 1003 quae
465 956 588 994 seeumum
606 958 736 994 consuetam
755 957 802 994 eius
822 958 925 994 termino-

80 1007 164 1053 logiam
182 1009 203 1044 et
220 1009 341 1045 secundum
365 1009 424 1045 hunc
448 1010 573 1045 contextum
597 1010 684 1046 videtur
709 1010 858 1054 intellegenda
877 1019 924 1046 esse

80 1060 156 1104 gratia
171 1060 332 1096 habitualis.
350 1062 419 1096 Porro
437 1062 471 1096 hic
488 1062 577 1097 0111111110
594 1062 627 1097 θε1
644 1071 717 1097 sermo
734 1063 760 1097 de
777 1070 846 1098 causa
863 1061 924 1096 eiii-

35 1156 37 1162 *
80 1111 176 1148 ciente.
197 1112 233 1148 Sic
251 1113 326 1148 autem
343 1112 415 1148 oritur
433 1113 511 1157 ingens
530 1113 698 1150 difficultas:
722 1114 832 1156 Quomodo
851 1113 923 1159 potest

79 1163 108 1205 id,
127 1163 185 1207 quod
201 1164 231 1199 ad
246 1163 384 1200 habitualem
400 1164 496 1209 gratiam
511 1166 662 1210 recipiendam
679 1165 783 1210 disponit,
801 1166 828 1201 ab
846 1165 923 1200 eadem

79 1215 154 1259 gratia
169 1214 234 1250 efficii
250 1215 299 1252 Vel:
320 1216 342 1252 Si
357 1216 433 1260 gratia
447 1215 588 1252 sanctificans
603 1216 689 1251 homini
705 1216 777 1260 datur,
795 1217 859 1261 quia
875 1212 923 1252 con-

79 1265 146 1301 tritus
161 1266 200 1308 est,
217 1276 260 1311 quo
274 1268 339 1312 pacto
353 1268 426 1312 potest
441 1269 461 1303 ei
477 1268 533 1309 dari,
549 1269 577 1303 ut
592 1267 734 1303 conteratur?

78 1374 134 1415 345,
168 1374 270 1409 Molina
285 1373 357 1419 (Cone.
374 1382 393 1417 q.
410 1372 433 1408 14
446 1381 464 1407 a.
483 1371 505 1407 13
519 1371 574 1416 disp.
591 1371 623 1417 te)
639 1370 841 1416 impossibilitatem
855 1369 923 1405 huius

78 1426 207 1468 sententiae,
223 1434 290 1470 quam
306 1425 325 1461 S.
342 1424 439 1460 Thomas
453 1433 499 1459 esse
514 1423 619 1465 concedit,
635 1423 690 1458 bene
705 1422 805 1458 ostendit.
824 1423 922 1458 suarez

80 1478 101 1523 (i.
117 1477 128 1513 8
141 1487 158 1513 c.
175 1476 252 1522 11-11)
268 1477 321 1512 item
335 1477 383 1512 fuse
398 1475 534 1512 demonstrat
548 1474 751 1519 impossibilitatem
764 1474 816 1510 talis
830 1473 922 1510 mutuae

77 1529 224 1571 causalitatis,
240 1529 278 1563 sed
290 1528 354 1573 putat
369 1528 389 1564 S.
405 1528 513 1563 Thomam
526 1527 559 1562 ita
572 1526 677 1571 explicari
691 1535 761 1571 posse,
777 1526 802 1561 ut
815 1527 856 1561 sub
869 1535 921 1562 voce

77 1580 196 1616 infusionis
210 1579 295 1624 gratiae
308 1579 409 1614 hocloco
422 1578 537 1622 intellegat
549 1577 690 1613 collationem
703 1577 789 1622 gratiae
803 1578 926 1613 actualis

79 1632 104 1677 (c.
119 1631 157 1677 14).
171 1650 194 1656 —
207 1631 230 1667 Si
243 1631 378 1666 infusionem
391 1630 477 1675 gratiae
490 1629 640 1674 intellegimus
655 1629 724 1663 totam
737 1629 859 1673 gratuitam
873 1637 921 1672 ope-

76 1683 192 1726 rationem,
207 1692 273 1727 quam
285 1684 343 1718 Deus
356 1683 440 1727 inipso
452 1682 550 1716 instante
562 1679 726 1716 iustificationis
740 1681 829 1724 exercet,
844 1681 920 1725 utique

76 1734 151 1780 gratia
170 1733 298 1776 actualis,
320 1742 411 1769 movens
430 1732 525 1768 libermn
546 1732 664 1768 arbitrium
685 1733 714 1768 ad
735 1732 814 1776 actum,
837 1732 920 1768 natura

76 1786 137 1831 prior
157 1786 189 1821 est
210 1795 249 1820 suo
270 1785 354 1827 effectu3
376 1784 449 1830 gratia
468 1793 520 1820 uero
540 1783 703 1827 habitualis,
726 1784 801 1819 eodem
820 1783 919 1818 instante

76 1837 241 1884 superveniens,
258 1838 331 1872 aetum
345 1837 379 1872 ita
394 1835 512 1881 dipnificat,
530 1837 554 1871 ut
569 1835 609 1871 fiat
625 1836 651 1871 de
667 1835 776 1879 condigno
791 1835 919 1871 meritorius

75 1889 134 1925 vitae
146 1889 254 1925 aeternae.
267 1889 330 1923 Hanc
342 1888 401 1923 enim
411 1888 520 1924 rationem
531 1887 605 1923 meriti
616 1887 712 1923 Thomas
722 1888 835 1933 proximae
847 1888 925 1932 dispo--

76 1941 151 1975 sitioni
159 1936 247 1984 absque
260 1940 320 1975 omni
333 1939 399 1975 dubio
412 1948 498 1984 semper
510 1939 618 1975 adscribit
631 1939 657 1984 (v.
672 1948 693 1983 g.
709 1948 727 1983 q.
742 1938 778 1975 112
790 1948 809 1974 a.
823 1939 836 1975 2
848 1939 877 1974 ad
891 1939 916 1984 1).

75 1993 150 2037 Neque
160 1990 216 2027 haec
227 1992 300 2038 opinio
312 1992 372 2028 caret
382 1991 509 2027 difficultate
522 1993 549 2038 (v.
561 2001 581 2027 n.
595 1990 646 2037 ni),
659 1991 698 2026 sed
709 1990 787 2026 saltem
797 1991 920 2027 nonhabet

75 2052 185 2079 summam
201 2043 264 2078 illam
281 2043 438 2085 difficultatem,
456 2052 523 2087 quam
539 2043 604 2078 modo
620 2043 716 2078 vidimus
734 2043 754 2078 et
771 2052 837 2088 quam
853 2042 919 2077 multi
940 2082 941 2085 Ἴ

74 2095 148 2140 potius
164 2095 261 2130 dicerent
277 2096 379 2140 apertam
394 2094 571 2140 repugnantiam.
589 2114 613 2119 —
627 2094 781 2130 Themistae
797 2096 821 2129 111
836 2094 878 2130 hac
894 2103 918 2129 re

75 2146 206 2192 explicanda
225 2155 271 2181 non
290 2146 430 2182 concordant.
452 2147 567 2181 Ioannes
588 2156 603 2181 a
624 2147 644 2182 S.
666 2147 774 2189 Thema,
798 2146 917 2192 Sylvius,

74 2198 227 2233 Contenson
240 2198 315 2233 dicunt
327 2198 431 2234 ultimam
443 2198 610 2243 dispositionem
624 2207 670 2234 esse
684 2198 780 2233 effective
794 2200 821 2234 ab
835 2197 923 2234 auxilio

74 2250 166 2291 actuali}
181 2251 273 2293 Genet,
292 2250 372 2286 Serra
388 2250 408 2286 et
423 2250 462 2285 alii
479 2260 489 2286 e
505 2250 583 2285 contra
600 2250 677 2285 dicunt
692 2259 741 2285 eam
758 2259 804 2287 esse
820 2250 918 2285 effective

74 2302 101 2336 ab
118 2301 168 2347 ipsa
185 2302 259 2346 gratia
276 2302 392 2337 lectitanti..
417 2302 515 2337 Tandem
538 2301 643 2336 Goudin
665 2301 730 2347 putat
753 2303 815 2337 actus
838 2301 917 2337 ultimo

73 2352 215 2399 disponentes
229 2362 275 2388 esse
290 2353 387 2388 effective
401 2362 415 2387 a
428 2353 508 2388 nirtnte
522 2352 598 2397 intusa
612 2352 713 2389 caritatis
727 2354 747 2388 et
760 2354 916 2399 poenitentiae,

73 2413 130 2448 quae
146 2413 193 2439 non
208 2405 365 2449 permanenter
382 2414 422 2449 per
438 2405 528 2439 modum
546 2404 643 2447 habitus,
663 2406 702 2440 sed
721 2406 860 2440 transeunter
877 2414 924 2451 per·

71 2456 163 2490 modum
174 2456 269 2491 actualis
281 2456 359 2491 auxilii
372 2456 392 2491 et
403 2456 507 2491 motionis
520 2457 683 2491 communicata
696 2457 730 2492 sit.
745 2456 864 2492 Billuart
878 2456 916 2501 (ite

74 2508 129 2550 prat.
146 2508 199 2543 diss.
216 2507 261 2544 ”la
278 2509 290 2543 4
305 2509 314 2553 ἓ
330 2508 348 2553 t)
367 2508 429 2543 dicit:
450 2508 552 2543 «Mirum
566 2509 661 2543 fortasse
676 2508 787 2544 videbitur
803 2508 916 2553 theologos

72 2558 96 2593 in
113 2559 244 2604 explicanda
261 2560 303 2596 hac
321 2558 448 2594 difficultate
466 2559 498 2595 ita
516 2560 625 2595 desudare
644 2560 664 2595 et
682 2560 785 2604 torqueri,
804 2569 855 2595 cum
872 2560 916 2606 ipsi

71 2610 186 2646 fateantur
204 2620 250 2646 esse
267 2611 338 2654 inopis
357 2610 460 2645 subtilem
477 2619 544 2655 paam
560 2612 656 2646 afilem»
677 2612 704 2657 (v.
723 2611 804 2657 Studet·
821 2621 842 2647 n.
862 2611 914 2658 223).

71 2661 178 2697 Medina
191 2663 212 2697 et
225 2663 286 2698 Soio
300 2663 326 2698 de
338 2662 466 2697 difficultate
480 2663 500 2698 et
513 2663 575 2699 tenui
588 2663 685 2699 utilitate
699 2663 764 2698 huius
778 2664 915 2708 quaestionis

71 2713 130 2748 idem
148 2713 246 2749 tulerant
265 2714 373 2749 iudicium
393 2713 419 2758 (v.
440 2715 458 2749 P
477 2714 528 2760 360).
550 2715 701 2750 Nihilominus
719 2716 745 2750 N.
767 2716 808 2750 del
827 2716 915 2751 Prado

73 2763 111 2808 (De
130 2766 185 2808 prat,
205 2768 226 2800 et
243 2766 278 2801 lib.
299 2766 344 2801 arb.
364 2766 415 2800 torn.
435 2765 452 2811 1)
472 2766 497 2801 in
514 2767 555 2802 hac
574 2767 674 2802 doctrina
692 2767 751 2802 videt
768 2768 915 2813 principalem

71 2814 155 2851 clavem
170 2816 238 2852 totius
254 2818 275 2853 S.
293 2817 389 2852 Thomae
405 2816 431 2852 de
446 2818 521 2861 gratia
538 2818 657 2861 doetrinae,
674 2818 784 2863 imprimis
801 2821 829 2855 ad
845 2819 914 2855 effica-

71 2867 129 2902 ciam
144 2868 230 2912 gratiae
246 2869 288 2904 rite
304 2867 476 2912 intellegendam
492 2871 688 2914 pernecessariam.
707 2870 751 2905 Alii
768 2880 853 2916 quoque
870 2881 915 2906 mo-

71 2917 134 2952 derni
151 2919 277 2955 Thomistae
296 2920 322 2955 ab
341 2920 383 2955 hac
398 2919 462 2965 parte
480 2920 632 2956 Molinismum
649 2921 738 2967 penitus
756 2923 852 2959 evertere
871 2923 921 2958 stu--
