2214 3350
185 181 222 219 498
344 153 399 220 sect
413 183 438 220 V.
453 184 498 219 Art.
514 183 549 238 ΙΙ.Ἰ
558 183 681 230 Explicatio
693 181 779 228 gratiae
793 181 887 219 efficacis
909 193 910 196 ¹

184 289 366 331 colliniarietate
379 303 427 332 non
441 292 498 333 satis
510 291 667 343 distingueret
681 293 712 344 (v.
727 302 752 331 n.
766 292 807 331 548
815 290 844 342 sl.
858 316 889 322 -
902 290 1031 341 Postquam

179 364 228 404 ,par
247 353 462 405 philosophiam
483 354 686 396 scholasticam
704 352 835 395 clarissime
854 353 975 393 ostensum
996 352 1032 393 est
1096 341 1107 402 ’,ξ

184 416 216 457 ad
232 415 367 459 libertatem
385 417 410 460 et
426 417 636 469 imputabilitatem
660 416 762 458 alicuius
784 417 851 458 actus
874 416 964 467 requiri
979 416 1032 456 eius

184 478 319 521 libertatern
338 480 369 521 ab
386 482 452 522 omni
479 481 573 522 interna
597 478 782 528 necessitatene,
809 491 857 520 non
881 479 929 520 iam
953 478 1033 529 potuit

182 543 265 584 <media
277 543 318 584 via
332 543 391 593 sisti;
407 545 448 585 sed
462 550 503 585 aut
517 555 571 584 cum
587 542 759 584 lansenistis
771 543 887 584 haeretice
902 541 1030 583 dicendum

185 606 251 647 erat:·
266 607 313 647 «In
326 607 390 649 statu
402 607 500 648 naturae
514 605 595 656 lapsae
609 616 657 646 non
670 606 801 656 requiritur
814 605 912 646 libertas
925 618 940 647 a
953 616 1031 646 neces-

186 669 281 718 sitate»;
299 676 412 711 antonin
429 668 693 719 Augustinensibus
710 675 791 709 contra
805 669 908 719 topicam
924 668 1031 719 praeten-

181 732 292 780 vdandum
309 734 398 773 servari
414 731 548 773 libertatem
564 744 579 772 a
595 730 739 781 necessitate
756 731 849 772 etiarnsi
866 742 895 772 ex
912 731 960 772 solo
976 731 1030 772 actu

185 795 265 846 primo
283 795 455 836 determinatus
472 795 539 836 actus
558 795 677 836 secundus
695 794 856 842 infallibiliter
874 795 997 836 secuturus
1015 805 1031 835 a

185 858 235 898 Deo
252 857 472 908 praecognoscatur3
488 864 530 898 ant
549 857 645 898 tandein
663 870 718 899 curn
744 857 854 899 Mutina
878 859 902 900 et
925 858 1029 898 Snarez

185 921 251 961 ideae
270 921 294 961 S.
314 920 442 972 Augustini
458 920 487 961 de
506 923 653 972 conpruitate
670 920 760 971 gratiae
778 920 878 962 efficacis
895 921 945 961 tam
963 927 1031 961 caute

146 1025 149 1031 ,
185 983 328 1023 evolvendae
339 983 374 1031 et‚‘
383 983 426 1024 ubi
436 994 498 1033 opus
509 982 563 1033 fuit,
577 983 753 1034 modificandae
765 983 840 1033 erant,
853 984 881 1024 ut
892 995 947 1024 nera
960 982 1029 1024 tiber.

185 1051 219 1085 tas
231 1045 419 1096 indifferentiae
437 1058 492 1087 cum
515 1045 633 1087 eiusmodi
654 1046 801 1098 congruitate
823 1047 884 1088 stare
905 1047 1029 1096 ettamen

183 1109 320 1159 infallibilis
333 1109 441 1160 efficacia
452 1109 542 1160 gratiae
555 1121 672 1160 congruae
685 1109 772 1151 salvari
784 1110 869 1160 posset,
884 1111 900 1150 i.
913 1121 933 1150 e.
947 1109 1028 1151 efferri

184 1171 266 1212 debuit
284 1172 420 1222 conpraitac
438 1171 569 1221 essentialis
586 1183 616 1212 ex
634 1182 750 1213 consensu
763 1170 1029 1214 'condicionatefuturo

183 1234 286 1275 oriunda
300 1234 324 1275 et
336 1246 379 1286 per
393 1235 518 1275 scientiane
531 1235 638 1280 mediam
652 1248 665 1276 a
680 1236 728 1276 Deo
744 1235 902 1287 praecognita.
1040 1246 1044 1253 ’
1098 1232 1101 1234 “

178 1388 180 1391 ’
260 1403 360 1449 Tlresfs
366 1405 416 1448 24.
431 1403 573 1445 Efficaciam
587 1404 680 1456 gratiae
694 1403 842 1446 Moliuismus
855 1415 900 1457 ope
914 1403 1028 1446 scientiae

184 1466 276 1507 mediae
292 1467 362 1532 recte¹
373 1466 484 1519 explicat.

182 1579 237 1621 626·
270 1582 288 1616 Ρ
302 1590 335 1626 rr·
352 1569 386 1617 ez(
398 1600 421 1606 -
435 1580 505 1617 raim.
523 1580 646 1625 anessa
662 1600 686 1607 -
700 1583 766 1618 Mazi.
784 1591 805 1618 n.
820 1581 919 1618 esa-no.
934 1554 963 1607 -'
972 1580 1025 1618 Lan.

183 1633 214 1668 th.
229 1631 258 1668 36.
272 1651 295 1658 -—
309 1632 382 1669 Schiff.
399 1642 419 1668 n.
433 1632 535 1669 257-269.
549 1652 573 1659 -—
584 1634 633 1669 Ber.
648 1642 669 1670 n.
685 1632 785 1670 597—692.
798 1653 822 1659 -
832 1635 858 1670 Η.
874 1633 969 1677 Quilliet
985 1634 1027 1669 art.

183 1683 327 1728 Conpruisme
338 1686 364 1720 in
376 1684 443 1721 Dara
456 1684 474 1728 3,
489 1684 608 1722 112o-11138
623 1686 762 1732 (praesertim
776 1684 894 1722 nat-1126
908 1685 955 1722 1129
962 1685 988 1731 s).
1095 1680 1106 1700 ⁵

255 1769 295 1815 st.
308 1781 356 1827 qu.
374 1773 394 1811 l.
408 1761 503 1812 Nexum
513 1784 536 1812 v.
552 1782 575 1811 n.
589 1773 638 1812 578.
652 1771 729 1812 Falsis
741 1770 940 1822 explicationibus
952 1772 985 1812 th.
1001 1774 1028 1813 22

183 1833 206 1873 et
217 1835 244 1873 23
259 1832 351 1887 reiectis
366 1845 430 1875 nunc
445 1844 501 1874 vera
517 1833 636 1875 statuitur.
1035 1863 1038 1868 .

183 1947 237 1988 627.
273 1951 294 1989 2.
314 1946 412 1989 Sensus.
430 1946 557 1989 Problerna
574 1947 715 1989 solvendum
731 1960 754 1989 v.
771 1959 795 1989 n.
814 1949 894 1991 554et
909 1950 957 1989 579.
974 1947 1027 1989 Non

182 2011 261 2061 agitur
277 2010 307 2051 de
321 2010 457 2052 efficacia
472 2012 576 2060 victurio,
594 2022 654 2062 quae
671 2012 706 2053 est
723 2023 751 2052 ex
767 2011 819 2062 ipsa
836 2011 921 2053 natura
938 2011 1026 2063 gratiae

177 2068 258 2125 ¹neque
272 2073 322 2114 ullo
337 2074 408 2114 modo
421 2086 435 2114 a
450 2084 566 2114 consensu
581 2075 674 2124 pendet.
690 2074 777 2126 Agitur
791 2075 819 2116 de
834 2074 936 2116 efficacia
949 2075 1026 2127 operis

178 2137 232 2191 sive
244 2137 407 2185 connexione
420 2137 461 2191 sed
474 2138 532 2177 haec
546 2148 593 2190 non
605 2136 663 2178 dicit
675 2138 751 2178 solam
763 2139 789 2178 in
802 2144 856 2178 actu
868 2138 969 2178 secundo
981 2137 1026 2178 effi·
1095 2131 1107 2194 Jsijf

182 2200 279 2248 naniam,
293 2211 354 2251 quae
367 2199 447 2250 aperte
460 2199 600 2250 producitur
613 2199 776 2250 cooperatione
789 2200 878 2251 gratiae
892 2200 1027 2241 adinventis

182 2262 205 2302 et
218 2261 287 2314 liberi
301 2261 395 2303 arbitrii
408 2261 583 2303 consentientis.
599 2262 774 2313 Explicandum
787 2262 827 2311 est,
843 2264 960 2312 quomodo
975 2263 1026 2313 gra·

182 2325 216 2365 tia
229 2324 311 2378 efficax
322 2324 378 2365 iarn
393 2324 422 2364 in
435 2324 498 2365 actu
514 2323 607 2375 primo
622 2324 655 2366 ita
669 2324 830 2377 distinguatur
843 2338 858 2367 a
872 2326 948 2377 gratia
962 2336 1026 2366 mere
1096 2321 1107 2371 {Ji

182 2387 317 2436 sufficiente,
334 2388 361 2430 ut
374 2388 426 2439 ipsa
441 2386 602 2429 infallibiliter
617 2387 731 2429 effectura
745 2388 777 2429 sit
788 2399 936 2438 consensum,
953 2388 1026 2429 altera

181 2443 261 2494 autern
274 2451 445 2505 infallibiliter
468 2451 500 2492 sit
523 2450 628 2491 caritura
651 2461 774 2501 consensu,
800 2452 870 2509 atque
896 2443 929 2493 sic
951 2451 1026 2503 gratia

180 2516 261 2556 efficax
274 2527 322 2566 qna
337 2511 480 2567 beneficiam
494 2514 606 2554 diuinum
619 2515 713 2564 superet
725 2515 826 2564 gratiam
839 2526 898 2566 pure
912 2514 1026 2556 sufficien-

181 2579 236 2619 tem.
247 2603 278 2609 *-
288 2576 430 2618 Tentamina
443 2576 575 2625 solutionis
588 2589 648 2628 quae
660 2578 693 2619 th.
707 2581 734 2619 22
745 2578 769 2620 et
780 2581 807 2620 23
819 2578 950 2627 reiecimus‘‚
964 2588 1027 2618 corn-

181 2653 254 2682 mune
266 2642 291 2682 id
303 2641 399 2690 habent,
412 2641 440 2682 ut
451 2640 579 2692 efficaciam
591 2651 620 2680 ex
631 2640 745 2682 interna
757 2640 860 2682 natura
872 2640 1025 2689 auxiliorum,

181 2704 229 2744 siue
241 2705 348 2745 absolute
361 2705 409 2745 sive
421 2702 520 2746 relative
532 2703 563 2744 ad
574 2703 710 2753 praesentes
720 2703 871 2745 condiciones
882 2703 951 2745 liberi
963 2704 1026 2745 achia

181 2767 344 2818 adspectata,
358 2767 415 2808 hinc
427 2779 456 2808 ex
466 2766 581 2807 interno
595 2765 775 2815 discrimine,
790 2767 838 2808 sive
852 2766 962 2817 specifico
973 2766 1025 2807 ,sive

181 2829 299 2881 graduali,
318 2829 381 2870 inter
399 2830 489 2871 auxilia
505 2828 608 2870 efficacia
624 2830 647 2871 et
665 2840 724 2881 pure
743 2829 882 2870 sufficientia
899 2829 1025 2881 explicent,

180 2894 213 2935 ita
227 2885 337 2944 quidem,v
355 2893 383 2933 ut
401 2887 457 2933 iam
477 2903 511 2933 ex
530 2891 594 2933 actu
614 2893 706 2943 primo
726 2891 857 2934 voluntatis
871 2894 914 2933 sub
929 2892 1026 2933 influxu

181 2956 235 2997 talis
250 2955 340 3007 gratiae
364 2955 504 2997 constitutae
529 2953 689 2997 infallibiliter
707 2968 721 2997 a
738 2956 787 2997 Deo
812 2955 918 3006 dignosci
943 2954 1025 3008 possit,
