2214 3350
202 226 237 262 378
387 227 442 262 Sect.
459 227 494 262 IV.
510 228 540 262 De
553 227 636 262 natura
650 226 737 270 gratiae
752 226 847 262 actualis

200 336 293 370 conatus
307 334 432 380 [obtinendi
445 335 570 380 caritatem]
584 334 691 380 supponit
703 333 789 378 aliquid
800 332 978 380 supernaturale,
991 334 1047 378 puta

200 386 235 422 vel
249 385 316 422 fidem
330 386 450 422 intormem
465 387 500 423 vel
515 386 617 422 auditum
632 385 731 430 aliquem
746 386 773 421 de
789 387 855 421 rebus
871 384 1046 431 supernaturali-

200 439 249 480 bus3
273 446 318 472 non
342 438 417 474 autem
441 438 531 484 oportet,
556 437 615 482 quod
636 437 757 483 praecedat
774 437 849 483 ipsum
865 437 939 482 gratia
956 438 1059 482 gratum

200 490 290 525 iaciens.
318 489 375 525 Item
392 490 461 526 istum
479 488 583 525 conatum
607 489 721 534 praeeedit
745 489 942 533 quaedammotio
962 489 1044 529 divina,

200 550 245 586 qua
259 541 325 576 homo
340 542 442 577 movetur
457 542 486 577 ad
499 542 581 576 bonum
597 541 775 586 supernaturale,
792 540 894 577 iaciendo
910 542 968 586 quod
982 540 1008 576 in
1023 550 1045 576 se

201 593 239 629 est.
250 605 260 625 11
276 612 300 618 -
314 594 463 638 Dionysius
480 593 600 628 Carthus.
621 593 644 638 (1
662 591 725 639 1471),
742 593 796 628 192
812 594 832 629 d.
849 594 861 631 5
876 603 895 638 q.
912 593 930 637 3,
946 592 1046 638 loquitur

199 645 226 680 de
242 645 326 680 actuali
342 645 439 691 quadam
453 644 548 679 motione
565 644 662 690 Spiritus
679 644 760 681 Sancti.
777 646 911 681 -1999995
927 645 953 681 de
969 644 1045 680 Paltz

200 698 223 733 Ο.
242 698 262 734 S.
279 698 334 742 Aug.
353 696 468 742 (magister
482 696 580 739 Lutheri,
597 696 613 740 1
629 695 694 743 1511),
711 697 822 741 supplem.
840 697 997 743 Coeiifodinae,
1014 698 1044 733 119

200 748 342 783 conversione
357 749 427 792 tertia,
444 748 546 784 accurate
561 748 680 793 distinguit
694 748 832 784 adiutorium
845 750 886 785 Dei
901 749 1002 794 peneraie
1016 749 1046 784 ad

199 810 288 837 omnem
302 801 377 837 actum
389 800 540 836 necessarium
554 800 575 834 91
590 799 692 844 spectate,
707 809 751 845 quo
765 799 831 835 homo
845 808 868 836 se
883 802 1002 846 praeparet
1016 799 1045 834 ad

199 853 367 898 suscipiendum
385 853 406 889 S.
423 852 521 897 ‘Spiritus
540 853 628 887 donum.
649 871 673 877 —-
691 853 786 887 Ioannes
805 852 867 896 Eck,
888 851 975 897 Lipsiae
994 860 1045 887 cum

199 905 295 940 Luthero
310 904 427 950 disputans
444 903 472 950 (d.
490 903 513 940 12
526 903 579 939 Iulii
594 902 649 950 1519)
666 905 693 939 de
707 904 786 939 timore
800 904 875 940 servili
890 914 905 940 a
918 905 962 940 Deo
976 904 1044 949 inspi-

198 956 254 998 rato,
268 956 314 992 ait:v
328 968 338 988 α
347 957 375 991 19
385 965 430 991 999
443 956 519 991 191999
529 955 617 991 videtur
628 955 686 991 mihi
698 955 880 1000 aequivocatione
891 956 941 991 19111
956 956 1045 1002 [Luthe-

198 1007 256 1052 rus],
278 1008 336 1052 quod
356 1007 414 1042 hanc
435 1007 538 1051 gratiam,
561 1017 605 1052 qua
625 1008 684 1043 Deus
705 1008 820 1052 praeuenit
841 1008 908 1043 corita
930 1008 1045 1042 hominnm

198 1061 312 1103 9199911919,
329 1061 399 1096 credit
414 1070 462 1096 esse
477 1059 599 1103 caritatem,
616 1069 667 1095 cum
682 1060 711 1094 sit
726 1059 789 1095 aliud
804 1059 928 1104 gratuitum
942 1060 983 1095 Dei
998 1069 1044 1094 mu-

197 1121 246 1147 nus.
257 1125 267 1145 s
287 1112 379 1147 Postea:
403 1111 505 1148 «Deinde
523 1112 618 1147 assumit
636 1111 735 1155 gratiam
753 1111 883 1157 praevenire
902 1111 1004 1146 timorem
1023 1110 1044 1146 et

198 1173 304 1206 amorem;
322 1164 381 1208 quod
398 1164 417 1199 si
434 1163 533 1209 loquitur
550 1164 577 1199 de
596 1163 670 1207 pratia
686 1163 789 1198 motionis
809 1164 904 1207 diuinae,
923 1173 968 1208 qua
985 1164 1043 1198 Deus

197 1225 238 1250 nos
257 1215 378 1261 aspirando
396 1216 517 1261 praevenit,
537 1215 609 1251 fateor
627 1216 717 1260 quidem
735 1215 814 1250 tunc.»
840 1216 923 1252 Luther
941 1216 970 1251 ad
988 1215 1043 1250 haec

197 1269 323 1314 respondit:
347 1281 357 1301 t(
366 1268 485 1304 Transeat:
507 1268 561 1303 haec
582 1266 701 1311 distinctio,
720 1267 777 1302 nihil
797 1268 826 1303 ad
845 1267 989 1313 propositum,
1011 1268 1043 1302 951

198 1320 268 1356 elusio
282 1322 400 1356 verborum
414 1319 499 1355 Pauli»
517 1318 615 1364 (Lutheri
630 1327 699 1364 opera
711 1318 784 1354 latina
797 1319 832 1354 ΙΙΙ
847 1319 968 1364 [Erlanpae
985 1317 1041 1362 1866]

86 1355 88 1358 ’
121 1381 122 1384 =
198 1371 233 1407 no
246 1371 335 1413 194199
348 1372 372 1406 n.
387 1370 471 1407 1191111
483 1370 576 1405 ruinas
588 1370 668 1405 sperne
680 1371 702 1405 11
717 1370 825 1414 [utimar
838 1369 894 1415 919]
909 1369 951 1413 sei,
965 1368 1042 1410 33—35;

197 1423 239 1466 367,
255 1422 332 1465 23-35;
347 1422 389 1467 368,
405 1421 462 1468 aas).
478 1422 629 1457 -1099199195
644 1421 820 1466 117191919911
837 1421 899 1467 1531),
915 1422 1043 1466 anacepha-

198 1475 277 1509 laeosis
292 1475 310 1518 2,
324 1475 341 1516 9,
357 1474 402 1510 889
417 1473 487 1520 (apud
500 1474 622 1518 Laemmer,
637 1474 678 1510 Die
692 1474 854 1510 vortrid.-kath.
872 1473 989 1518 Theologie
1004 1474 1042 1509 des

197 1526 473 1563 Reformationszeitalters
500 1526 587 1573 [Berlin
605 1525 662 1572 1858]
689 1536 709 1573 p.
731 1525 786 1572 129);
817 1526 948 1571 «Quidquid
972 1527 1043 1571 agunt

196 1581 303 1623 homines,
323 1580 465 1626 praeventrix
482 1580 556 1625 gratia
575 1580 643 1615 donat
661 1579 697 1615 vel
715 1579 795 1615 saltem
814 1580 923 1616 auritium
942 1580 1043 1616 divinum

197 1635 293 1679 prataito
305 1642 401 1669 movens.
415 1634 463 1677 Quo
476 1633 558 1669 auxilio
570 1633 669 1678 gratuito
681 1633 782 1669 movente
794 1633 852 1669 nihil
863 1633 925 1679 prius
937 1635 962 1670 in
973 1634 1043 1669 bomi—

196 1686 236 1730 nej
248 1697 290 1732 quo
307 1697 330 1723 se
346 1687 433 1731 gratiae
449 1685 573 1732 praeparet,
590 1686 718 1731 requiritur.
736 1688 795 1723 Nam
811 1687 852 1722 hoc
869 1686 978 1722 auxilium
993 1696 1042 1732 gra-

195 1741 252 1776 tuito
268 1749 359 1776 movens
376 1749 401 1776 ex
417 1749 481 1776 mera
496 1741 536 1776 Dei
552 1739 694 1783 liberalitate,
713 1740 777 1776 nulla
791 1742 869 1776 nostra
886 1740 1041 1786 praeveniente

195 1794 373 1840 praeparatione,
387 1793 451 1829 nobis
464 1802 558 1839 superne
571 1793 667 1829 advenit.
682 1795 708 1829 In
720 1794 784 1829 cuius
796 1793 865 1829 etiam
877 1795 898 1829 vi
911 1794 932 1830 et
944 1794 1042 1830 efficacia

196 1848 225 1883 ad
234 1847 332 1891 gratiam
342 1856 383 1882 nos
394 1856 530 1892 praeparare
540 1855 666 1892 possumus.
676 1860 687 1880 >i
698 1866 721 1871 -
732 1848 828 1882 Ioannes
838 1847 935 1883 Driedo
949 1849 972 1894 (1
985 1847 1039 1891 1531)

195 1900 295 1945 generali
313 1900 353 1936 Dei
372 1900 467 1935 intiuxui
487 1900 578 1946 opponit
597 1900 734 1945 peculiarem
753 1902 773 1935 et
794 1901 918 1945 gratuitam
938 1903 1039 1943 tractam,

195 1963 238 1998 quo
253 1954 320 1989 Pater
334 1953 456 1989 rationales
470 1954 528 1989 vires
543 1953 687 1999 peculiariter
703 1954 731 1989 ad
746 1954 812 1989 initia
827 1953 878 1989 fidei
893 1953 987 2000 attrahit
1003 1954 1040 1999 [Dc

195 2006 323 2051 captivitate
342 2008 363 2041 et
379 2006 529 2050 redemptione
548 2006 635 2050 pencris
654 2007 748 2042 hnmani
764 2006 828 2043 tract.
848 2008 859 2044 5
880 2008 951 2053 [apud
968 2008 1038 2043 Palm.

160 2058 161 2061 ’
195 2070 215 2106 p.
234 2059 315 2106 3055]).
333 2078 357 2085 —-
373 2061 400 2095 In
415 2059 576 2096 Tridentino
591 2069 668 2096 omnes
683 2060 820 2096 unanimiter
837 2061 992 2097 necessitatem
1009 2061 1041 2095 in-

195 2114 252 2147 19191
264 2112 342 2148 auxilii
356 2113 450 2148 actualis
462 2113 568 2149 tenebant
582 2113 615 2159 (ci.
630 2114 778 2149 Hiinermann
789 2113 803 2149 1.
819 2124 835 2149 c.
850 2114 892 2150 aas
905 2114 957 2150 3055
970 2113 993 2149 39
1001 2114 1038 2159 ss).

194 2185 217 2191 —
238 2166 301 2201 Post
325 2166 514 2201 T'ridentinum
537 2166 612 2210 gratia
635 2166 730 2202 actualis
754 2167 781 2214 ab
805 2167 908 2202 omnibus
931 2167 1040 2212 theologis

194 2219 292 2261 docetur,
311 2219 379 2254 911919
397 2220 425 2254 ab
442 2220 477 2261 iis,
497 2220 534 2264 qui
553 2219 629 2255 dicunt
646 2219 751 2255 ultimam
768 2220 935 2266 dispositionem
952 2230 998 2257 non
1015 2231 1041 2258 ex

195 2272 279 2308 actuali
295 2272 386 2315 auxilio,
404 2273 444 2308 sed
460 2273 548 2308 9115919
565 2273 639 2318 gratia
656 2272 767 2308 habituali
782 2275 906 2319 procedere.
926 2274 995 2310 Sici.
1014 2275 1038 2309 Β.

170 2341 171 2344 =
195 2326 313 2362 GonetO.
322 2327 346 2361 P.
365 2325 460 2373 (11681),
483 2326 577 2371 clypeus
592 2326 657 2362 theol.
676 2326 770 2362 thomiri.
787 2326 835 2362 117
849 2327 925 2373 (115113
939 2329 978 2364 91
993 2329 1041 2365 913

197 2379 237 2425 (ed.
251 2379 365 2424 Burdigal.
380 2378 427 2415 1667
437 2379 451 2415 t.
460 2379 473 2416 9
483 2389 503 2425 p.
513 2379 563 2415 7315
575 2379 617 2427 738)
632 2389 733 2426 expresse
747 2381 772 2416 de
784 2380 859 2424 gratia
871 2382 953 2418 actuali
966 2391 1040 2428 super-

194 2431 294 2467 naturali
312 2433 333 2467 et
352 2433 381 2468 ad
398 2433 495 2478 gratiam
513 2434 603 2478 gratum
620 2434 740 2470 facientem
758 2434 803 2470 late
822 2434 957 2471 intellectam
974 2436 1040 2482 perti-

194 2486 260 2521 nente
271 2486 365 2522 disserit.
378 2486 435 2523 Item
445 2487 534 2523 Marcus
546 2488 626 2524 Serra
637 2488 661 2524 Ο,
669 2488 694 2523 Ρ.
709 2488 734 2534 (1
745 2497 761 2524 c.
771 2498 790 2523 a.
801 2486 864 2534 1650),
877 2490 970 2526 Samma
980 2490 1040 2526 Com-

194 2539 361 2583 mentariorum,
374 2540 402 2575 ln
417 2541 433 2583 l,
447 2540 459 2576 2
471 2550 489 2585 q.
505 2540 567 2576 1099.
582 2540 610 2577 95
626 2541 667 2586 (ed.
682 2542 765 2577 Romae
778 2541 827 2579 1653
838 2542 874 2578 t.3
886 2552 905 2588 p.
919 2542 972 2579 3195
985 2543 1037 2590 339),

194 2592 277 2628 auxilio
296 2593 418 2629 universali
443 2593 527 2629 ordinis
547 2594 659 2630 naturalis
684 2595 775 2641 opponit
800 2595 912 2638 quoddam
931 2597 1039 2632 ancilium

111 2643 112 2646 ’
151 2677 153 2681 .
195 2646 296 2691 penerate
312 2646 395 2682 ordinis
409 2647 596 2691 supernaturalia
610 2648 694 2683 donum
707 2649 886 2694 perseverantiae
900 2652 965 2686 vocat
979 2652 1039 2686 auni-

193 2699 255 2743 11991,
274 2700 347 2744 «quia
362 2709 406 2735 non
423 2701 455 2735 est
471 2701 547 2745 aliqua
563 2701 637 2745 gratia
652 2701 780 2746 habitualis,
799 2702 838 2738 sed
854 2704 948 2739 actaaiis
966 2706 1038 2748 pratia

193 2753 227 2787 vel
240 2753 327 2789 actuale
340 2753 449 2789 auxilium
461 2753 556 2799 speciale
565 2767 575 2786 o
584 2755 598 2789 1.
612 2774 635 2779 -
647 2755 749 2790 Melina
761 2755 834 2790 motus
847 2757 932 2799 gratiae
944 2756 1038 2793 actualis

256 2874 263 2894 1
282 2873 383 2908 Ceterum
399 2872 422 2907 hi
441 2873 567 2909 Themistae
584 2875 681 2918 qratiam
699 2876 837 2911 liabitnatem
853 2877 878 2910 in
895 2877 942 2921 fieri
960 2878 1039 2913 descri-

194 2919 380 2963 bunttamquam
395 2919 484 2963 aliquod
501 2919 609 2955 auxilium
626 2922 718 2956 actuale.
738 2921 818 2956 Serra
833 2922 846 2957 l.
865 2931 882 2958 c.
900 2932 919 2967 q.
938 2921 974 2959 113
990 2932 1009 2959 a.
1028 2923 1039 2957 8

196 2965 223 3009 (p.
240 2964 295 3009 titi:
315 2977 326 2997 9
335 2965 436 3000 Gratiam
450 2966 509 3000 enim
523 2965 661 3001 habitualem
676 2967 802 3002 considerat
816 2969 840 3003 D.
858 2968 953 3004 Thomas
969 2968 1038 3015 dupli-

193 3011 255 3053 91199
270 3012 342 3056 primo
357 3011 381 3046 ut
396 3011 523 3047 infunditur
537 3022 577 3047 seu
591 3014 615 3048 91
630 3014 664 3048 951
678 3013 766 3057 infieri
781 3014 803 3048 et
817 3014 883 3049 habet
898 3024 945 3051 esse
959 3016 1039 3060 imper-
