2214 3350
233 164 309 200 Thesis
323 163 340 199 8.
354 162 474 209 Dispositio
487 160 585 207 positiva
598 160 619 194 et
632 158 737 203 negativa
818 142 821 150 ἕ
875 155 912 193 153

62 273 101 313 nis
112 272 227 328 explicari
240 272 320 323 possit.
334 254 365 303 ὲ
377 271 409 312 At
420 270 466 311 ista
478 266 603 320 dispositio
616 267 700 308 saltem
714 266 749 307 est
762 266 842 306 atlans
857 277 911 306 con-

63 336 148 387 formis
164 334 284 375 doctrinae
299 335 424 375 Ecclesiae.
442 334 504 374 Nam
520 332 553 373 sic
570 332 643 371 homo
658 330 739 380 aliquo
754 330 824 370 modo
841 339 910 369 suam

62 396 209 439 voluntatem
228 397 379 449 praepararet
395 397 506 446 Deusque
524 405 578 435 eam
596 391 748 444 exspectaret,
769 392 833 442 quod
850 390 911 432 esset

63 461 146 502 contra
163 472 214 501 cap.
235 463 247 500 l
266 461 414 508 Araartcaaa';
432 460 457 500 et
474 459 548 500 horno
565 458 594 497 de
613 467 657 497 suo
674 455 797 496 videretur
814 454 909 501 babere,

63 525 135 576 quod,
149 524 229 565 ordini
243 524 331 576 gratiae
345 521 518 574 comparatum,
534 520 602 568 nulio
615 530 673 560 vero
686 529 757 559 sensu
771 517 850 568 posset
864 516 911 557 dici

63 599 118 628 cum
136 598 187 627 aaa.
204 590 232 628 22
249 588 419 628 «mendacium
435 586 460 632 et
474 583 627 636 peecatum».
646 583 728 632 Neque
744 580 801 632 plus
816 579 914 620 videtur

36 696 38 699 ,
63 652 192 693 affirmasse
209 652 342 701 Cassianae,
359 662 413 692 cum
431 650 499 702 (Gall.
516 652 543 690 13
558 660 609 700 cap.
627 650 662 697 133
678 647 708 687 ci.
725 658 749 686 n.
767 648 808 687 197
822 644 871 686 not.
889 645 909 695 1)

64 716 152 758 diceret
170 717 271 767 gratiam
291 717 333 757 Dei
353 726 527 766 nonnunquam
547 726 561 754 a
579 714 656 754 libero
676 710 776 753 arbitrio
795 710 913 761 quosdam

64 780 162 822 conatus
178 780 255 822 honae
270 779 400 822 voluntatis
415 780 454 821 vel
470 779 563 830 exigere
580 780 619 820 vel
636 776 780 829 exspectare.

132 869 153 907 3.
173 867 280 908 Reicitur
299 865 429 918 dispositio,
450 877 524 917 quam
551 863 645 915 gratia
669 862 767 914 exigat
793 874 825 903 ex
850 857 932 911 lege'

64 931 114 972 Dei
138 929 313 972 extrinseca.
340 932 368 971 In
394 931 440 971 hoc
459 941 517 971 casu
536 929 577 970 vix
596 928 726 969 haberetur
752 926 835 978 aliqua
860 926 912 966 veri

65 995 170 1036 nominis
189 996 320 1047 dispositio,
342 996 383 1036 sed
401 993 482 1046 potius
501 1004 567 1034 ruera
587 993 694 1034 condicto
715 993 767 1032 siae
787 1003 834 1043 qao
854 1003 913 1039 aaa,

64 1071 121 1101 nam
134 1060 202 1101 nulla
213 1060 290 1101 maior
301 1060 417 1101 idoneitas
429 1059 524 1100 interna
536 1058 713 1110 produceretur.
729 1058 776 1099 Sed
790 1057 836 1108 ipsi
849 1057 876 1097 M
877 1067 913 1096 as-

64 1124 171 1165 silienses
186 1124 323 1166 fatebantur
335 1125 412 1164 Deum
425 1134 475 1164 non
489 1122 598 1164 statuisse
612 1121 780 1163 universaliter
794 1120 914 1162 eiusmodi

65 1188 229 1231 condicionem
246 1190 297 1230 sine
314 1200 362 1240 qua
378 1200 434 1229 non.
453 1187 587 1229 Nonnullae
601 1187 668 1228 enim
685 1186 827 1239 peccatores,
846 1198 869 1226 v.
889 1198 911 1236 g.

65 1253 221 1302 Matthaeum,
236 1254 378 1301 Zachaeum,
394 1252 503 1301 Saulum,
519 1251 585 1293 nulia
600 1252 663 1293 bona
677 1251 833 1303 dispositione
846 1261 914 1302 prae-

65 1317 162 1360 cedente
176 1330 205 1359 ex
220 1318 271 1358 sola
284 1318 327 1358 Dei
342 1317 506 1358 misericordia
520 1328 570 1358 esse
584 1316 680 1357 vocatos
695 1317 725 1357 ad
741 1315 843 1367 gratiam
859 1326 914 1356 con-
926 1317 933 1322 ”

65 1382 180 1423 cedebant
192 1383 285 1435 (Araus.
294 1393 345 1422 can.
354 1384 375 1430 83
386 1382 496 1432 Prosper,
510 1380 534 1422 O.
544 1380 602 1421 Coit.
615 1392 666 1433 cap.
674 1383 695 1429 73
709 1380 843 1428 Cassianae,
854 1377 912 1420 Coti.

65 1450 92 1488 13
102 1459 153 1498 cap.
166 1448 211 1499 ll).
222 1472 253 1478 —
263 1447 347 1488 Areas.
360 1458 411 1487 can.
423 1449 437 1486 3
448 1447 505 1487 citat
514 1447 616 1487 verbum
627 1445 733 1497 Apostoli
747 1446 817 1498 (Rom
829 1448 863 1494 le,
875 1445 912 1496 20)

66 1512 220 1563 desumptum
230 1523 260 1552 ex
271 1511 388 1563 propheta
401 1511 434 1564 (Is
444 1514 478 1560 65,
493 1511 529 1562 l):
547 1528 557 1548 a
565 1511 678 1552 Inventus
690 1522 745 1552 sum
757 1523 772 1551 a
783 1522 830 1551 non
843 1522 915 1562 quae-

66 1575 174 1617 rentibus
192 1587 257 1624 me»,
285 1576 308 1617 et
333 1586 383 1617 can.
404 1578 418 1616 4
444 1575 552 1617 absolute
577 1576 648 1626 negat
674 1575 752 1617 Deum
778 1574 913 1626 exspectare

34 1634 35 1637 ’
66 1640 171 1682 nostram
186 1639 341 1681 voluntatem.
359 1640 477 1688 Quoniam
494 1651 546 1680 can.
564 1643 577 1680 6
593 1640 694 1690 negetur
709 1638 761 1681 sine
778 1640 854 1691 gretia
870 1640 913 1680 Dei

66 1704 217 1746 credentibus
230 1705 273 1746 etc.
290 1703 479 1745 misericordiam
495 1705 598 1745 conferri
614 1703 737 1753 divinitus,
755 1715 803 1745 non
818 1704 916 1745 videtur

66 1769 113 1809 diei
128 1779 196 1820 posse
213 1770 343 1810 seeundum
360 1770 436 1819 legem
452 1781 466 1809 a
482 1770 531 1809 Deo
547 1769 660 1809 statutam
676 1780 732 1809 oum
749 1769 916 1810 determinatis¹

66 1833 157 1874 actibus
171 1833 313 1874 naturaliter
325 1833 430 1874 honestis
443 1832 604 1874 infallibiliter
618 1833 680 1874 necti
695 1833 846 1874 collationem
862 1844 915 1884 gra-

66 1897 113 1939 tiae
125 1897 243 1939 salutaris.
257 1898 332 1939 Porro
344 1897 402 1939 tates
414 1897 481 1938 actus
491 1897 633 1950 expedirent
644 1898 746 1949 positive
759 1899 790 1940 ad
803 1898 912 1947 salutem,

67 1962 130 2013 quod
153 1962 189 2003 est
212 1962 294 2003 contra
317 1973 367 2003 can.
392 1964 413 2002 7.
437 1988 468 1993 —
491 1962 526 2002 Ex
550 1960 589 2003 his
611 1963 746 2004 rationibus
769 1974 846 2014 neque
871 1963 916 2004 iste

66 2026 152 2067 modus
176 2027 337 2078 dispositionis
360 2038 374 2067 a
397 2026 513 2077 theologis
535 2027 671 2068 admittitur
698 2028 736 2080 (ci.
758 2029 786 2069 de
804 2028 843 2068 bis
860 2029 914 2068 Ber.

67 2100 90 2129 n.
108 2092 169 2130 378s
183 2091 261 2142 382s).

67 2217 121 2259 231.
159 2216 310 2261 Probatur·
321 2226 392 2272 pars
407 2215 443 2259 II.
473 2214 605 2267 Dispositio
631 2217 745 2269 negativa
772 2217 915 2259 admittitur.

67 2279 125 2333 Arg.
142 2280 162 2323 i.
179 2281 216 2323 Ex
230 2281 323 2322 ratione
339 2280 481 2331 theologica.
505 2282 533 2322 A.
551 2281 613 2323 Haec
636 2293 691 2333 pars
714 2282 772 2323 iluit
792 2295 826 2323 ex
847 2293 918 2324 non-

68 2345 159 2387 nullis
182 2345 324 2386 doc-trinis
346 2344 464 2385 aliunde
488 2345 576 2386 notis:
605 2349 625 2386 1.
650 2347 714 2387 Deus
738 2347 817 2396 habet,
843 2348 916 2388 etiarn

67 2409 120 2462 post
137 2412 260 2462 peccatum
277 2409 399 2461 originale,
420 2410 507 2450 seriam
531 2411 680 2452 volantatem
703 2412 839 2464 salvificam
863 2413 918 2452 aar}

68 2475 192 2516 cerealem.
210 2476 271 2516 Hinc
287 2487 316 2516 ex
332 2486 355 2515 se
371 2475 470 2525 paratus
486 2476 529 2523 est,
547 2476 573 2517 ut
591 2476 630 2517 det
646 2476 759 2517 omnibus
776 2477 919 2518 hominibus>
973 2477 974 2480 ’

68 2540 207 2582 sufficientia
219 2541 300 2581 media
312 2539 401 2580 salutis.
417 2540 526 2581 lamvero
538 2542 596 2583 haec
609 2542 671 2583 seria
682 2542 793 2583 voluntas
807 2542 917 2584 salvifica

68 2605 197 2654 tolleretur,
216 2606 235 2645 si
253 2606 324 2651 Deus,
343 2604 472 2653 quominus
490 2604 579 2646 adultis
598 2606 711 2647 ulteriora
728 2607 820 2647 auxilia
838 2618 918 2648 neces-¹

68 2670 130 2710 saria
152 2671 226 2718 daret,
242 2682 285 2721 per
300 2669 365 2709 aliud
387 2669 446 2720 quid
468 2670 627 2720 impediretur
647 2683 720 2723 quarn
743 2684 784 2722 per
808 2672 916 2722 ipsorum

68 2745 165 2791 gravem
184 2735 207 2776 et
224 2735 373 2787 personalem
390 2733 488 2785 culpam
509 2736 548 2787 (cf.
568 2737 598 2777 de
616 2736 655 2777 his
672 2737 705 2778 th.
725 2738 771 2788 25).
791 2763 822 2768 —
840 2740 860 2778 2.
881 2739 917 2778 Ex

68 2797 142 2840 altera
154 2800 221 2850 parte
233 2800 324 2840 certum
336 2798 371 2839 esi
381 2804 478 2849 paccata
491 2799 618 2840 leontinum
630 2813 712 2854 reapse
726 2803 814 2842 mattae
827 2803 916 2853 pretias

69 2864 216 2914 praepedire.
232 2864 314 2905 «Deus
325 2874 373 2904 non
387 2863 481 2912 deserit,
496 2865 543 2906 nisi
556 2866 706 2916 deseratur»,
722 2868 763 2908 sed
777 2878 833 2909 sane
847 2868 917 2909 iacile

69 2926 145 2969 deerit
158 2930 258 2978 homini,
274 2929 315 2980 qui
329 2929 378 2980 ipse
392 2927 459 2979 prior
472 2930 548 2970 Deum
563 2931 674 2973 deseruit.
691 2933 755 2973 illud
770 2933 917 2984 principium
