2214 3350
289 177 319 228 De
333 193 440 238 conceptu
452 192 552 228 iustitiae
566 191 587 227 et
600 189 765 228 iustificationis
914 189 951 227 229

94 304 127 349 ‚et
143 302 329 354 eschatolcgicus
346 313 401 343 non
418 302 453 344 est
470 301 638 343 ordinarius
655 301 679 342 et
695 301 866 352 praevalens
883 301 949 352 apud

103 368 214 409 Paulum.
233 368 341 409 Δικαιοσσ
358 368 382 408 vi
399 368 463 409 vocis
481 366 557 418 potest
574 364 712 417 significare
729 365 836 406 iustum
854 358 948 408 facere

1 407 10 438 ἢ
75 451 76 454 “
102 431 125 473 et
137 441 206 482 saepe
219 430 344 482 siguificat.
360 431 421 472 Cum
432 432 489 471 Prot
500 430 523 472 et
534 428 588 471 aliis
600 429 723 480 Lapruuqe
735 429 817 470 statuit
829 430 947 480 quaedem

103 496 233 538 criteria:
256 495 405 537 Passivum
423 507 472 537 non
491 494 721 546 significationum
740 494 863 542 declarari,
883 494 906 545 a)
928 494 948 534 si

103 561 200 603 additur
217 572 314 601 «corum
328 561 395 600 Deo»
415 561 484 613 (Rom
499 563 520 609 3,
536 560 572 611 20)
588 559 626 600 vel
644 560 728 612 «apud
741 559 837 599 Deum»
857 559 910 610 (Gal
925 562 946 607 3,

103 626 149 678 11);
166 652 198 657 —
216 625 241 677 b)
263 624 282 665 si
300 625 444 676 exprimitur
463 624 595 675 cooperatio
616 623 729 674 humanu,
750 637 773 666 v.
795 635 817 674 g.
839 623 901 675 fides
921 624 948 665 ut

102 690 210 732 medium
224 690 272 731 sive
283 690 414 741 dispositio,
427 691 465 731 rel
478 690 587 730 influxus
599 689 678 740 operis
691 689 780 730 Christi
794 689 871 742 (Rom.
885 692 907 738 3,
920 692 948 730 24

103 754 141 795 διὰ
158 758 198 809 τῆς
215 753 410 808 docimentum&
430 757 450 803 3,
478 757 505 795 28
524 755 609 803 ctorem
633 755 653 801 5,
682 757 693 794 1
716 754 741 794 ἐκ
758 754 868 803 πίσσεως;
887 754 908 800 5,
936 756 949 793 9

102 818 128 858 ἐν
140 822 173 871 τῷ
187 820 265 869 αἵματι
280 819 362 867 aaron·
376 819 387 857 1
403 818 447 859 Gor
459 821 480 866 6,
495 820 533 858 11:
550 816 634 865 abluti,
650 814 800 865 sanctificati,
815 814 948 864 iustificati;

103 879 146 921 Gal
157 884 178 929 2,
192 883 219 921 16
236 879 274 922 διὰ
284 881 388 932 πίστεως,
405 881 430 922 ἐκ
440 872 547 930 πίστεως
560 883 581 928 2,
595 881 622 920 17
636 881 663 921 dr
673 880 778 936 Χριστῷ·
789 879 827 919 rit
839 882 859 927 3,
874 880 944 919 5-7:

101 943 220 993 baptismo
237 942 375 993 regenerati,
393 943 510 984 effusione
529 942 632 994 Spiritus
650 943 731 984 Sancti
746 942 855 983 'renovati
873 942 896 983 et
913 941 946 983 sic

105 1005 246 1047 «iustificati
260 1004 335 1056 gratia
348 999 451 1056 ipsius».
466 1030 498 1035 —
512 1006 642 1046 Activum
657 1006 730 1047 habet
744 1017 840 1047 sensum
855 1006 947 1053 iustum

101 1069 187 1120 fucere,
207 1069 227 1109 si
247 1069 342 1109 additur
356 1071 430 1111 πίστει
442 1070 479 1110 vel
494 1069 533 1110 <bd
546 1071 655 1120 πίστεως
670 1079 737 1111 secus
756 1081 799 1120 per
819 1080 842 1109 se
864 1079 947 1109 sensus

101 1134 182 1175 manet
201 1134 289 1174 dubius
309 1134 348 1185 (cf.
369 1134 524 1183 Lemonnpcr,
545 1134 621 1174 DdTh
641 1137 661 1183 8,
682 1134 785 1186 2076ss).
810 1144 847 1163 -’
867 1133 946 1175 Potest

81 1188 82 1195 ¹
101 1198 175 1249 igitur
192 1198 252 1239 dici:
279 1199 388 1240 Δικαιοῦσ
409 1201 473 1250 apud
498 1199 600 1239 Paulum
625 1199 772 1239 ordinarie
797 1198 831 1239 est
856 1198 947 1239 iustum

102 1264 206 1305 facere.
223 1265 299 1305 Deum
314 1263 386 1304 etiarn
402 1276 527 1315 opposuere
542 1264 569 1305 ut
583 1262 673 1304 iustum
688 1276 752 1313 eum,
769 1276 840 1315 quem
855 1263 946 1304 iustum

103 1329 165 1378 fecit,
178 1341 221 1380 per
233 1341 256 1370 se
268 1328 339 1380 patet;
352 1340 428 1379 neque
440 1330 484 1370 hoc
497 1329 629 1381 specialiter
641 1329 749 1379 effertur,
764 1330 810 1370 nisi
822 1330 857 1370 est
870 1340 947 1370 sermo

101 1396 130 1434 de
145 1395 230 1435 ultimo
244 1393 339 1434 iudicio.
356 1395 445 1435 Sensus
459 1395 584 1435 forensis
598 1395 621 1436 et
635 1394 866 1445 eschatologicus
880 1396 946 1445 apud

101 1459 204 1499 Paulum
221 1470 274 1499 non
291 1459 325 1500 est
340 1458 509 1509 primitivus
525 1460 547 1501 et
563 1459 749 1511 principalis,
768 1471 844 1510 neque
861 1471 945 1500 verum

101 1528 135 1569 est
146 1527 338 1568 iustificationem
348 1526 444 1567 nonnisi
454 1527 584 1577 prolepticc
594 1527 623 1567 de
634 1527 752 1577 praesenti
763 1527 869 1577 tenpore
879 1537 945 1577 prae-

102 1593 184 1633 dicari.
205 1592 250 1642 Qui
269 1591 388 1632 internam
407 1592 523 1632 iustitiam
541 1604 555 1632 a
574 1592 649 1632 Paulo
669 1593 748 1633 doceri
768 1603 822 1632 cum
841 1591 945 1632 Luthero

101 1658 179 1707 negat,
198 1657 315 1698 eiusmodi
333 1656 452 1707 effugium
470 1657 568 1706 quaerat
586 1656 685 1707 oportet
712 1658 752 1698 secl
778 1658 819 1707 qui
844 1657 944 1698 eandem

101 1722 213 1770 admittit,
232 1721 324 1761 nullam
342 1721 414 1762 habet
431 1720 547 1762 rationem
565 1721 684 1762 statuendi
704 1721 858 1772 anticipatum
877 1721 944 1761 illarn

101 1779 285 1827 declarationem
306 1785 450 1826 iudicialem.
473 1785 576 1835 Accedit,
600 1787 663 1836 quod
687 1787 818 1828 secundum
840 1786 944 1827 Paulum

102 1851 212 1891 nonnulli
232 1850 393 1891 iustificantur
412 1851 437 1891 in
456 1850 547 1892 iustitia
567 1862 622 1891 non
641 1851 867 1901 perseveraturi,
888 1851 944 1892 hinc

101 1916 126 1956 in
141 1917 226 1958 ultimo
241 1916 328 1957 iudicio
343 1917 482 1957 damnandi.
499 1918 561 1967 Ergo
576 1916 719 1967 arrltctpotce
734 1917 864 1957 sentcntiae
878 1916 945 1956 ubso-

101 1982 201 2022 lutorr'ue
213 1983 278 2033 apud
290 1992 329 2022 eos
341 1992 390 2022 non
402 1982 436 2023 est
448 1982 521 2022 locus.
535 2008 566 2012 —
578 1982 684 2022 Verbum
698 1994 727 2023 ex
739 1993 763 2023 se
776 1983 857 2022 minus
871 1982 945 2022 deter-

101 2046 220 2087 minatum
232 2047 296 2097 apud
308 2046 445 2097 profanos
457 2046 518 2088 etin
530 2047 557 2087 V.
566 2047 592 2086 T.
607 2046 676 2088 facile
689 2048 778 2088 habere
790 2046 945 2098 potuitprue.

101 2111 219 2151 valentem
232 2122 328 2151 sensum
338 2111 467 2160 terrascea·
480 2112 506 2151 in
518 2112 593 2152 Novo
606 2112 729 2153 Foedere
741 2112 831 2161 gratiae
844 2111 868 2153 et
879 2111 945 2152 iusti-

100 2174 147 2216 tiae
163 2176 269 2217 internae
286 2188 300 2216 a
318 2176 341 2216 S.
359 2176 434 2216 Paulo
457 2176 511 2227 apte
534 2176 688 2217 determinari
706 2177 783 2228 potuit
799 2177 945 2228 adsensum

101 2240 246 2290 effectivum,
267 2240 358 2282 servata
377 2240 552 2291 significatione
576 2241 672 2290 forensi,
699 2241 741 2282 uhi
766 2252 843 2282 sermo
862 2241 897 2283 est
916 2243 945 2284 de

101 2305 216 2347 sententia
231 2304 323 2346 iudicis.

101 2435 156 2478 320.
190 2437 252 2481 Quod
268 2438 297 2473 ad
313 2436 436 2482 exemplum
450 2436 575 2472 Abrahae
592 2436 656 2482 (Rom
672 2437 690 2481 4,
708 2436 719 2473 3
735 2436 746 2473 6
762 2436 781 2482 9)
798 2436 884 2480 attinet,
902 2445 945 2481 quo

99 2490 183 2527 veteres
200 2490 350 2526 Protestantes
368 2490 463 2525 maxime
480 2489 598 2525 voluerunt
621 2490 716 2535 probare
740 2489 859 2525 iustitiam
874 2490 945 2535 impu-

99 2541 177 2588 tatam,
189 2545 307 2580 dicendum
319 2543 361 2580 est:
377 2544 399 2589 a)
411 2543 452 2579 Hic
464 2543 549 2579 Paulus
560 2553 606 2579 non
618 2553 643 2579 ex
655 2545 754 2589 professo
766 2552 831 2580 suam
843 2544 870 2579 de
882 2543 945 2579 iusti-

99 2594 201 2633 ficatione
215 2598 339 2633 doctrinam
353 2596 405 2640 edit,
420 2597 458 2632 sed
472 2597 546 2643 potius
561 2606 610 2633 cam
624 2597 656 2633 ad
671 2597 782 2642 aliquod
796 2597 945 2643 exemplum

100 2648 124 2684 V.
141 2650 164 2689 T.
182 2651 313 2697 applicat.
329 2672 354 2679 —
369 2651 391 2696 b)
408 2652 463 2687 Rom
478 2651 497 2694 4,
514 2651 526 2687 3
541 2651 644 2687 citatur
660 2661 685 2687 ex
701 2652 747 2688 Gen
764 2650 793 2695 15,
810 2651 827 2688 6.
845 2652 896 2687 Non
912 2652 946 2687 est

99 2702 196 2745 primum
215 2705 236 2740 et
253 2703 406 2750 principaliter
424 2704 559 2741 derivandus
577 2714 655 2740 sensus
674 2705 773 2751 Apostoli
792 2714 817 2741 ex
836 2705 945 2740 eiusmodi

100 2754 173 2792 citato.
185 2780 210 2786 -
220 2758 239 2804 c)
254 2770 264 2790 u
271 2757 348 2793 Fidem
359 2758 463 2803 reputare
474 2758 504 2794 ad
513 2758 624 2794 iustitiam
631 2771 642 2792 n
654 2767 700 2795 non
711 2759 743 2795 est
754 2759 813 2794 idern
825 2769 851 2795 ac
864 2771 875 2791 «
882 2759 945 2793 iusti-

101 2807 155 2844 tium
167 2820 226 2846 ruere
239 2812 348 2858 imputare
361 2820 402 2847 nec
415 2812 514 2847 conferre
523 2825 541 2847 n.
555 2813 601 2848 Hoc
614 2812 661 2848 loco
675 2821 721 2848 non
733 2813 855 2858 quaeritur,
869 2813 946 2848 utrum

100 2860 187 2899 iustitia
202 2866 305 2901 Abrahae
320 2865 348 2901 sit
363 2865 474 2910 imputata
490 2875 520 2901 an
534 2867 660 2910 inhaerens,
678 2867 717 2903 sed
731 2867 807 2903 utrum
823 2867 901 2903 eadem
917 2868 946 2903 sit

102 2922 126 2948 cx
139 2918 242 2964 operibus
255 2918 310 2963 legis
324 2928 354 2954 an
367 2928 392 2954 ex
405 2919 452 2955 fide.
469 2920 569 2956 Moderni
583 2921 685 2965 exegetae
699 2921 847 2967 protestantes
861 2921 946 2956 textum

100 2968 191 3005 minime
208 2972 265 3007 sicut
281 2972 363 3007 Luther
380 2973 496 3019 explicant.
