2214 3350
179 136 181 139 ⁵
244 154 245 157 ’
308 149 384 185 rhesis
400 150 416 185 7.
435 139 539 185 Meritum
556 149 575 184 et
592 146 718 193 impetratio
897 143 940 180 v125

90 259 252 309 Distinguitur
267 258 337 299 etiam
353 258 530 309 impet-raterius
543 259 610 298 valor
624 256 650 295 in
665 261 717 294 ectu
731 255 809 304 primo
825 253 847 293 et
863 253 936 303 impe-

90 319 164 364 tratio
176 321 301 363 efficaciter
315 333 414 363 movens
427 322 452 361 in
468 327 521 361 octa
537 320 649 360 sectando.
665 319 710 358 Pro
725 318 787 357 tbesi
802 316 893 365 suffieit,
910 315 937 357 ut

93 386 138 426 hoo
154 384 255 425 alterum
273 384 530 432 tantum‘eaeludatur,
550 384 565 423 i.
583 394 603 423 e.
623 382 650 422 ut
666 381 794 432 probemus
811 381 889 420 Deum
907 379 936 418 de

89 449 154 498 jecto
168 448 193 487 in
207 447 251 487 troc
264 448 347 487 ordine
359 459 407 488 non
420 448 526 498 pervim
540 442 727 496 impetratoriam
741 441 857 483 orationis
870 442 936 482 natu-

89 511 150 551 ralis
167 510 255 550 moveri
279 510 308 550 ad
331 510 498 550 conferendam
523 508 625 560 gratiam
649 504 778 547 salutarem
803 506 840 556 (de
857 505 936 555 priore

89 572 229 624 'quaestione
244 585 266 613 r.
284 584 306 612 n.
322 573 381 624 eet).

92 702 146 742 1197.
182 703 203 741 3.
222 701 363 742 Adversarii.
385 694 410 753 a)
427 701 562 751 Pelagius
580 701 603 741 et
622 698 783 740 Caelestius
801 696 937 738 asserebant

90 782 104 800 «ι
113 765 215 815 gratiani
232 765 365 804 secundani
382 765 466 804 inerint
486 764 565 804 duri».
586 785 612 793 —
629 763 653 813 b)
675 762 804 813 Postquam
825 760 937 812 Pelagius

89 828 153 868 bane
170 827 309 868 sententiam
325 827 432 878 Diospoli
449 827 562 867 damnare
579 826 669 874 debuit,
687 825 820 865 lulianus
835 825 935 864 et‘asse-

88 891 142 931 elae
155 890 213 938 eius,
231 901 303 929 «curn
318 901 360 930 suo
374 889 449 930 libero
463 889 562 930 arbitrio
576 888 646 929 liberi
661 888 684 929 et
697 888 727 928 ab
743 888 795 938 ipso
810 886 933 938 Pelagio»,

92 953 120 994 ut
138 953 161 993 S.
180 952 328 1003 Augustinus
346 964 393 993 eos¹
404 952 494 1000 irridet,
515 952 575 991 nihil
595 952 700 1002 amplius
718 950 870 991 affirmabant
888 950 934 990 nisi

94 1033 103 1051 «
113 1017 138 1055 in
148 1015 246 1056 bomine
255 1016 348 1066 abipso
358 1016 454 1068 homine
466 1016 570 1065 incipere
582 1015 735 1065 cupiditatem
749 1015 811 1062 torri,
823 1014 852 1054 ut
863 1013 935 1054 huius

87 1078 167 1129 coepti
186 1078 299 1118 meritum
317 1077 390 1119 etiam
410 1077 550 1128 perficiendi
570 1077 647 1128 grat-ia
667 1078 841 1126 consequatur»
866 1076 900 1127 (0.
921 1079 935 1115 2

68 1190 70 1197 γ
92 1148 128 1191 ep.
144 1141 192 1180 Pet.
208 1144 228 1189 2,
243 1144 264 1188 8,
280 1141 324 1191 lt);
341 1142 433 1191 ponunt
448 1141 550 1181 <entenic
565 1140 667 1190 gratiam
681 1140 854 1191 praecedentia,
871 1139 934 1189 quod

87 1205 127 1245 est
140 1205 225 1254 petere,
242 1215 362 1254 quaerere,
379 1203 481 1253 pulsare,
499 1204 578 1244 uthis
592 1203 684 1243 meritis
699 1203 779 1243 debita
794 1203 837 1243 illa
853 1203 934 1242 redde

90 1268 144 1308 tur.
155 1298 159 1305 .
170 1299 189 1315 .,
206 1266 328 1317 tamquam
345 1266 421 1316 gratia
437 1265 504 1306 nulla
519 1266 672 1316 praecesserit
686 1267 710 1306 et
725 1276 767 1305 cor
782 1264 891 1315 tetigerit,
909 1266 936 1306 ut

87 1330 229 1371 'beatificum
248 1330 338 1369 bonum
357 1328 476 1379 peteretur
494 1341 513 1369 a·
526 1328 582 1377 Deo,
601 1329 629 1369 ut
646 1324 800 1378 quaereretur
818 1328 889 1376 Deus,
908 1328 936 1368 ut

91 1392 227 1444 pulsaretur
241 1394 271 1433 ad
286 1392 362 1446 Deum
371 1409 380 1427 >³
400 1392 466 1442 (ibid.
483 1394 503 1440 4,
520 1395 540 1439 8,
556 1391 601 1442 41).
618 1392 680 1442 Ergo
694 1391 733 1431 isti
748 1391 871 1442 Pelagiani
886 1392 934 1431 iam

87 1455 153 1496 certe
171 1456 252 1495 minus
270 1454 361 1506 aliquid
382 1458 455 1505 quarn
473 1454 586 1499 meritum
606 1455 635 1495 de
654 1454 773 1504 condigno
790 1454 933 1495 asserebant,

88 1544 121 1549 *-
140 1518 160 1569 c)
182 1517 261 1569 Magis
281 1518 367 1567 exigua
386 1518 437 1558 erat
457 1517 516 1558 ratio
537 1517 661 1565 meritorii,
683 1529 757 1567 quam
779 1516 934 1567 Semipela-

87 1581 168 1632 giani
187 1579 346 1631 postulabant,
366 1580 493 1629 utilique
511 1590 583 1620 cansa
600 1579 739 1621 conterendi
756 1578 858 1629 gratiam
878 1580 933 1620 huic

61 1632 63 1640 ’
87 1643 182 1684 vhomini
201 1653 258 1692 prae
276 1642 317 1683 illo
335 1642 499 1683 ostenderetur
519 1642 557 1693 (ci
579 1653 602 1681 n.
622 1642 657 1691 59)
667 1643 682 1682 1.
702 1643 739 1683 Ad
759 1642 856 1683 initium
875 1643 933 1683 fidei

160 1793 167 1813 r
182 1792 340 1833 Cassianus,
355 1792 385 1826 Dc
399 1790 553 1826 coenobiorum
565 1790 673 1825 institutis
688 1790 716 1832 12,
732 1790 761 1825 tt
770 1791 816 1835 (ML
829 1789 859 1833 is,
873 1788 930 1837 titt:

89 1849 102 1867 ιιι
111 1837 209 1872 Dicimus
220 1837 279 1872 enim
289 1838 410 1873 secundum
420 1837 544 1873 salvatoris
554 1835 687 1872 sententiam
699 1836 749 1871 dari
761 1835 850 1880 quidem
859 1835 934 1880 peteu-

87 1882 150 1917 tibus
166 1884 187 1918 et
204 1883 286 1928 aperiri
303 1883 445 1928 pulsantibus
462 1883 482 1918 et
499 1892 513 1918 a
529 1882 686 1927 quaerentibus
703 1881 805 1924 inveniri,
825 1882 864 1918 sed
881 1882 933 1927 peti-

87 1928 173 1963 tionem
192 1928 213 1964 et
232 1929 399 1973 inquisitionem
420 1929 440 1963 et
459 1929 609 1974 pulsationem
629 1928 729 1963 nostram
749 1936 795 1964 non
816 1928 863 1963 csse
885 1936 933 1962 rori-

88 1973 187 2017 dipncnz,
206 1975 250 2010 nisi
265 1975 419 2010 misericordia
435 1975 474 2010 Dei
490 1975 519 2016 id,
537 1974 596 2019 quod
611 1974 713 2019 petimus,
732 1974 817 2009 dederit
833 1974 869 2010 vel
885 1983 934 2019 ape-

90 2020 166 2062 ruerit,
181 2021 239 2064 quod
252 2020 374 2065 pulsamus,
389 2021 422 2056 rel
436 2019 498 2064 illud,
513 2020 572 2065 quod
585 2020 719 2065 quaerimus,
734 2020 811 2055 fecerit
826 2019 931 2055 invenire.

91 2066 182 2101 Praesto
200 2066 232 2101 est
249 2075 351 2111 namque,
377 2067 489 2101 occasione
514 2066 555 2101 sibi
579 2066 733 2102 tantummode
752 2076 767 2102 a
782 2066 846 2102 nobis
864 2066 933 2102 bonae

88 2113 210 2147 voluntatis
223 2112 303 2155 oblata,
317 2113 346 2148 ad
359 2112 412 2148 baec
425 2113 500 2147 ouiuia
512 2113 651 2148 conterende.
662 2126 672 2144 u
685 2135 709 2140 -
724 2113 799 2149 Cotlct.
814 2112 829 2147 l.
845 2112 867 2148 13
879 2123 895 2148 c.
912 2112 934 2147 13

92 2158 151 2197 (ibid.
169 2158 243 2203 932st:
264 2172 274 2190 t(
282 2159 309 2193 Et
325 2158 357 2194 ita
373 2166 458 2202 semper
473 2158 546 2202 gratia
563 2159 603 2194 Dei
618 2159 694 2194 nostro
709 2159 735 2194 in
750 2159 831 2194 bonam
848 2158 933 2204 partem

87 2205 222 2249 cooperetur
240 2204 387 2246 arlaitrio...,
406 2205 431 2239 ut
449 2212 611 2248 nonnunquam
630 2205 697 2240 etiam
723 2207 751 2240 ab
776 2213 800 2239 eo
827 2206 934 2249 quosdam

87 2250 182 2285 conatus
200 2251 270 2285 honac
288 2250 408 2285 voluntatis
427 2249 460 2285 rel
480 2250 555 2293 exigat·
570 2250 605 2285 vel
624 2251 787 2295 exspectet...,
807 2251 933 2286 occasiones·

88 2296 251 2338 quodammodo
265 2304 380 2339 quaerens,
396 2296 487 2339 quibus.
498 2322 515 2331 ..
532 2305 578 2331 non
593 2297 755 2332 irrationabilis
768 2296 933 2333 munificentiae

87 2351 144 2377 suae
156 2342 251 2386 largitas
264 2342 371 2383 videatur,
388 2342 441 2376 dum
453 2351 503 2376 eain
518 2343 557 2377 trib
572 2343 643 2378 colore
657 2343 774 2379 cuiusdam
789 2343 893 2379 desiderii
907 2352 933 2378 ac

90 2387 172 2423 laboris
190 2388 296 2433 impartit,
316 2388 337 2423 et
354 2386 500 2422 nibilominus
518 2388 593 2432 gratia
609 2390 648 2424 Dei
665 2397 753 2434 semper
771 2390 869 2433 protento
886 2398 934 2434 per-

87 2434 179 2473 severet,
199 2434 251 2469 dum
269 2434 352 2476 eripitis
371 2433 504 2477 quibusdam
521 2435 639 2479 paruisque
657 2435 772 2470 curiatibus
790 2436 876 2471 tantam
894 2436 934 2470 im-
952 2464 953 2467 ,

87 2479 233 2527 *mortalitatis
250 2480 349 2524 gloriam,
368 2479 430 2514 tanta
446 2480 551 2524 perennis
568 2481 713 2517 beatitudinis
730 2482 790 2517 dona
806 2481 933 2517 inaestima-

89 2524 128 2558 bili
141 2525 218 2560 tribuit
230 2525 341 2569 largitate.
351 2538 361 2556 s
377 2526 431 2560 Dein
445 2525 510 2560 affert
524 2526 624 2572 exempla
637 2527 731 2562 latronis
746 2528 766 2562 et
779 2527 871 2563 Daridis
884 2536 934 2572 poe-

91 2569 187 2606 nitentis.
202 2593 227 2598 -
240 2581 256 2608 o.
274 2570 297 2606 te
313 2571 371 2610 (ibid.
389 2570 444 2615 still:
464 2583 475 2603 α
483 2573 552 2607 Nemo
568 2573 642 2608 eutem
657 2573 758 2609 aestimet
772 2575 826 2609 baec
842 2583 856 2609 a
870 2574 933 2609 nobis

88 2616 117 2650 ob
133 2615 173 2651 hoc
189 2617 259 2652 tuisse
275 2616 369 2662 prolata,
393 2617 417 2650 ut
440 2618 539 2652 nitamur
562 2619 662 2654 astruere
679 2628 790 2654 summam
813 2620 892 2655 salutis
909 2620 934 2656 in

89 2661 177 2697 nostrae
195 2662 247 2698 fidei
265 2663 359 2698 dictione
377 2663 496 2699 consistere
516 2666 637 2700 secundum
656 2665 795 2709 qrioruudam
816 2665 933 2709 prosarium

87 2706 221 2750 opinionem,
247 2709 284 2753 qui
306 2708 377 2743 totum
399 2708 469 2743 libero
493 2710 587 2745 arbitrio
611 2711 749 2757 deputantes,
773 2707 870 2755 gretiam
894 2712 933 2747 Dei

86 2752 214 2801 dispensari
231 2755 351 2790 secundnm
367 2756 471 2790 turritum
486 2756 660 2801 uniuscuiusque
677 2757 806 2793 definiunt.»
823 2776 848 2786 -e
862 2758 931 2802 Epist.

89 2798 190 2835 Hilarii
206 2801 235 2836 ad
250 2801 398 2845 augustinum
414 2800 456 2843 226,
473 2802 496 2838 2:
516 2803 561 2837 «Id
576 2804 708 2839 conveniens
725 2806 829 2839 asserunt
844 2804 932 2839 veritati

89 2843 122 2877 'rei
140 2853 263 2889 congruum
277 2846 445 2891 praedicationi,
463 2847 495 2889 ut,
514 2857 564 2882 cum
580 2848 698 2893 prostratis
716 2850 736 2885 et
754 2859 869 2894 nunquam
886 2850 932 2885 suis

23 2892 25 2895 ’
87 2889 173 2925 ‘viribus
198 2893 331 2930 surrecturis
356 2891 503 2928 annuntiatur
528 2894 659 2931 obtinendae
684 2895 765 2931 salutis
789 2896 882 2938 occasio,
909 2905 935 2931 eo

88 2935 173 2978 rricrtto,
191 2945 233 2981 quo
248 2938 358 2973 voluerint
373 2938 393 2973 et
408 2938 542 2974 crediderint
557 2949 571 2974 a
585 2948 625 2974 suo
640 2942 715 2976 morbo
732 2951 755 2977 se
769 2950 834 2987 posse
849 2942 932 2984 sanari,
