2214 3350
92 173 93 176 Ἴ
172 185 207 223 194
307 187 361 223 sect.
377 166 407 224 HJ
420 189 465 224 Art.
482 189 509 224 Π.
524 188 555 223 De
569 186 783 232 supernaturalitate
797 187 883 231 gratiae
942 211 943 214 =

171 295 220 344 ille,
235 296 411 347 quemgenuit,
425 296 467 337 sed
480 296 541 335 dono
555 307 598 336 suc
611 294 635 335 et
647 295 818 345 adoptione...
833 294 929 336 Veteres
943 295 1018 336 horni-

171 368 214 399 nes
227 358 312 407 eratis3v
321 359 451 400 accessistis
464 358 494 399 ad
508 357 610 408 gratiam
623 357 674 406 Dei,
690 358 746 399 facti
761 356 817 398 estis
829 357 940 398 homines
953 359 1017 399 novi.

170 420 326 462 Mendacium
348 422 378 462 ad
400 422 478 462 Adam
500 420 609 471 pertinet,
626 421 715 461 veritas
735 421 767 462 ad
791 421 919 462 Christum.
943 421 1019 471 Depo-

171 484 255 525 nentes
271 496 327 535 ergo
343 484 503 532 mendacium,
522 483 649 534 loquimini
666 483 798 533 veritatem,
817 484 884 525 utet
901 495 954 524 coro
973 484 1019 525 ista

170 546 323 588 mortalis...
348 545 503 597 praecedente
526 545 629 587 novitate
654 547 752 597 spiritus
776 547 896 588 mereatur
919 546 943 587 11
965 547 1019 598 ipsa

170 611 350 652 innovationem
368 616 390 650 et
409 610 619 650 commutationem
637 608 745 661 tempore
763 610 943 651 resurrectionis
962 620 1019 651 suae

170 685 198 715 ac
213 675 246 715 sio
261 680 322 714 totus
337 674 407 713 nonio
422 673 548 723 deificatus
562 673 686 714 inhaereat
699 672 828 724 perpetuae
843 673 915 724 atque
928 673 1018 714 incom-

170 737 282 778 mutabili
293 736 394 777 veritati.
404 754 414 773 1>
426 760 459 765 -
468 737 503 776 De
516 736 564 776 dio.
577 742 667 787 quaest.
680 738 708 777 83
719 747 742 786 q.
756 738 791 785 67,
804 739 818 777 4
831 737 885 788 (ML
897 738 931 785 40,
945 736 1014 787 671);

172 800 298 840 «nondum
316 800 431 840 vocantur
451 798 497 838 filii
516 799 567 848 Dei,
588 798 645 849 quia
665 800 774 840 nondum
794 798 953 847 crediderunt,
976 799 1018 840 sed

169 868 263 902 tanturn
282 868 389 902 creatura
397 880 416 902 1.
436 862 513 901 -In
530 863 562 902 Ps
580 863 615 910 49,
635 865 649 903 2
669 862 723 914 (ML
741 865 776 911 36,
796 863 860 914 565):
885 861 1018 903 «Homines

169 925 666 976 (1111111111,1151111111111111111101,
692 936 741 966 non
767 925 796 965 de
822 924 955 966 substantia
973 930 1018 966 sua

169 990 251 1030 natos.
261 1020 281 1029 ..
299 988 324 1029 Si
339 989 388 1039 stin
401 989 446 1029 Dei
462 987 518 1028 iacti
534 998 625 1036 sumus,
643 987 667 1028 et
682 988 717 1028 dii
732 986 789 1028 iacti
806 999 897 1036 sumus;
914 988 955 1028 sed
972 989 1016 1029 hoc

167 1052 258 1102 proriae
272 1052 308 1093 est
322 1051 465 1102 adoptantis,
482 1062 531 1090 non
546 1057 645 1091 naturae
659 1051 803 1101 penetratis.
812 1068 822 1087 n
840 1077 872 1082 —
887 1050 923 1092 Gi.
939 1051 1015 1102 Epist.

168 1118 209 1156 140
223 1116 253 1155 ad
266 1116 415 1170 Honoratum
427 1126 452 1154 n.
466 1116 510 1154 9ss
523 1114 551 1155 de
565 1112 682 1154 filiatione
696 1113 801 1154 naturali
815 1114 838 1154 et
851 1113 970 1164 adoptiva.
985 1138 1017 1143 —

167 1178 202 1217 De
216 1178 362 1229 perfectione
376 1178 432 1218 inst.
451 1179 484 1225 13,
501 1179 540 1217 31:
562 1176 670 1217 «Volunt
685 1187 808 1218 remanere
824 1176 873 1228 sitii
889 1176 1016 1216 hominnm

167 1241 191 1281 et
208 1251 257 1281 non
273 1251 324 1281 esse
341 1239 390 1290 filii
406 1240 458 1288 Dei,
478 1239 546 1279 cuius
562 1237 640 1290 gratia
657 1240 730 1280 homo
747 1238 777 1280 iit
793 1236 878 1288 honus,
898 1239 926 1279 ut
943 1238 1016 1280 iaciat

166 1305 335 1345 1101111.»-
349 1304 437 1355 Utique
455 1305 478 1345 S.
495 1304 643 1355 Augustinus
659 1304 703 1344 has
718 1304 784 1344 ideas
800 1304 841 1344 vin
857 1303 968 1344 adhibuit
984 1305 1015 1344 ad

167 1369 335 1420 complendam
351 1379 419 1408 suam
436 1367 465 1408 de
480 1368 556 1419 pratia
572 1368 713 1408 doctrinam.
731 1367 809 1416 Quare
823 1367 910 1409 Doctior
925 1368 1015 1418 gratiae

166 1433 332 1484 supplemento
345 1432 437 1483 indiget
448 1443 478 1472 ex
490 1431 597 1472 doctrina
611 1431 756 1472 Graecorum
768 1432 792 1472 et
804 1431 1013 1481 scholasticorum,

165 1497 189 1537 et
202 1497 247 1537 hoc
260 1496 332 1537 modo
346 1496 450 1547 theolopi
464 1495 575 1535 catholici
589 1495 693 1546 systema
707 1495 773 1536 omni
787 1507 816 1536 ex
830 1495 898 1546 parte
912 1495 1014 1547 comple

166 1561 219 1601 tum
235 1561 341 1601 excolere
357 1560 434 1602 conati
451 1559 507 1600 sunt
525 1560 563 1611 (ci.
582 1571 605 1599 n.
625 1560 683 1611 194).
702 1560 877 1612 Reformatores
894 1559 974 1601 autem
990 1560 1015 1602 et

166 1625 310 1665 lonsenistoe
330 1624 464 1666 doctrinam
485 1624 508 1664 S.
528 1622 657 1675 Augustini
677 1624 773 1664 nonnisi
793 1634 822 1664 ex
842 1635 870 1665 11
888 1624 962 1675 parte,
985 1636 1014 1665 ex

165 1700 213 1740 qua
227 1700 312 1729 manco
325 1687 479 1737 remanserat,
494 1688 635 1739 receperunt
647 1699 748 1739 eamque
762 1687 927 1739 enupperando
940 1688 1013 1729 etiam

164 1753 271 1804 amplius
286 1754 313 1793 in
328 1746 404 1792 anoni
419 1753 481 1793 hanc
495 1758 590 1803 portem
606 1752 782 1793 detruserunt1.

164 1879 220 1920 282.
257 1879 296 1921 lv.
316 1877 431 1931 Theologi
449 1876 618 1928 antiquissimi,
639 1878 666 1918 ut
685 1878 709 1918 S.
729 1878 882 1918 Anselmus
903 1878 927 1929 (1
947 1878 1009 1929 1109)

163 1943 187 1983 11
202 1944 280 1983 adhuc
303 1942 465 1983 Guilelmus
487 1942 663 1982 Parisiensis
686 1943 710 1993 (1
727 1941 800 1993 1240),
817 1942 951 1991 Decernite,
970 1955 1013 1983 cur

163 2008 228 2047 Dens
241 2008 310 2047 honio
324 2018 375 2057 cap.
389 2010 454 2060 1-5,
468 2017 523 2046 cum
535 2007 559 2047 S.
573 2006 708 2056 Augustino
719 2005 807 2047 realem
820 2005 893 2058 primi
906 2006 1012 2048 hominis

164 2071 253 2112 statum
269 2072 355 2113 vocant
372 2063 552 2112 «naturalem».
569 2096 601 2102 -
617 2070 641 2111 S.
660 2071 824 2112 Bernardus
843 2072 868 2123 (1
885 2071 957 2123 1153),
976 2073 1012 2113 De

164 2135 286 2186 ditipendo
298 2136 349 2175 Deo
362 2147 413 2187 cap.
428 2138 462 2183 10,
477 2135 528 2175 vim
541 2136 630 2176 amoris
643 2134 796 2177 deificantem
810 2137 910 2187 pulchre
925 2137 1011 2177 descri-

163 2201 206 2241 bit.
225 2200 392 2241 -Paulatim
410 2199 513 2251 theologi
532 2201 660 2251 coeperunt
677 2201 767 2252 reflecte
785 2201 928 2249 examinare,
949 2212 1012 2251 quae

163 2267 227 2306 bona
240 2265 349 2306 creatura
362 2264 486 2306 rationalis
499 2276 547 2316 qua
560 2265 640 2316 imago
653 2265 696 2306 Dei
711 2276 776 2306 mere
790 2266 908 2306 naturalis
920 2266 1011 2307 efficere

162 2331 201 2370 vel
215 2330 308 2381 exigere
322 2330 402 2381 possit,
418 2341 480 2381 quae
493 2341 550 2370 vero
561 2330 614 2371 eius
627 2329 691 2371 vires
704 2331 728 2371 11
740 2329 873 2380 exigentiae
886 2330 1008 2371 excedant.
1043 2382 1045 2388 ζ

164 2395 330 2445 Comparando
343 2395 455 2436 naturam
471 2394 573 2435 creatam
589 2395 619 2435 ad
635 2394 712 2435 tinem
726 2394 826 2448 visionis
841 2395 966 2437 intuitivae
980 2408 1010 2436 ex

163 2459 306 2500 revelatione
325 2459 456 2510 cognitum,
479 2458 589 2509 explicite
609 2460 728 2510 negarunt
747 2459 926 2509 proportionem
947 2459 1011 2501 inter

162 2525 227 2564 hunc
242 2524 316 2565 finem
330 2524 354 2564 et
367 2523 437 2573 vires,
453 2535 531 2574 opera,
547 2523 679 2575 exigentias
692 2523 800 2564 eiusdem
814 2525 921 2573 naturae,
938 2525 1010 2576 atque

162 2589 294 2630 docuerunt
310 2588 394 2637 Deum,
412 2589 440 2629 ut
456 2587 510 2628 talis
527 2587 584 2628 iinis
601 2586 724 2629 efficaciter
740 2587 821 2638 appeti
838 2589 923 2639 posset,
943 2589 1009 2630 addi-

161 2654 226 2694 disse
239 2653 301 2694 dona
315 2652 513 2704 supernaturalia,
529 2664 589 2703 quae
603 2652 690 2693 natura
704 2664 751 2693 non
766 2653 870 2702 exigeret
882 2654 906 2694 11
920 2655 1009 2704 quibus

161 2719 192 2759 ad
207 2718 316 2758 ordinem
330 2717 441 2759 divinum
455 2716 595 2758 elevaretur.
612 2717 652 2758 Sic
666 2717 746 2769 Hugo
762 2729 776 2757 a
792 2717 815 2757 S.
831 2710 956 2767 Victore,
973 2720 1009 2759 De

160 2782 315 2822 sacramentis
330 2786 350 2830 1,
367 2785 387 2831 6,
404 2784 437 2831 17,
455 2782 485 2822 ad
500 2782 641 2823 merendum
656 2781 792 2832 praemium
808 2793 881 2832 supra
896 2782 1008 2824 naturam

223 2928 231 2948 1
243 2926 273 2962 Ci.
285 2925 309 2960 P.
321 2925 438 2960 Roasrelot
450 2925 474 2969 (†
486 2924 549 2970 1914),
560 2926 592 2961 La
602 2926 667 2969 grace
678 2925 697 2960 d’
706 2925 770 2971 apres
781 2934 797 2960 s.
810 2926 866 2961 Jean
877 2927 923 2963 ets.
936 2926 1006 2963 Paul:

160 2973 291 3010 RechScRel
312 2972 334 3008 18
356 2973 418 3018 (1028;
441 2972 554 3017 Melanges
574 2973 746 3019 Grandmaison)
769 2971 856 3008 87-104.
906 2971 909 2977 “
