2214 3350
222 133 298 170 Thesis
314 133 330 172 9.
349 135 412 169 Dona
428 132 558 179 simphoiter
575 131 756 178 supernaturalia
878 130 912 167 175

67 243 97 283 ab
113 242 178 283 extra
193 243 313 283 accederet
328 241 511 293 separatumque
527 253 541 281 a
557 240 643 281 natura
658 240 790 288 hominis»,
808 241 849 281 sed
865 239 911 280 tuit

67 317 122 346 vere
136 305 259 354 naturalis,
277 322 286 342 ι(
295 305 433 346 ut‘neturee
447 304 514 345 Adae
527 304 589 345 esset
603 303 701 354 diligere
715 303 800 353 Deum,
816 304 911 344 credere

67 369 133 410 Deo»
151 368 195 409 eto.
216 369 253 420 (In
270 369 321 409 Gen
337 368 368 420 3).
388 367 503 408 Flaoius
520 367 657 417 IllyrIcus
674 365 791 407 iustitiam
808 367 910 418 origina-

66 432 114 473 lem
133 430 290 485 habetbauasi
309 432 413 483 formam
431 430 613 471 substantialem
633 430 734 478 animae,
756 441 803 480 qua
823 430 910 470 amissa

67 495 148 535 anima
163 495 350 536 substantialiter
364 493 455 535 mutata
470 494 502 534 sit
516 505 545 534 ex
560 493 664 544 imagine
680 493 723 534 Dei
740 493 765 532 in
780 493 910 544 imaginem

67 557 155 598 diaboli
171 557 213 609 (De
226 557 319 608 peccato
333 557 440 608 originis3
454 558 518 607 aliud
530 558 616 605 Palm,
631 557 664 597 De
677 557 725 596 Deo
739 555 797 596 elev.
812 567 835 607 p.
850 557 909 606 435).
938 553 939 556 ’

67 621 204 662 Secundum
227 620 293 670 alios,
317 633 340 662 v.
360 633 382 672 gi
401 621 514 660 Ioannem
540 619 679 667 Gerhard,
705 619 789 660 saltem
813 618 911 669 aliquod

66 684 174 724 accidens
189 684 296 724 naturale
311 684 353 725 est.
374 709 406 714 -
426 683 508 734 Itaque
529 683 596 724 iuxta
616 682 703 734 placita
725 682 911 723 Protestantium

67 746 128 788 dona
146 746 234 798 gratae
253 748 401 787 constitutive
419 746 456 788 vel
474 746 558 787 saltem
577 746 724 785 consecutive
742 745 862 796 pertinent
880 745 910 786 ad

66 811 176 851 naturam
197 810 336 850 rationalem
357 809 514 858 innocentem
536 821 609 860 quere
631 809 777 850 strictissime
799 808 909 859 exigitur,

66 885 96 914 ne
107 875 170 914 Deus
181 884 234 914 eam
246 874 332 914 condat
342 873 381 913 his
392 873 460 913 donis
472 874 598 914 carentem.
611 899 642 903 -
650 872 673 923 e)
687 872 760 913 Baius
774 872 805 924 (vi
818 884 843 913 n.
856 871 906 923 iit:

67 937 123 977 Sine
137 936 175 977 his
190 936 259 977 donis
274 936 359 977 natura
374 936 434 977 esset
449 935 535 976 misem
551 936 575 977 et
589 935 614 976 iri
630 936 692 976 statu
707 936 819 984 violento;
836 946 909 986 quare

67 999 193 1050 exiquntur
206 1011 221 1039 a
233 1000 325 1040 natura..
338 1025 369 1030 -
382 1000 399 1051 i)
415 999 538 1041 lauscnius
554 1000 585 1050 (v.
600 1011 623 1039 n.
637 1002 664 1040 80
677 1000 700 1040 et
714 1015 725 1034 α
733 998 880 1049 Auaicstinus
888 1015 908 1045 o,

65 1065 99 1105 De
112 1064 173 1105 statu
186 1063 234 1105 nat.
248 1075 320 1115 purae
335 1067 354 1113 l,
369 1064 402 1113 15)
413 1077 417 1104 :
435 1063 525 1104 Caritas
538 1064 599 1104 sicut
610 1063 732 1104 beatitudo
745 1075 794 1103 non
807 1064 910 1114 estpars

66 1127 164 1168 naturae
177 1138 253 1177 neque
266 1138 295 1167 ex
307 1126 433 1178 principiis
446 1126 546 1167 naturae
559 1125 595 1175 fit,
609 1127 650 1167 sed
664 1127 761 1177 superat
773 1127 825 1166 eius
838 1127 907 1167 vires.

19 1226 20 1229 ,
65 1188 199 1232 esttamen
214 1190 375 1238 «naturalis»,
390 1200 438 1229 non
453 1189 530 1234 solum
545 1200 593 1240 qua
608 1189 757 1238 conveniens,
772 1189 908 1240 perficiens,

65 1253 208 1304 appetibilis,
226 1253 267 1294 sed
282 1252 361 1301 ettam,
378 1253 496 1304 quatenus
510 1265 523 1293 a
539 1251 629 1293 ratione
645 1252 749 1293 naturali
765 1252 869 1293 dictatur
883 1252 910 1293 ut

65 1315 207 1368 obligatoriis
220 1316 290 1357 etesi
305 1333 315 1353 (ι
324 1316 381 1367 sinis
395 1316 499 1356 boniiuis
513 1316 638 1363 naturalis,
654 1327 703 1367 quo
715 1326 760 1357 nec
773 1315 874 1357 inferior
887 1315 909 1357 ei

65 1390 108 1420 nec
130 1379 238 1436 superior
259 1379 311 1420 dari
333 1377 435 1429 potest».
457 1404 489 1410 ψ
508 1379 532 1431 g)
550 1377 741 1430 Augustinenses
765 1381 796 1431 (v.
813 1390 838 1419 n.
855 1379 905 1430 87):

66 1444 203 1485 Secundum
217 1442 348 1495 potentiam
362 1443 503 1492 ordinatam,
518 1454 549 1485 ex
564 1444 670 1484 decentia
685 1444 803 1485 Creatoris
817 1444 867 1485 site
880 1455 909 1485 ex

65 1507 116 1557 leg-e
126 1506 270 1546 iustissimae
280 1506 444 1557 providentiae
454 1507 518 1547 Deus
529 1507 599 1547 debet
609 1506 708 1548 naturae
720 1505 831 1558 rationali
843 1506 910 1548 inno-

64 1570 125 1611 centi
141 1581 170 1610 ea
184 1568 331 1610 admInIoula
346 1569 444 1610 naturae
460 1569 570 1611 ordinem
586 1569 723 1610 excedentia
738 1570 803 1619 dare,
821 1570 909 1621 quibus
938 1573 942 1576 ’
979 1593 981 1596 >

65 1632 116 1684 eget
125 1633 156 1673 ad
165 1632 280 1672 visionem
290 1631 333 1672 Dei
343 1631 505 1680 obtinendem,
517 1632 594 1683 finem
603 1644 675 1672 suum
684 1633 820 1673 naturalem
830 1633 910 1683 quood

65 1696 244 1736 inclinationem
258 1701 280 1735 et
293 1696 426 1746 appetitum
442 1696 481 1747 (cf.
496 1688 574 1735 Palm.
589 1707 612 1746 p.
631 1696 707 1747 321st.
722 1721 753 1727 -
766 1696 791 1747 h)
808 1695 907 1737 Semira=

66 1758 200 1800 ttonalistae
214 1757 323 1799 catholici
338 1759 377 1810 (cf.
392 1769 415 1798 n.
430 1758 489 1809 252),
504 1758 567 1799 inter
580 1769 639 1810 quos
653 1757 745 1799 saeculo
758 1759 834 1800 XVIII
849 1759 907 1800 Ben.

66 1823 185 1865 Stettler
205 1823 228 1864 et
248 1823 297 1870 alii,
320 1833 378 1863 saec.
400 1823 452 1863 XIX
473 1824 599 1871 Hermes,
624 1822 751 1863 Giinther
772 1825 795 1865 et
815 1823 908 1864 minore

64 1887 141 1937 gradu
155 1885 291 1927 Hirscher
304 1885 328 1927 et
342 1886 435 1925 Kuhn.
452 1885 545 1936 Negant
559 1885 596 1927 vel
611 1885 741 1937 neglegunt
754 1885 906 1938 adoptionem

32 1994 33 1998 ,
65 1950 87 1991 et
103 1949 247 1990 consortium
264 1949 359 1989 divinae
375 1948 473 1989 naturae
489 1948 547 1989 effici
564 1960 606 1999 per
624 1949 685 1989 dona
700 1949 801 2000 phurim
818 1949 909 2001 simpli-

65 2013 122 2052 citer
142 2012 342 2063 supernaturalia
369 2012 435 2053 actus
455 2011 571 2052 salutares
597 2013 627 2053 ab
655 2011 748 2053 aotIhus
768 2013 909 2055 naturaliter

66 2074 169 2116 honestis
184 2075 225 2115 vix
241 2074 398 2125 d1stinguunt3
421 2074 454 2115 sic
476 2075 506 2115 ad
529 2075 762 2116 rationaIIsmum
784 2077 908 2118 moderno-

65 2134 118 2179 rum
134 2137 359 2179 Protestantium
375 2136 525 2188 aliquatenus
541 2138 680 2179 acceaunu.
699 2139 809 2180 Ceterum
825 2139 908 2180 Kuhn

65 2214 119 2244 cum
135 2201 263 2243 tendentiis
278 2200 514 2241 semirationalisticis
531 2200 646 2242 miscebat
662 2201 728 2243 ideas
745 2203 842 2243 baianas
860 2202 908 2244 sive

65 2265 256 2316 auaustiniouas:
277 2263 357 2306 Status
372 2263 471 2304 naturae
487 2275 562 2314 purae
578 2275 626 2304 non
643 2263 758 2306 sufficeret
774 2266 840 2306 ideae
857 2277 909 2317 per-

65 2328 173 2370 fectionis
189 2328 308 2369 creaturae
325 2328 452 2374 humanam
470 2338 543 2376 quare
560 2326 623 2368 Deus
640 2326 727 2368 statum
743 2326 847 2369 iustitiae
864 2330 910 2370 ori-

125 2472 133 2493 1
149 2471 283 2508 Scheeben
298 2470 328 2515 (II
342 2479 363 2504 n.
378 2468 413 2506 651
421 2469 439 2514 s)
456 2470 561 2505 describit
574 2470 632 2506 huno
646 2470 833 2513 ralionalismum
851 2484 861 2503 ι(
870 2472 909 2507 der

64 2518 95 2552 ini
108 2526 193 2561 genien
204 2516 357 2552 v'Christentum
369 2524 413 2550 nur
426 2515 475 2551 eine
488 2515 577 2552 Anstalt
590 2525 629 2551 zur
642 2516 768 2560 Erziehung
781 2517 829 2552 und
842 2516 911 2553 nach-

64 2563 183 2599 heltenden
199 2563 373 2605 Unterstiitzung
389 2561 427 2597 des
444 2561 586 2598 natiirlichen
603 2562 723 2602 Menschen
740 2562 773 2598 als
790 2563 908 2599 Vernunit-

64 2618 149 2645 wesens
166 2608 208 2644 mit
226 2609 333 2652 obligater
356 2606 513 2653 Nachlessung
532 2609 571 2644 der
589 2609 680 2646 Siinden
698 2608 782 2652 siehtn,
803 2609 824 2645 et
841 2608 909 2646 istam

64 2655 202 2691 tendentiam
222 2653 469 2698 semiraiionalislicam
491 2654 518 2691 de
539 2663 584 2699 qua
603 2655 655 2691 ibid.
678 2654 721 2692 eit:
746 2655 909 2701 «Ueberhaupt

64 2701 205 2737 beherrschte
218 2701 249 2736 sie
262 2699 394 2737 Iahrzehnte
407 2700 519 2736 hindurch
532 2701 578 2737 last
591 2701 626 2736 die
639 2709 709 2746 ganne
723 2701 827 2737 deutsche
842 2703 909 2738 Theo-

64 2747 127 2791 logie,
146 2747 180 2782 bis
198 2747 230 2782 sie
247 2746 320 2782 auersi
338 2746 407 2781 durch
425 2746 535 2790 Kleutaen
562 2747 642 2792 (Theoi.
663 2748 701 2783 der
720 2748 807 2783 Vorzeit
825 2749 858 2784 Bd
876 2748 907 2793 Π)

64 2801 108 2828 von
125 2793 203 2829 Grund
219 2802 260 2829 aus
277 2792 323 2828 und
341 2791 438 2837 allseitig
455 2793 570 2838 bekamptt
587 2794 669 2829 wurde.
680 2806 689 2826 n
710 2795 741 2830 De
760 2794 837 2830 Kuhn
856 2795 909 2830 dicit

64 2848 83 2873 v.
101 2838 227 2875 Schdzler
243 2840 310 2884 (Neue
325 2838 526 2884 Untersuchungen
540 2849 560 2885 p.
577 2838 619 2884 344)
628 2854 636 2879 :⁴
651 2840 733 2876 «Nach
747 2840 815 2876 thn
828 2840 858 2876 ist
873 2841 908 2876 dte

65 2885 162 2928 gesemte
173 2884 352 2920 iibernatiirliche
364 2884 472 2929 ordnung
483 2886 522 2921 eui
533 2885 614 2921 keinen
625 2886 723 2922 hoheren
735 2887 812 2923 Zweck
824 2886 857 2923 als
870 2887 909 2923 auf

65 2932 99 2967 die
108 2932 259 2975 Begriindung
267 2931 305 2967 der
313 2930 419 2967 Obmecht
430 2931 468 2967 des
479 2932 563 2969 Geistes
571 2934 624 2968 iiber
634 2933 675 2968 das
685 2932 772 2969 Fleisch
779 2932 908 2977 gerichtet,»
