2214 3350
148 156 184 192 204
284 157 338 192 Sect.
354 157 381 192 H.
396 157 442 192 Art.
458 157 485 192 II.
501 157 531 192 De
545 137 758 201 supernaturalitate
772 154 858 199 gratiae

148 275 199 305 soce
221 265 414 318 supernaturales
436 265 569 306 Guilelmus
592 263 785 312 Parisicnsis„..
809 261 992 310 Bumodus...

148 327 318 368 01011100...»
353 328 382 369 10.
405 327 515 380 (Ripalda
534 326 596 377 disp.
616 329 643 366 44
662 337 679 367 s.
700 325 731 377 l).
752 326 829 375 Quare
848 324 916 366 caute
935 325 993 365 acci-

147 390 229 440 piendi
244 391 300 431 sunt
313 391 379 442 longi
393 391 493 439 catalogi
507 389 662 440 patronorum
677 389 700 429 et
714 389 905 429 adversariorum
920 387 993 428 buius

148 453 277 502 doctrinae,
293 465 353 504 quos
367 453 455 493 Suarez
472 452 496 504 (l.
512 455 525 492 2
540 464 592 502 cap.
608 454 621 492 4
635 452 667 503 5),
682 451 746 502 Rip,
761 451 819 491 Lali.
839 452 870 503 (n.
886 451 922 502 75)
939 461 992 490 con-

147 515 241 558 ficiunt.
259 542 291 547 -
308 517 360 557 Dici
378 515 465 567 potest:
493 515 615 563 Nonnulli,
635 514 756 565 imprimis
780 516 804 555 S.
825 516 946 555 Thomas
969 513 993 560 01

112 628 117 631 p
147 579 322 627 Themistae‚
348 580 376 619 de
402 579 483 618 anima
502 589 556 618 curn
576 578 625 618 suis
643 577 755 628 potentiis
773 578 796 619 et
815 576 992 629 operationibus

147 642 178 682 ad
191 643 300 683 ordinem
313 642 423 682 divinum
437 639 528 681 elevata
541 640 575 681 ita
589 640 727 691 loquuntur,
737 641 770 681 ‘ut
782 651 812 681 ex
826 639 896 681 dictis
909 640 992 691 sponte

147 704 208 745 fluat
224 705 346 744 entitatiua
363 703 577 754 supernaturalitas
592 703 719 744 habituum
736 704 759 744 et
776 703 873 744 actuum
899 702 991 754 (saltem

146 769 263 819 quatenus
277 768 372 809 caritate
386 767 539 820 formantur).
555 761 604 808 Alii
616 779 680 816 vero,
695 768 836 818 praesertim
851 767 991 808 Scotislae

145 834 169 874 et
190 833 376 881 Occamistae,
401 833 529 873 sedetiam
546 832 656 873 nonnulli
679 832 853 882 Themistae,
878 843 990 882 superna-

146 899 290 940 turalitatein
305 899 402 939 actuum
418 896 559 939 salutarium
574 909 601 938 00
616 898 687 938 modo
702 898 854 948 quaesierunt
869 897 895 937 in
909 897 990 948 aliqua

145 963 284 1004 accidentali
297 970 363 1003 actus
375 963 521 1012 modalitate,
536 963 563 1004 ut
576 962 756 1004 substantialem
769 963 821 1003 eius
834 962 990 1004 elevationem

139 1021 264 1079 'ignorasse
275 1028 298 1069 et
308 1028 392 1069 saltem
402 1026 536 1068 virtualiter
547 1038 644 1077 negasse
655 1027 789 1068 videantur.
803 1027 903 1068 Habitus
914 1027 989 1067 infusi

144 1093 276 1133 secundum
296 1092 341 1133 hos
360 1091 467 1132 auctores
487 1091 545 1133 dant
564 1091 679 1132 maiorem
700 1089 867 1140 intensitatem
890 1090 990 1132 facilita

142 1157 198 1205 tem,
212 1156 436 1208 promptitudinem,
445 1155 659 1204 delectabilitatem,
678 1155 899 1206 acceptabilitatem,
919 1157 989 1196 dura-

142 1222 239 1269 tionem,
263 1220 430 1261 discretionem
452 1220 495 1261 ctc.
519 1220 637 1261 Audiatur
659 1220 713 1260 Did.
737 1221 809 1260 Deza
832 1219 987 1271 Hispalensis,

143 1286 252 1336 egregius
265 1285 379 1326 tiromista
394 1285 418 1336 (1
433 1285 505 1336 1523),
520 1285 562 1336 qui
575 1286 603 1325 lu
616 1288 629 1325 3
643 1285 666 1325 d.
681 1287 708 1325 28
722 1297 744 1335 q.
759 1288 770 1325 1
785 1297 806 1325 a.
821 1288 835 1326 4
848 1284 989 1336 argumenta

141 1350 251 1389 Duraudi
267 1350 350 1391 contra
370 1349 533 1390 necessitatem
557 1349 654 1390 habitus
669 1349 743 1390 inlusi
759 1350 784 1390 01
800 1349 988 1401 supernaturalis

141 1413 308 1454 illustrationis
318 1415 349 1454 ad
359 1413 489 1455 credendas
499 1414 610 1454 veritates
621 1413 814 1465 supernaturales
824 1406 987 1455 0011111111εῇ1-

141 1479 247 1528 guendo:
270 1478 390 1519 Assentire
408 1489 536 1530 possumus
561 1478 722 1529 qualicunque
740 1489 845 1528 assensu,
872 1479 913 1519 sed
938 1490 986 1519 non

141 1544 252 1595 perfecte.
272 1543 396 1585 «Periecte
411 1543 491 1584 autern
507 1539 622 1584 assentire
637 1543 672 1584 est
687 1543 790 1593 firmiter
806 1549 829 1583 et
843 1543 945 1594 faciliter
960 1555 988 1583 ac

142 1608 312 1648 delectabiliter
331 1614 354 1648 et
372 1608 472 1655 discrete
490 1608 611 1656 assentire3
630 1608 654 1649 et
672 1607 717 1648 isto
741 1608 813 1648 modo
837 1608 861 1648 S.
884 1608 987 1648 Thomas

140 1672 264 1722 intellexit,
283 1673 324 1713 ubi
342 1672 458 1723 allegatus
473 1673 509 1713 est
525 1684 570 1724 pro
586 1671 736 1713 conclusione
752 1673 776 1713 et
793 1672 939 1722 ubicumque
957 1673 987 1713 de

139 1748 167 1777 ea
177 1748 202 1777 10
212 1737 326 1788 loquitur.
336 1755 346 1773 »
359 1737 474 1778 Provocat
484 1737 514 1777 ad
526 1738 649 1786 Thamara,
661 1738 690 1777 lu
700 1739 714 1777 1
725 1738 747 1778 d.
759 1740 787 1778 23
798 1749 821 1788 q.
833 1741 846 1778 3
856 1749 878 1778 a.
891 1739 904 1777 3
914 1748 950 1788 qo.
962 1740 984 1785 2;

139 1801 164 1841 S.
179 1800 212 1842 th.
227 1804 374 1852 2‚2Q.5a.
390 1804 411 1849 33
425 1803 460 1842 De
474 1813 521 1842 aer.
537 1814 560 1853 q.
576 1804 603 1842 14
616 1814 637 1843 a.
654 1805 680 1843 10
693 1802 724 1841 ad
738 1805 771 1842 10.
788 1802 877 1843 Eadem
892 1802 940 1843 1010
956 1803 985 1842 (10

139 1865 223 1906 habitu
238 1865 297 1906 fidei
312 1866 370 1907 dicit
385 1867 551 1918 Capreolus,
567 1866 662 1917 Deseris.
681 1865 759 1916 theol,
776 1867 806 1906 lu
820 1870 834 1907 2
849 1867 872 1907 d.
889 1870 916 1907 28
931 1879 954 1918 q.
971 1869 984 1907 1

139 1942 160 1970 a.
173 1931 230 1975 311
244 1931 275 1970 ad
287 1941 336 1982 arg.
349 1931 459 1971 Duraudi
472 1931 552 1972 contra
565 1934 606 1971 1²1¹n
630 1931 742 1980 conclus,
757 1930 820 1971 01111
832 1934 845 1971 3
858 1931 881 1971 d.
895 1933 923 1971 24
935 1943 958 1982 q.
973 1933 984 1970 1

139 2005 160 2033 a.
175 1995 187 2032 3
200 1994 209 2038 1
221 1996 235 2034 2
248 1993 279 2033 ad
292 2005 341 2044 arg.
356 1994 421 2034 Scoti
435 1993 572 2034 contrusam
595 1994 698 2034 conclus.

207 2081 232 2131 b)
258 2080 325 2121 Post
347 2079 549 2120 Tridentinum
574 2080 675 2130 theologi
694 2079 828 2121 accuratius
845 2080 984 2131 supernatu-

138 2144 256 2186 ralitatem
267 2145 377 2185 omnium
385 2145 503 2185 donorum
510 2144 646 2185 infusorum
658 2144 681 2185 et
692 2144 801 2185 omniurn
812 2145 909 2185 actuum
921 2145 984 2186 salu-

137 2209 226 2250 tarium
240 2210 389 2251 considerare
404 2209 539 2261 coeperunt.
555 2207 650 2251 Abhinc
664 2208 829 2251 Themistae
844 2209 983 2261 supernatu-

138 2274 256 2315 ralitatem
276 2275 355 2325 quoad
375 2274 532 2316 substantiam
552 2274 622 2315 valde
642 2275 759 2325 urgebant
778 2285 880 2325 eamque
900 2274 983 2326 impri-

137 2338 184 2379 mis
201 2351 230 2379 ar
247 2339 337 2380 obiecto
354 2339 452 2390 formali
469 2339 565 2380 actuum
591 2339 701 2390 specifice
725 2340 819 2381 diverso
836 2338 981 2391 repetebant.

138 2403 237 2444 Secutus
253 2404 289 2444 est
305 2405 409 2445 Suarez
427 2416 482 2445 cum
499 2404 553 2445 aliis
571 2403 671 2445 Iesuitis.
689 2430 721 2435 -
738 2405 866 2454 Vazquez
884 2404 982 2445 admisit

136 2469 203 2509 actus
219 2469 335 2519 quosdam
351 2480 405 2510 vere
423 2468 538 2509 salutares
554 2469 578 2510 et
593 2469 682 2510 remote
699 2468 851 2519 disponentes
868 2469 898 2509 ad
916 2469 982 2509 iusti-

136 2532 282 2581 ficationem,
301 2533 421 2575 entitative
440 2533 520 2574 tamen
538 2533 659 2574 naturales
679 2534 709 2585 (v.
730 2545 752 2574 n.
773 2536 814 2574 120
832 2534 855 2574 01
873 2534 931 2585 131).
951 2559 983 2565 -

136 2596 256 2645 Melina,
281 2597 414 2648 Ripalda,
439 2598 526 2647 Lug-o,
552 2598 669 2646 Granado,
696 2597 792 2647 Oviedo,
811 2597 871 2639 Viva
889 2598 979 2646 etalii,

136 2660 240 2703 maxime
259 2673 271 2702 e
289 2662 312 2702 S.
331 2663 361 2711 l.,
379 2663 501 2714 crepabant
517 2664 585 2703 actus
602 2662 794 2714 supernaturales
812 2674 827 2703 a
845 2674 981 2714 correspon-

136 2726 248 2768 dentibus
262 2726 354 2767 actibus
368 2726 518 2768 naturalibus
532 2727 621 2767 obiecto
636 2728 734 2778 formali
747 2728 786 2768 vel
801 2727 890 2767 motivo
905 2727 981 2768 obiec-
1027 2753 1031 2757 «
1103 2701 1104 2744 3

136 2791 324 2841 111011101111911,Ι
340 2802 413 2841 quare
428 2804 443 2832 a
458 2791 588 2832 Thomistis
603 2791 659 2833 inde
673 2803 688 2832 a
703 2792 795 2832 Thoria
812 2793 841 2832 de
855 2792 939 2832 Leuior
955 2793 981 2832 in

137 2855 365 2907 congregationibus
386 2857 414 2896 de
434 2854 537 2896 Auxiliis
558 2867 633 2906 usque
654 2857 685 2897 ad
706 2856 786 2897 nostra
807 2855 913 2907 tempora
935 2857 981 2897 tra-

135 2919 262 2968 ducuntur,
284 2919 352 2970 quasi
372 2930 426 2960 cum
446 2919 552 2960 Scotistis
571 2921 594 2961 et
612 2919 779 2962 Nominalibus
800 2921 979 2971 supernaturale
