2214 3350
249 168 250 171 ¹
286 190 292 193 ·’
301 175 378 211 Thesis
394 174 410 211 7.
428 175 533 211 Meritum
549 175 569 210 et
586 172 713 219 impetratio
764 225 766 228 y
896 168 931 205 131

83 286 191 336 utcreup·
212 283 255 324 Gal
274 286 294 332 3,
315 286 354 325 28:
375 286 458 339 πίστει)
480 284 519 324 vel
538 284 592 334 fons
615 281 685 333 (Rom
704 283 725 328 3,
746 282 781 328 303
801 283 822 328 5,
844 282 864 328 1;
886 279 930 320 Gal

83 349 104 395 3,
120 348 187 387 824:
203 347 240 401 ἐκ)
263 345 440 388 iustificationis
457 347 496 398 (ci.
513 346 546 387 th.
563 348 588 386 11
605 356 628 385 u.
645 343 704 395 333).
722 342 792 384 Fides
806 341 931 393 reputatur

85 409 116 450 ad
133 408 248 450 iustitiam
267 410 336 461 (Rom
353 413 374 459 4,
392 412 405 450 3
422 410 454 461 5),
473 408 617 451 describitur
634 407 758 457 tamquam
776 411 841 446 actus
860 403 929 445 valde

86 473 161 512 bonus
174 472 286 512 1111111111
298 473 423 522 honorans,
438 471 494 513 hinc
508 485 522 513 a
534 473 584 513 Deo
597 471 627 512 ad
641 468 836 511 iustificationem
850 478 929 518 accep-

85 536 131 583 tus,
148 535 209 575 Rom
225 537 245 584 l,
264 537 360 578 17-22:
381 535 503 576 Abraham
521 533 623 576 credidit
638 533 695 581 Deo,
713 531 767 572 eius
782 529 930 581 omnipoten-

85 597 144 638 tiam
157 608 293 648 agnoscens,
309 597 391 639 contra
405 609 471 649 spem
486 598 511 638 in
526 608 592 649 spem
607 596 713 643 credens,
729 605 777 635 non
791 593 930 634 infirmatus

84 660 141 709 fide,
158 671 206 701 non
222 660 341 702 haesitans
356 660 494 709 diffidentia,
511 661 552 702 sed
568 657 715 700 confortatus
731 655 788 706 fide,
805 656 866 698 dans
881 655 929 706 glo-

84 724 145 764 riam
157 723 213 772 Deo,
227 723 364 774 plenissime
376 734 516 775 persuasum
529 724 620 763 habens
637 719 844 779 (πληροφορηῦεἱς)
854 719 931 760 Deum

84 796 151 837 posse
164 786 229 837 quod
241 787 357 837 promisit,
372 786 444 827 etiam
457 786 542 827 iacere.
557 786 611 826 ldeo
628 785 681 842 (aa)
696 782 833 834 reputatum
847 783 881 823 est
893 781 930 822 illi

85 849 116 890 ad
132 849 254 890 iustitiam.
270 852 367 896 23-25:
387 848 503 890 Similiter
518 848 588 890 nobis
602 848 663 889 fides
680 847 706 888 in
722 846 844 888 Christum
861 856 930 897 repu-

85 912 180 953 tabitur.
195 911 514 963 ΜΕ11ςοΡ1111111ε1111111111
528 912 586 952 fidei
601 911 674 953 relate
688 911 718 951 ad
734 908 929 951 iusti'iicationem

84 987 138 1016 earn
157 974 285 1016 efficaciam
305 973 447 1023 adscribere,
469 986 542 1027 quam
564 985 607 1015 nos
627 985 740 1015 vocamus
761 972 878 1015 meritum
896 972 931 1014 de

85 1049 220 1089 congruo.
237 1063 269 1069 -
285 1039 305 1089 c)
325 1037 466 1089 Operibus
481 1049 544 1086 vero,
563 1048 624 1089 quae
640 1038 731 1088 absque
747 1036 824 1088 gratia
841 1035 930 1077 Christi

86 1103 155 1150 fiunt,
175 1114 237 1143 eum
254 1103 379 1143 valorem
398 1103 529 1153 denegat,
549 1113 621 1152 quern
639 1101 724 1142 tribuit
742 1101 807 1142 fidei.
828 1101 889 1141 Rom
906 1103 927 1149 3,

73 1168 123 1211 ,202
146 1165 200 1205 «Ex
216 1165 328 1216 operibus
345 1164 405 1216 legis
423 1175 471 1205 non
489 1164 660 1207 iustificabitur
679 1163 757 1205 omnis
775 1175 829 1204 caro
849 1174 930 1204 coram

0 1218 2 1239 ³
18 1263 19 1266 ,
85 1229 153 1279 11101;
165 1255 197 1263 --
208 1233 246 1271 28:
264 1229 511 1271 «Arbitrarnur‘enim
523 1229 649 1270 iustificari
662 1228 785 1270 hominem
798 1229 929 1280 perfidem

85 1292 135 1333 sine
152 1292 265 1343 operibus
282 1292 369 1343 legis.»
394 1317 426 1323 -
442 1295 463 1340 9,
482 1294 580 1333 30—32:
609 1291 696 1333 Gentes
720 1291 931 1344 apprehenderunt

86 1355 208 1404 iustitiam,
224 1367 286 1406 quae
301 1367 329 1396 ex
345 1355 393 1396 fide
407 1355 449 1395 est.
468 1355 559 1396 «lsrael
574 1367 630 1396 vero
645 1354 757 1396 sectando
771 1356 848 1405 legem
864 1355 929 1397 iusti-

0 1417 2 1422 ’
63 1443 64 1446 =
85 1417 138 1467 tiae,
153 1418 178 1459 in
191 1418 268 1469 legem
282 1417 385 1459 iustitiae
398 1429 447 1458 non
460 1418 575 1469 peruenit.
590 1419 679 1468 Quare?
692 1418 753 1468 Quia
766 1429 815 1459 non
829 1430 858 1459 ex
871 1418 928 1466 fide,

0 1513 4 1542 ,
86 1482 126 1522 sed
142 1481 211 1533 quasi
226 1493 255 1522 ex
271 1481 400 1533 operibus»
420 1481 459 1533 (ci.
478 1482 521 1522 Gal
537 1485 557 1530 2,
575 1482 677 1533 lower).
694 1506 726 1511 -
741 1482 804 1534 Ergo
817 1481 931 1533 operibus

0 1576 3 1586 .
29 1550 31 1552 ’
85 1544 136 1585 sine
158 1544 235 1596 gratia
260 1544 347 1585 Christi
365 1544 434 1585 iactis
458 1556 488 1584 ne
512 1544 624 1585 meritum
649 1546 678 1586 de
703 1555 809 1596 congruo
831 1543 930 1597 quidem

85 1607 201 1648 convenit.

152 1693 283 1734 Deducitur
295 1692 368 1734 thesis
379 1693 452 1734 etiam
463 1705 493 1734 ex
505 1694 534 1734 iis
546 1694 657 1742 textibus,
671 1693 759 1745 quibus
770 1694 834 1735 inira
849 1693 891 1745 (th.
905 1694 927 1745 9)

86 1757 241 1808 probabimus
256 1758 320 1798 dona
335 1757 424 1808 gratiae
441 1757 558 1808 pertinere
576 1758 606 1798 ad
622 1758 732 1799 ordinem
750 1759 868 1806 divinum,
886 1759 928 1810 qui

85 1822 146 1883 vires
160 1822 184 1863 et-
197 1821 327 1872 exigentiae
340 1822 418 1861 omnis
433 1821 553 1863 creaturae
569 1821 715 1863 transcendit
731 1823 769 1874 (ci.
786 1835 810 1863 n.
826 1823 885 1874 290).

86 1947 139 1988 2⁰3.
176 1947 219 1988 ΙΙΙ.
245 1946 339 1988 Patres.
366 1951 386 1988 1.
413 1947 575 1998 Augustino
599 1948 711 1998 priores
738 1949 768 2000 (v.
788 1949 823 1990 th.
845 1949 929 1991 1112

85 2021 108 2050 n.
120 2013 204 2052 leet
216 2012 265 2063 db:
280 2011 390 2060 Basilius,
405 2011 544 2062 Cyprianus,
558 2011 665 2060 Pontius,
678 2012 828 2062 Ambrosius,
841 2011 928 2054 Victor.

144 2099 173 2134 Hi
187 2098 272 2141 Patres,
287 2099 375 2145 quando
390 2099 472 2134 bonum
485 2100 570 2133 motum
582 2098 722 2143 praerequiri
736 2098 820 2141 dicunt,
836 2108 878 2144 quo
893 2100 930 2135 ho-

85 2151 155 2188 mines
173 2153 245 2196 pratia
262 2151 324 2197 usqne
341 2152 442 2195 evadant,
461 2152 500 2188 aut
516 2152 537 2198 a)
556 2160 601 2186 non
616 2152 827 2195 receptaculum
844 2152 930 2197 prauae

84 2206 248 2249 praevenientis
263 2206 292 2242 ad
307 2205 366 2241 hunc
381 2205 472 2249 motum,
489 2213 532 2250 quo
548 2205 620 2241 decidi
635 2204 755 2250 affirmant,
771 2206 849 2243 utrum
864 2206 930 2243 homo
970 2210 971 2214 ’

0 2284 5 2304 s
85 2257 236 2295 adulteriora
250 2258 362 2301 beneficia,
378 2259 475 2294 maxime
489 2259 519 2294 ad
533 2257 599 2295 fidem
615 2259 636 2295 et
650 2258 839 2304 iustificationem,
856 2269 930 2307 perve-

83 2310 131 2346 niat
142 2321 218 2355 necne3
229 2333 254 2340 -
265 2313 304 2348 aut
315 2312 336 2358 b)
349 2312 444 2347 fortasse
455 2312 588 2357 intellegunt
600 2312 686 2358 aliquid
697 2313 780 2349 valoris
792 2322 851 2349 mere
863 2322 930 2358 nepu-

85 2362 123 2398 11111
136 2374 161 2400 ex
174 2366 237 2411 parte
250 2365 347 2402 hominis
359 2365 477 2411 praestari,
492 2366 538 2402 scil.
554 2367 612 2412 quod
625 2367 692 2404 homo
705 2376 750 2404 non
763 2378 787 2405 se
800 2368 869 2404 iaciat
883 2377 930 2414 spe-

84 2416 169 2454 cialiter
191 2419 310 2464 indignum
332 2418 442 2465 patrando
467 2419 563 2456 crimina
582 2421 622 2467 (sic
638 2421 784 2467 probabiliter
808 2421 929 2467 Cyrillus

84 2469 197 2516 Hieros,
216 2472 302 2509 Catecb.
322 2473 339 2516 1,
355 2472 378 2508 3:
397 2473 457 2509 Deus
473 2473 583 2510 delectum
599 2474 684 2510 taciens
701 2474 842 2521 hypocritam
858 2475 928 2519 reicit,

84 2522 150 2574 digno
162 2526 326 2572 promptissime
338 2526 408 2562 defert
419 2526 524 2571 gratiam3
536 2537 584 2574 cap.
597 2529 610 2565 4
621 2529 675 2565 dicit
686 2528 784 2574 gratiam
795 2529 866 2574 gratis
879 2530 930 2566 dari

86 2575 112 2620 (R
126 2576 179 2625 808);
194 2601 219 2607 -
234 2580 273 2615 aut
287 2579 306 2625 c)
322 2588 372 2615 cum
387 2580 512 2624 Augustino
527 2582 615 2618 iuniore
631 2583 653 2618 et
669 2583 854 2629 semipelagianis
871 2592 929 2619 erra-

0 2655 9 2681 1,
84 2632 162 2665 verunt
180 2632 219 2677 (sic
234 2633 328 2668 tortasse
345 2633 439 2669 Ioannes
458 2634 644 2682 Chrysostomus).

85 2745 138 2787 2111.
175 2751 196 2789 2.
211 2748 359 2801 Augustinus
376 2750 406 2801 (v.
423 2759 446 2789 n.
462 2753 489 2790 28
504 2753 531 2790 50
546 2752 590 2802 57).
607 2754 629 2804 a]
646 2753 718 2795 Ante
732 2754 929 2805 episcopatum

85 2810 234 2858 gratuitatem
253 2813 342 2864 gratiae
359 2824 407 2853 non
426 2813 484 2855 satis
501 2818 649 2866 cognoverat.
671 2818 738 2860 Sicut
756 2818 836 2870 postea
854 2820 929 2860 Semi

4 2876 13 2924 j
85 2874 210 2925 pricipium,
228 2878 255 2918 ut
269 2879 385 2919 iustitium
398 2877 521 2920 electionis
536 2880 631 2922 divinae
648 2882 730 2931 salvet,
747 2883 844 2934 aliquod
860 2885 930 2925 111111-

0 2941 12 2984 1
86 2941 135 2976 tum
153 2939 287 2981 humanum
303 2948 339 2982 sut
355 2954 458 2993 parvum
475 2943 565 2994 proiice
580 2945 708 2995 praevium
725 2948 799 2989 docet.
