2214 3350
142 128 145 131 ‚
218 115 287 181 schor.
306 145 323 182 2,
342 145 452 182 Remissio
467 144 611 190 peccatorum
626 154 666 190 per
682 144 780 189 gratiam
887 142 925 180 327

75 263 123 293 non
140 251 248 293 statuunt
264 252 310 292 nisi
328 253 476 305 physicam
494 251 517 293 et
534 251 751 293 connaturalem
769 251 922 304 impossibili-'-

72 315 155 363 tatem,
173 326 233 366 quae
250 316 279 356 de
295 316 405 357 absoluta
420 316 463 357 Dei
480 314 586 365 potentia
603 315 710 366 superari
727 314 809 363 possit.
835 315 922 357 Secun-

73 379 133 419 dum
151 378 194 418 hos
212 377 332 430 theologos
348 379 426 430 gratia
443 378 579 418 radicaliter
597 378 695 428 quidem
714 378 737 419 et
755 378 865 429 erratrice
884 379 922 419 ius

71 442 104 482 ,ad
118 440 256 490 amicitiam,
270 442 413 483 filiationem
426 442 449 483 01
461 440 618 482 hereditatem
632 441 674 482 Dei
687 440 800 489 continet
815 442 852 481 ius
865 452 921 482 vero

73 506 165 546 actuale
177 518 207 546 011
219 505 300 557 aliqua
311 506 469 557 promissione
483 505 567 546 divina
579 503 693 555 procedit,
708 515 832 555 quaenon
844 515 921 545 essen-

72 569 162 610 tialiter
175 568 198 609 01
210 568 324 619 absolute,
341 570 383 611 sed
397 568 582 624 connaturaliter
597 573 690 607 tanturn
706 573 728 607 et
743 568 853 618 eripiare
869 578 922 608 nec-

72 632 137 673 tatur
152 643 207 673 curn
223 632 352 683 310110.-
368 633 415 673 Sed
431 632 453 683 a‘)
472 631 605 672 secundum
623 629 764 671 sententiam
780 624 851 670 valde
868 641 921 681 pro-

9 734 10 737 ,
70 695 178 736 babilam
194 696 340 746 peccatum
357 694 507 736 habitante
524 693 659 734 formaliter
675 692 783 734 consistit
799 694 825 733 in
841 694 920 744 priva-

73 758 136 797 tione
152 757 242 808 proriae
261 758 432 799 sanctificantis
450 759 490 810 (ci.
510 769 533 797 n.
552 759 601 806 436,
621 757 652 808 2).
672 756 734 798 Haec
751 756 854 807 privatio
873 768 921 809 qua

69 822 127 863 talis
144 822 220 874 potest
238 822 335 873 quidem
354 822 424 875 aliter
441 821 492 863 tolli
511 833 585 873 quam
604 821 724 862 infusione
743 820 841 871 gratiae,
863 821 927 871 quia*

71 896 114 936 per
123 885 270 927 voluntatem
280 886 323 926 Dei
334 886 360 925 in
372 884 506 936 simplicem
517 884 648 925 carentiam
660 883 748 925 mutari
760 883 837 935 potest
849 884 921 936 (sicut

67 949 170 1000 nipredo
188 949 271 999 potest
282 948 329 989 alio
347 950 418 989 modo
438 948 525 998 expelii
543 959 618 998 quam
637 946 761 988 eductione
780 945 918 997 albedinis);

67 1012 112 1052 sed
124 1012 175 1051 oice
187 1021 255 1051 versa
266 1010 343 1061 gratia
355 1022 404 1051 non
417 1010 493 1062 potest
504 1010 554 1051 ullo
567 1011 639 1051 modo
653 1010 757 1059 infundi,
772 1010 832 1060 quin
845 1009 922 1061 meta-¹

59 1074 170 1125 ¹physica
184 1073 321 1114 necessitate
336 1072 434 1114 tollatur
448 1073 572 1124 peccatum
591 1073 661 1125 (sicut
675 1072 760 1114 albedo
777 1084 826 1114 non
841 1072 922 1123 potest

48 1152 49 1159 ¹
68 1137 181 1187 conferri,
196 1137 256 1188 quin
270 1136 343 1177 cesset
356 1136 537 1187 niqredo)1.'-
550 1136 574 1187 b)
592 1136 732 1177 Fontibus
744 1136 856 1178 videmur
869 1135 895 1186 pl
910 1161 918 1168 -

67 1201 125 1240 nius
139 1200 281 1248 satisfacere,
299 1193 319 1239 si
334 1198 436 1250 gratiam
451 1199 474 1240 et
489 1198 613 1250 peccatum
629 1198 777 1249 concipimus
792 1200 917 1251 tamquam
969 1193 970 1196 ’

67 1263 160 1303 tonnas
175 1263 234 1303 adeo
252 1262 389 1311 contrarias,
407 1262 434 1303 ut
448 1263 500 1312 ipso
518 1268 634 1312 concepta
657 1261 790 1302 formaliter
813 1262 875 1303 inter
893 1274 917 1303 se

65 1325 204 1366 'excludant
216 1325 399 1366 Accommodari
410 1324 487 1377 potest
497 1328 510 1367 2
522 1326 568 1370 (tor
579 1328 600 1375 6,
614 1327 653 1366 14;
670 1317 754 1374 «Quae
765 1323 918 1375 participatio

68 1389 173 1430 institiae
190 1400 246 1429 cum
260 1388 400 1440 iniquitate?
417 1399 477 1439 quae
495 1387 594 1429 societas
611 1388 660 1430 inci
676 1388 708 1430 ad
726 1389 868 1429 tenebrari»
886 1412 918 1420 --

66 1453 88 1503 0)
103 1452 223 1492 Probari
236 1451 336 1502 nequit
348 1450 529 1502 impossibile
542 1462 592 1492 esse
605 1462 648 1492 ens
660 1451 788 1502 physicum
801 1452 914 1500 creatum,

67 1515 132 1566 quod
148 1514 311 1566 metaphysica
327 1513 464 1555 necessitate
481 1517 535 1555 eam
551 1514 821 1568 importetdignitatem
839 1525 916 1556 mora-

65 1577 123 1626 lem,
145 1588 201 1617 cunr
220 1577 411 1628 quartanarum
430 1576 529 1618 mortale
546 1576 657 1618 'absolute
677 1588 727 1617 11011
747 1577 822 1628 possit
842 1577 915 1619 simul

67 1650 117 1680 esse
132 1640 157 1679 111
172 1640 260 1680 01111110.

128 1728 166 1763 1110
184 1727 213 1763 ad
230 1727 330 1762 divinam
346 1726 476 1768 amicitiam,
496 1726 554 1771 quod
572 1726 751 1772 supernaturalis
769 1726 913 1772 participatio

63 1779 156 1814 divinae
167 1778 262 1814 naturae
272 1778 298 1813 in
307 1778 359 1814 00111
370 1778 442 1824 primo
453 1777 544 1822 00111011,
558 1787 604 1825 non
615 1778 697 1824 expleri
708 1778 733 1813 in
744 1779 797 1814 actu
808 1776 912 1820 seeundo,

67 1839 121 1866 sane
137 1829 207 1865 multo
223 1830 296 1874 magis
311 1838 437 1876 repugnare
453 1829 548 1873 videtur,
566 1838 635 1875 quam
650 1838 696 1865 non
712 1829 817 1866 satisfieri
833 1830 854 1866 01
871 1830 914 1866 exi-
935 1850 937 1854 ,

66 1882 155 1926 gantiae
178 1881 284 1923 naturali,
302 1890 371 1925 quam
394 1881 452 1926 ionis
475 1881 543 1918 habet
560 1881 591 1917 ad
607 1881 782 1918 comburendum
807 1882 842 1929 (01.
862 1882 911 1918 Ber.

62 1933 116 1980 1167).
132 1934 165 1969 Ex
180 1933 318 1969 amabilitate
332 1933 357 1968 in
372 1933 424 1969 actu
437 1933 516 1979 primo,
534 1942 602 1978 quam
616 1933 691 1978 gratia
706 1933 775 1970 etiam
789 1934 913 1969 secundum

65 1985 207 2021 adversarios
229 1984 384 2030 metaphysica
406 1985 538 2021 necessitate
562 1985 653 2027 confert,
674 1986 756 2030 ,eadem
781 1986 913 2022 necessitate
945 1981 948 1986 ’

62 2039 128 2084 semri
144 2038 232 2074 videtur
248 2037 343 2073 actualis
361 2047 424 2073 arnor
440 2037 552 2074 amicitiae
560 2036 617 2074 ².'—
631 2038 656 2075 Si
672 2038 737 2075 homo
754 2040 828 2075 iustus
845 2048 912 2085 grave

62 2091 181 2137 peccatum
195 2091 282 2127 actuale
298 2091 422 2136 committit,
437 2093 504 2128 Deus
513 2092 614 2128 absolute
629 2094 703 2138 posset
718 2093 796 2129 cedere
811 2093 857 2129 11111
872 2102 912 2129 0110

62 2145 180 2181 avertendi
194 2153 217 2180 se
232 2145 259 2180 ab
273 2144 322 2190 ipso
337 2154 431 2191 eumque
444 2146 550 2191 privandi
563 2146 639 2190 gratia
653 2146 813 2191 sanctificante,
829 2147 916 2192 posset-¹

62 2206 106 2242 ⁴que
121 2198 218 2243 amplias
234 2206 365 2234 conservare
380 2198 437 2234 illud
452 2199 554 2234 accidens
570 2200 742 2245 supernaturale
758 2201 850 2244 gratiae.
869 2201 913 2238 Sed

64 2252 130 2295 Deus,
145 2252 322 2295 0111001000101,
338 2261 364 2288 eo
378 2253 426 2298 ipso
440 2254 556 2298 peccatam
570 2254 656 2289 actuale
671 2255 794 2290 remitteret
809 2256 829 2290 et
845 2256 912 2300 impe-

61 2303 127 2348 diret,
146 2305 264 2349 quominus
281 2305 323 2341 iste
340 2306 406 2341 bomo
423 2306 563 2342 contraheret
588 2308 703 2355 peccatum
727 2308 847 2344 habitante,
876 2309 910 2345 Sic

63 2358 140 2443 {ntem
153 2367 198 2393 non
211 2360 285 2394 essent
299 2359 367 2394 simul
380 2360 406 2395 in
418 2359 496 2395 anima
509 2361 585 2406 gratia
599 2362 744 2397 sanctificans
759 2363 781 2398 et
795 2363 911 2407 peccatum

80 2409 184 2446 abituale.
937 2419 938 2422 ’

125 2530 132 2551 1
144 2530 272 2566 Adversarii
282 2531 359 2576 utique
371 2532 442 2581 0110111
451 2533 477 2569 de
489 2534 587 2570 essentia
598 2535 682 2580 peccati
694 2536 817 2573 habitualis
827 2537 911 2573 habent

60 2577 197 2613 sententiam
212 2579 271 2623 (Ber.
289 2588 311 2615 n.
329 2579 376 2616 864:
398 2580 516 2617 «debitum
532 2581 678 2619 habitualiter
694 2592 827 2628 permanens
846 2586 911 2621 susti-

59 2624 130 2705 ssrgrrlitdi
142 2626 280 2680 aversionem
291 2627 391 2662 divinam
399 2625 425 2670 n).
437 2628 483 2664 ised
492 2638 539 2665 non
549 2631 583 2666 est
592 2631 661 2666 huius
672 2631 715 2667 1001
726 2632 830 2669 dirimere
843 2633 910 2669 istam

113 2680 241 2709 roversram.
359 2683 361 2687 ·

76 2785 81 2792 ι
123 2741 132 2761 ²
144 2742 269 2778 Secundum
278 2744 328 2779 Ber.
341 2752 362 2779 n.
375 2743 456 2781 8691111.
470 2754 516 2782 non
526 2756 589 2783 amor
600 2749 711 2785 amicitiae
722 2751 825 2787 absolata
836 2761 910 2788 neces-

59 2787 127 2822 sitate
138 2789 238 2842 sequitur
247 2791 351 2834 gratiam,
362 2791 402 2827 sed
411 2793 484 2828 solum
491 2803 554 2830 amor
562 2796 653 2840 qnidam
663 2800 842 2843 supernaturalis
855 2809 910 2836 eom-

61 2832 256 2891 placentiaeerga
270 2839 383 2893 hominem
397 2839 488 2885 physice
510 2844 531 2878 et
553 2841 756 2889 supernaturaliter
777 2848 910 2894 participem

60 2880 157 2917 naturae
171 2884 266 2929 divinae,
282 2895 320 2931 qur
334 2895 396 2936 amor
410 2889 510 2925 absolute
524 2892 631 2937 coniungi
644 2894 714 2938 possit
728 2904 779 2930 cum
793 2896 850 2938 odio,
867 2906 910 2943 quo

61 2926 120 2962 Deus
137 2931 231 2967 eundem
245 2933 359 2970 hominem
374 2944 418 2980 qua
433 2938 571 2981 peccatorem
587 2940 639 2976 odit.
