2214 3350
129 192 166 230 520
287 191 341 228 sect.
356 191 380 227 V.
394 191 441 227 Art
457 191 485 227 ΙΙ,
500 189 623 236 Explicatio
635 188 722 234 gratiae
735 164 829 226 efficacis
897 231 905 241 q,

129 300 165 337 Sic
181 299 302 336 haberetur
326 299 515 344 argumentum
538 307 585 345 pro
611 296 774 340 Molinismo,
801 298 861 343 quod
880 296 973 342 Gornetp

99 349 100 352 ’
128 351 223 387 libenter
247 351 333 397 accipit.
353 352 428 388 Etiam
449 352 504 388 Prot
528 351 549 387 et
574 349 648 386 D'Aler
672 349 813 385 vehementer
830 346 973 395 propugnant

128 403 220 450 προέγνω
237 403 309 439 dicere
319 412 406 440 merum
415 403 490 440 actum
500 401 716 447 cognoscitivum
728 400 914 448 (speculativum),
922 409 974 436 non

128 454 281 491 volitivum.
299 455 342 492 Sed
354 455 432 492 contra
445 454 486 491 hcc
499 454 547 490 Alto
561 453 633 490 multa
647 452 719 489 obicit.
735 452 787 489 Sine
802 453 869 489 dubio
881 455 973 490 verbum

128 506 222 554 simplex
243 505 348 554 γινώσκειν
363 509 394 544 'in
410 507 525 553 Scriptura
543 515 609 552 saepe
628 504 750 551 significat:
773 506 865 551 speciali
885 507 975 542 beneco-

82 579 85 586 ·
128 559 198 596 tentia
210 560 231 596 et
241 560 413 606 praedilectione
425 559 522 604 aliquem
532 558 642 604 respicere
653 556 691 604 (ci.
700 557 838 593 contrarium
850 557 887 594 Mt.
896 558 926 601 25,
935 556 969 594 12:

128 607 168 647 οὐκ
178 608 300 657 οῖδνῦμιῖς).
310 613 381 655 Quare
398 611 542 647 admittamus
559 618 650 646 sensum
666 609 729 646 nobis
745 609 821 645 minus
838 612 971 647 secundum:

129 665 188 707 Quos
208 663 324 710 speciali
343 662 447 699 affectu
465 661 594 708 respexit,
612 661 653 697 hos
673 660 770 698 effective
790 670 876 707 quoque
896 670 974 707 prae-

129 716 291 758 destinavit,
307 715 332 751 ut
347 715 470 750 conformes
485 713 563 750 fierent
578 713 635 749 Filio
650 714 691 749 Dei
707 712 838 758 glorificato.
855 714 892 750 Sic
908 713 972 758 urget

84 803 86 805 ,
130 767 259 804 obiectio:
275 767 341 803 Hisce
355 767 444 802 docetur
458 765 590 802 antecedens
605 765 780 811 praedestinatio
794 766 824 802 ad
838 764 932 809 gloriam
948 773 974 800 ex

129 827 192 854 mera
206 819 306 864 gratuita
317 816 489 864 praedilecticne
503 818 629 864 procedens.
645 837 670 843 -·
683 818 716 854 Ex
728 817 798 853 variis
812 817 975 853 tentaminibus

128 871 246 914 solutionis
260 871 300 906 hoc
314 870 401 905 videtur
414 869 597 916 praeterendum:
613 868 689 905 Gratis
705 869 838 915 supponitur
851 869 972 905 terminum

127 922 245 968 προσμίξειν,
271 922 308 967 qui
327 922 425 968 primum
445 921 540 957 occurrit
559 921 584 957 in
603 922 665 958 Novo
685 921 825 957 Testamenta
846 923 867 957 et
885 922 975 967 praeter

128 974 217 1009 nostros
228 983 306 1009 versus
318 982 365 1009 non
376 973 489 1009 invenitur
501 973 545 1009 nisi
555 973 595 1009 Act
607 973 625 1016 4,
638 973 669 1016 28,
685 973 694 1010 1
705 973 749 1009 iCor
760 974 778 1018 2,
792 973 810 1017 7,
824 974 873 1020 Eph
886 973 902 1016 1,
916 974 970 1015 511,

127 1025 174 1061 iam
190 1025 267 1061 statim
283 1025 365 1061 habere
382 1026 476 1062 eundem
493 1034 584 1061 sensum
600 1025 764 1072 technicum,
782 1035 848 1071 quem
864 1024 931 1061 habet
947 1024 972 1060 in

128 1076 277 1122 theologia,
295 1076 341 1113 scil.
359 1086 449 1113 sensum
464 1076 560 1113 alicuius
577 1074 659 1113 decreti
675 1077 744 1113 divini
761 1076 864 1121 absoluti,
880 1085 974 1124 prorsus

127 1128 291 1165 infallibilis
306 1129 330 1165 et
344 1126 550 1165 infrustr'abilis
566 1130 632 1177 (sicut
646 1128 727 1166 similis
739 1129 848 1166 terminus
857 1128 973 1176 ἐκλέγεσθαι

127 1180 310 1216 manifesto'non
328 1190 414 1227 semper
432 1181 551 1217 adhibetur
575 1181 601 1217 de
627 1181 714 1227 efficaci
736 1181 841 1217 electione
867 1181 974 1225 complete

128 1235 227 1278 sumptu;
243 1242 297 1269 nam
313 1234 337 1268 Io
355 1233 372 1277 6,
391 1232 416 1269 70
433 1233 524 1270 dicitur:
547 1233 644 1269 «Nonne
663 1242 703 1278 ego
716 1241 756 1269 vos
775 1233 891 1269 duodecim
910 1233 970 1277 elect,

128 1285 149 1321 et
167 1294 193 1320 ex
209 1285 271 1320 vobis
289 1294 348 1320 unus
364 1284 466 1321 diabolus
485 1284 563 1329 estio).
589 1284 735 1320 contextus
760 1286 830 1320 nostri
847 1285 890 1320 loci
908 1284 972 1320 illum

128 1345 219 1372 sensum
237 1335 352 1372 excludere
369 1335 462 1372 videtur.
485 1337 505 1372 S.
525 1335 611 1372 Paulus
631 1336 717 1371 animos
737 1336 854 1371 omnium
872 1334 971 1371 fidelium

127 1388 152 1423 in
168 1397 230 1433 spem
245 1388 328 1432 erigere
345 1387 446 1423 intendit.
464 1388 506 1424 Sed
521 1387 696 1433 praedestinatio
712 1388 813 1423 absolute
829 1388 904 1424 efficax
919 1397 972 1423 non

129 1441 162 1475 est
180 1440 302 1476 omnibus
320 1438 422 1475 fidelibus
441 1448 550 1476 concessa.
570 1459 593 1488 ῥ-
609 1439 770 1484 Cogitationem
787 1439 887 1486 Apostoli
906 1439 972 1475 iacile

127 1493 159 1528 sic
173 1492 320 1537 explicamus:
338 1491 415 1534 «Deus
429 1491 487 1527 serio
499 1490 547 1526 vult
560 1490 658 1527 vestram
671 1490 801 1534 salutemet
815 1500 841 1536 eii
853 1500 896 1528 sua
907 1491 972 1537 parte

127 1544 204 1579 omnia
219 1543 347 1579 necessaria
362 1542 554 1579 abundantissime
571 1542 624 1579 iecit
640 1552 680 1588 pro
697 1543 765 1580 vohis.
787 1543 845 1579 Prae
867 1544 971 1589 piurimis

128 1595 186 1639 aliis,
199 1597 237 1641 qui
249 1597 324 1632 tantas
333 1595 418 1640 gratias
430 1604 476 1631 non
486 1594 575 1638 habent,
589 1593 706 1631 efficaciter
716 1604 756 1631 ros
767 1595 854 1631 vocavit
865 1596 894 1632 ad
905 1595 972 1632 fidem

127 1648 148 1684 et
165 1647 281 1684 iustitiam.
301 1647 431 1693 specialiter
448 1647 507 1683 enim
522 1656 562 1683 vos
577 1646 690 1692 diligendo
708 1649 737 1683 ad
754 1646 915 1684 beatitudinem
931 1657 971 1683 vos

127 1699 337 1746 »praedestinavittq
355 1708 428 1744 quam,
448 1700 516 1744 quod
534 1699 567 1735 ad
584 1700 666 1735 Deum
684 1698 793 1742 attinet,
812 1701 885 1735 certo
903 1699 970 1735 ohti-

127 1751 238 1788 nebitis.
253 1751 348 1787 Potestis
360 1750 430 1796 igitur
442 1752 499 1788 bono
513 1751 588 1787 animo
602 1760 677 1787 esse»
692 1751 755 1794 Quod
768 1752 812 1796 ipsi
825 1749 972 1787 nihilominus

126 1803 167 1838 hoc
192 1803 293 1839 divinum
317 1803 435 1838 consilinm
449 1812 492 1839 sua
508 1803 596 1839 malitia
612 1803 718 1839 frustrari
742 1803 813 1847 atque
826 1803 859 1839 ita
876 1803 971 1840 salutern

128 1854 356 1900 «praedestinatam»
377 1854 479 1891 amittere
498 1854 592 1900 possint,
614 1856 640 1891 ex'
659 1854 735 1891 multis
756 1854 846 1891 monitis
868 1856 921 1891 alibi
942 1855 971 1890 ab

125 1907 230 1953 Apostolo
247 1907 328 1950 allatis,
346 1907 385 1943 sed
399 1906 502 1943 hocloco
518 1916 572 1943 sane
587 1916 633 1942 non
649 1916 750 1953 expresse
766 1907 893 1950 afferendis,
910 1907 971 1942 lucu-

125 1958 197 1995 lenter
211 1959 310 2005 apparet.
327 1960 355 1995 In
367 1958 409 1995 hac
422 1959 482 1995 enim
495 1959 598 2005 pericope
613 1968 675 2005 spem
690 1960 842 2000 Romanorum
850 1959 970 1994 >erecturus

127 2020 154 2046 ea
169 2011 258 2047 tantum
273 2011 436 2055 commemorat,
454 2020 510 2055 quae
526 2012 586 2047 Deus
601 2020 642 2057 pro
657 2011 712 2057 ipsis
728 2011 831 2047 omnibus
847 2012 904 2048 iecit.
922 2013 971 2047 Iam

126 2063 219 2108 perfecit
234 2062 373 2098 vocationem
389 2062 410 2098 et
427 2062 612 2099 iustificationem.
633 2063 693 2107 Quas
710 2072 756 2099 non
772 2062 906 2109 perrecisset
925 2062 971 2098 nisi

127 2113 254 2159 specialiter
267 2123 304 2150 eos
319 2113 432 2150 dilexisset
446 2114 467 2150 et
481 2114 538 2149 serio
554 2114 687 2150 decrevisset
701 2123 738 2151 eos
752 2114 840 2160 partem
854 2114 971 2150 habituros

127 2174 178 2201 oum
192 2165 249 2200 Filio
263 2164 385 2210 glorificato
399 2165 421 2199 et
433 2165 478 2200 nisi
492 2165 551 2200 certo
566 2165 673 2200 ducturus
689 2165 745 2200 esset
760 2174 796 2200 eos
811 2166 840 2201 ad
853 2164 911 2202 hanc
926 2166 970 2210 gio-

126 2218 192 2258 riam,
209 2217 327 2253 dummodo
342 2217 385 2262 ipsi
400 2216 474 2252 velint.
490 2236 515 2241 -
527 2216 587 2260 Ergo
602 2215 776 2261 praedestinatio
793 2216 924 2253 antecedens
941 2218 970 2253 ad

126 2269 224 2314 gloriam
237 2268 336 2314 praecise
353 2268 465 2313 sumptam
482 2276 563 2303 sensu
579 2267 703 2303 technico
720 2267 873 2312 theologico
891 2269 971 2304 intel-

126 2320 198 2356 lecta
211 2320 247 2356 hic
260 2329 306 2355 non
320 2319 450 2356 continetur,

125 2446 180 2488 856.
214 2447 332 2483 Manifesto
347 2446 403 2481 nihil
418 2446 497 2491 probat
512 2443 649 2491 principium
664 2444 693 2482 de
706 2444 788 2482 ordine
799 2444 933 2482 intentionis
946 2448 971 2483 et

120 2496 286 2535 vvexsecutionis.
296 2497 405 2534 Ultimum
418 2498 443 2533 in
456 2497 594 2533 exsecutione
606 2507 652 2533 non
665 2507 751 2543 semper
765 2498 799 2534 est
811 2498 836 2533 in
847 2498 971 2534 intentione

124 2551 223 2596 primum
240 2549 363 2585 absolute
379 2550 478 2585 volitum.
497 2550 555 2585 Nam
571 2550 591 2585 si
608 2549 684 2594 agitur
700 2550 726 2585 de
743 2549 786 2586 fine
804 2559 849 2585 non
866 2550 970 2586 absoluta

125 2602 256 2638 necessitate
276 2601 401 2644 obtinendo,
421 2601 442 2637 is
459 2601 531 2646 potest
548 2601 646 2646 primum
665 2601 855 2638 condicionate
875 2601 969 2643 intendi,

124 2655 257 2701 praesertim
273 2655 292 2690 si
306 2655 413 2691 actibus
428 2653 524 2690 liberis
542 2654 659 2690 alterius
675 2664 808 2700 personae
826 2655 970 2699 attingendus

125 2709 164 2744 est.
181 2708 326 2744 Beatitudo
340 2709 415 2744 autem
429 2708 583 2744 creaturarum
597 2708 642 2744 Deo
657 2710 689 2744 est
702 2707 754 2744 finis
768 2708 861 2744 ultimus
877 2718 970 2745 secun-

125 2762 221 2798 darius
234 2761 328 2805 tantum,
342 2771 406 2807 quem
420 2761 479 2797 alius
489 2760 541 2797 finis
554 2761 713 2807 primarius,
728 2762 828 2798 absolute
841 2762 934 2798 ultimus
948 2763 970 2797 et

126 2814 227 2851 absolute
243 2814 381 2858 obtinendus,
399 2815 444 2850 scil.
463 2814 636 2860 glorificatio
651 2816 707 2860 Dei,
724 2815 843 2861 praecedit.
861 2815 902 2851 Hic
917 2815 970 2850 finis

125 2868 248 2914 primarius
266 2868 335 2903 coriis
354 2868 395 2904 otis
415 2869 496 2913 attingi
513 2869 592 2914 potest,
612 2878 658 2904 non
676 2868 748 2905 solum
766 2868 910 2912 heatitudine,
931 2869 970 2904 sed

125 2922 194 2958 etiam
208 2921 274 2958 iustis
289 2923 382 2968 poenis
397 2923 556 2958 creaturarum.
575 2921 648 2965 Quare
664 2923 729 2968 Deus,
746 2922 854 2968 primario
870 2924 891 2958 et
908 2924 969 2959 abso-

123 2975 170 3011 lute
183 2975 301 3012 intendens
313 2984 377 3011 suam
389 2974 491 3020 gloriam,
506 2975 574 3012 simul
587 2976 719 3012 secundario
733 2977 754 3012 et
767 2974 969 3019 condicionate‚
