2214 3350
237 147 312 182 Tliesis
326 146 343 182 3.
360 148 432 192 Opera
445 134 587 192 peccatorum
602 145 623 180 et
636 143 761 202 infidelium
900 143 923 178 61

78 254 192 294 elumen
206 254 291 296 etiarn
307 254 450 296 naturalis
465 253 588 295 rationis
604 252 680 303 petest
696 253 798 303 diripere
814 252 923 293 intenlio-

76 327 135 356 nene
150 323 258 367 respecta
274 317 375 358 alienius
394 319 449 358 toret
467 315 645 357 connaturalis»
667 316 721 366 (hoc
739 314 813 366 igitur
829 315 921 364 sufficit,

77 379 105 420 ut
115 379 181 421 ectus
193 380 223 420 sit
234 381 328 432 bonus).
340 407 372 412 -
383 380 418 421 Gt.
433 381 453 427 1,
468 381 482 421 2
496 392 518 430 q.
532 382 559 420 89
571 391 585 419 a
597 381 622 419 5:
641 378 745 418 «Utrum
757 379 831 428 prinei
844 384 922 418 ructus

74 442 172 482 ,10011101
177 442 235 482 'telis
250 445 275 483 in
288 444 429 485 infidelibus
444 442 492 483 sint
505 442 601 493 peccate
615 441 753 481 mortalia».
769 442 839 483 Retio
855 440 922 482 duti-

76 504 145 545 tnnde'
155 505 197 553 est,
210 508 274 556 quod
286 506 451 557 concupiscere
464 507 516 546 sine
527 516 644 546 consensu
656 505 685 543 iis
699 505 755 544 solis
767 503 863 545 ridetur
874 516 922 548 non

44 597 45 600 ,
75 579 128 608 esse
149 567 292 617 damnabile,
317 570 358 620 qui
381 568 479 609 suntin
496 568 588 608 Christo
605 568 660 607 lesu
685 567 801 618 (Rome,
820 567 850 618 1).
876 567 922 607 Sed

77 630 322 673 irrationabiliter
340 632 401 672 illud
418 631 584 682 affirmaretur.v
604 631 646 671 Est
664 630 748 670 eedem
766 636 852 671 enitere
871 640 922 669 sen.

74 693 193 733 attentans
203 694 229 733 in
239 694 380 735 infidelibus
389 693 412 735 et
421 693 542 742 fidelibus,
555 694 579 735 et
588 693 685 744 peccota
695 693 833 740 infidelium
845 693 923 744 magis

76 756 198 797 merentur
221 757 316 798 venient
342 757 439 808 propter
463 757 631 808 ignorantiam.
657 756 694 796 An
721 759 745 796 l:
765 773 787 809 ss‘
795 757 922 807 Apostolus

76 819 182 869 loquitur
199 820 228 860 de
246 820 398 860 danmatione
416 820 497 860 debita
513 819 609 870 peccato
627 820 745 870 eripiente,
765 831 825 870 quae
844 819 921 860 euter-

74 883 115 922 tur
128 882 283 933 pergratiam
297 883 351 923 Iesu
365 882 479 923 Christi»
494 884 531 923 Ad
545 885 570 923 3:
590 899 600 919 «
608 883 670 923 illud
684 882 792 923 debitum
806 893 854 922 non
868 893 921 923 con-
960 914 962 917 .

74 945 212 995 cupiscendi
226 944 277 986 eret
288 957 336 995 per¹
346 945 488 996 eripientem
501 945 627 993 inscitiane
641 946 706 986 unde
721 943 753 994 id,
770 946 834 996 011011
849 957 921 1001 oppo-

76 1007 141 1047 nitur
157 1008 199 1048 tali
216 1007 302 1055 debito,
328 1019 375 1048 non
398 1008 501 1058 pertinet
517 1008 547 1048 ad
564 1007 688 1059 peccatum
712 1008 810 1057 actuale,
830 1009 920 1050 sedari

74 1076 199 1119 peccatum
213 1070 346 1120 eripiente»
355 1071 371 1109 1.
386 1096 417 1101 -
431 1071 497 1111 ldern
512 1072 580 1112 docet
594 1071 677 1120 Qnoet
694 1074 708 1112 4
722 1083 743 1111 a.
758 1075 793 1120 223
807 1073 841 1111 De
856 1072 920 1112 ructo

73 1134 204 1186 qia&

75 1262 128 1304 105,
159 1262 176 1306 l,
192 1261 206 1297 2
224 1272 246 1307 q.
259 1260 300 1297 109
314 1272 333 1297 a.
351 1260 364 1296 2
382 1262 404 1296 et
419 1260 434 1295 3
459 1261 500 1297 soli
517 1251 601 1306 sunrpti
617 1260 708 1306 possent
725 1262 754 1296 ed
770 1261 867 1297 mentem
885 1261 921 1296 ed-

73 1315 224 1350 versariorum
247 1312 357 1357 intellegi:
384 1322 403 1348 a.
422 1312 445 1349 2.·
472 1313 543 1347 Homo
566 1312 643 1357 lapsus
668 1313 740 1357 potest
764 1313 836 1348 adhuc
863 1325 873 1344 0
881 1322 920 1358 per

72 1367 178 1403 virtutem
200 1375 254 1401 suae
275 1366 370 1400 naturae
392 1365 482 1409 aliquod
504 1366 586 1400 bonum
608 1364 744 1410 particulare
766 1374 839 1411 agero,
863 1366 919 1401 sicut

75 1419 193 1463 reedificare
216 1418 298 1460 denies,
323 1418 424 1461 plantare
439 1419 522 1452 ¹vinens
546 1419 567 1454 et
589 1418 786 1454 alia'liuiusmcdi
810 1418 922 1465 [exempla

73 1472 191 1517 desumpta
205 1480 231 1506 er
244 1471 572 1515 Ps-Augustino,,Hypomnect
589 1469 606 1512 3,
622 1471 639 1513 1,
654 1471 684 1515 5],
700 1471 836 1506 nontamen
850 1470 919 1505 totum

74 1525 156 1559 bonurn
175 1523 218 1559 sihi
236 1523 387 1564 connaturale,
407 1523 440 1558 ite
460 1523 517 1567 quod
536 1522 561 1558 in
580 1521 642 1558 nulio
661 1521 756 1566 deficiet
777 1523 834 1558 sicut
853 1524 919 1558 1101110

73 1576 174 1621 initientur
190 1576 262 1621 potest
277 1584 318 1621 per
333 1585 355 1611 se
372 1575 446 1620 ipsum
462 1576 559 1620 alienent
574 1576 659 1611 rnotnm
675 1575 763 1620 trabere,
781 1585 827 1611 non
845 1579 919 1611 temen

73 1628 167 1674 perfecte
178 1628 251 1677 potest
263 1628 346 1664 moveri
358 1626 420 1663 'motu
432 1628 530 1664 hominis
544 1629 600 1671 sani,
616 1629 659 1664 uisi
672 1630 764 1664 sanetur
778 1629 862 1665 auxilio
875 1639 918 1665 rne-

71 1682 186 1717 dicinee».
203 1691 222 1718 a.
239 1680 262 1718 3:
281 1681 370 1716 «Homo
386 1682 409 1715 ln
424 1681 485 1716 statu
500 1681 595 1717 naturae
611 1682 710 1726 inteproe
727 1682 867 1718 dilectionem
883 1684 918 1718 sui

73 1734 144 1779 ipsius
166 1733 275 1769 referebat
292 1734 322 1768 ad
338 1742 436 1768 aurorem
452 1734 491 1768 Dei
508 1734 565 1769 sicut
582 1734 607 1768 in
622 1734 729 1769 finem...
756 1736 798 1772 sed
815 1736 840 1770 111
857 1736 918 1771 statu

74 1786 168 1821 neturee
181 1786 300 1828 correptae.
310 1785 376 1819 horno
389 1784 471 1820 adhoc
485 1784 557 1821 deficit
570 1786 691 1821 secundum
706 1787 830 1832 appetitum
842 1788 918 1823 volun-

71 1837 126 1872 tatis
137 1836 261 1879 rationalis,
273 1845 329 1881 quae
341 1837 429 1881 propter
441 1838 606 1882 corruptionem
616 1837 711 1873 naturae
723 1835 824 1884 sequitur
837 1840 918 1875 bootem.

73 1888 190 1933 petentem,
206 1888 252 1923 nisi
266 1888 357 1924 sanetur
371 1897 410 1933 per
425 1889 522 1932 gratiam
536 1890 581 1924 Dei.
592 1902 602 1921 n
618 1911 643 1918 -
656 1890 744 1935 Ergone
759 1892 825 1927 homo
840 1891 918 1938 lapsus

73 1941 98 1975 in
107 1940 169 1981 ,omni
181 1949 246 1986 opere
258 1949 280 1975 se
292 1940 366 1985 ipsum
377 1939 410 1975 uel
423 1939 484 1975 aliud
495 1942 579 1976 honum
589 1941 725 1986 particulare
739 1953 764 1979 en
776 1953 846 1988 proco
860 1945 918 1989 cupt-

71 1991 141 2026 <litate
154 1988 203 2027 loco
216 1991 256 2027 Dei
270 1991 374 2026 ultimum
387 1991 454 2027 finem
469 1992 510 2027 sibi
524 1993 635 2038 proponit,
650 1995 686 2028 vel
701 1994 780 2031 saltem
796 1996 917 2032 omittendo
942 1997 943 2000 ’

73 2043 203 2078 relationem
217 2043 289 2089 operis
304 2043 332 2078 ad
346 2044 416 2078 Deum
431 2052 497 2088 super
512 2044 588 2079 omnia
603 2045 707 2081 dilectum
722 2048 809 2092 peccati
824 2048 917 2094 Propter

73 2094 147 2130 clera
160 2095 318 2131 testimonia
331 2094 471 2130 contraria
483 2104 559 2140 supra,
574 2097 641 2132 etiam
654 2107 680 2133 ex
693 2098 710 2140 1,
724 2099 737 2135 2
749 2100 770 2134 et
782 2100 800 2141 2y
815 2101 833 2144 2,
848 2100 917 2136 allata

71 2147 176 2181 debemus
188 2147 230 2181 hos
243 2147 321 2188 textus,
335 2146 354 2181 si
366 2145 413 2181 fieri
426 2147 504 2191 potest,
532 2147 585 2183 ‚liter
599 2149 714 2194 explicare.
730 2152 853 2188 Possumus
866 2156 917 2188 ”curn

73 2198 178 2233 Caietano
194 2199 215 2234 ct
229 2198 268 2234 Del
282 2197 356 2233 Proeto
374 2199 411 2244 (De
426 2199 483 2241 grat.
500 2199 521 2233 et
535 2199 573 2235 lib.
591 2201 637 2237 arb.
655 2204 665 2237 Ι
680 2202 705 2247 20
712 2204 742 2249 ss)
759 2204 913 2249 interpretari:

72 2250 143 2284 Homo
155 2249 234 2296 lepsns
246 2259 291 2284 uon
304 2249 375 2295 potest
387 2249 434 2284 sine
448 2247 523 2293 gratia
537 2252 612 2287 omitte
626 2254 716 2289 0111111110
731 2264 798 2300 opera
812 2258 917 2292 connatu-

73 2301 131 2336 ralia
145 2300 257 2347 perfice1·e;
272 2301 297 2336 in
312 2300 480 2345 dissentientem,
496 2312 515 2336 v.
524 2311 553 2346 g.
571 2304 596 2338 in
611 2313 686 2342 amore
702 2307 742 2342 Dei
758 2317 826 2354 super
841 2310 916 2344 omnie

71 2351 157 2388 deficiet
169 2353 197 2399 [a.
210 2352 237 2397 3).
251 2353 285 2389 Sic
297 2352 397 2397 1111110101
409 2353 490 2387 multos
503 2355 572 2397 netem,
585 2365 605 2392 v.
619 2366 639 2401 g.
651 2357 733 2401 videre,
748 2361 832 2404 audire,
845 2362 916 2407 potest

69 2413 177 2449 peragere
194 2405 251 2439 slent
267 2412 342 2445 renue,
361 2404 398 2439 scd
414 2413 468 2438 uon
483 2405 556 2449 potest
571 2407 619 2442 tam
635 2410 731 2454 perfecte
749 2413 868 2447 ambulare
881 2414 915 2448 vel

71 2455 216 2499 ,corporaliter
227 2456 314 2500 operere
325 2455 381 2490 sicut
391 2464 466 2491 sanus.
477 2479 503 2485 —
512 2458 616 2495 Actiones
626 2461 683 2497 istas
695 2471 720 2498 ee
731 2472 752 2498 se
764 2464 915 2510 indifferentes

74 2506 205 2551 (aedificare,
223 2507 332 2553 plantare)
350 2507 449 2550 Aquinas
465 2510 556 2554 propter
571 2512 681 2548 usitatum
698 2514 851 2552 testimonium
868 2518 916 2553 Ps-

24 2556 25 2559 ’
72 2559 190 2602 Augustini
204 2557 325 2601 enumerat
339 2557 414 2593 eodem
426 2559 475 2595 iure
489 2561 570 2598 addere
583 2563 656 2608 potuit
669 2566 767 2603 actiones
781 2569 915 2604 intrinsecas

70 2611 187 2647 nonestus:
204 2610 314 2646 honorare
324 2609 437 2654 :parentes
454 2621 520 2648 suum
534 2614 614 2659 cuique
629 2617 720 2654 reddere
735 2619 771 2655 ius
786 2621 833 2662 etc,
850 2624 915 2666 prout

73 2661 123 2696 aliis
142 2661 294 2698 occasionibus
313 2669 390 2696 revera
408 2662 468 2704 facit.
489 2664 639 2703 Enumeratae
657 2678 710 2706 vero
730 2672 828 2708 actiones
849 2673 915 2709 etiam

72 2712 124 2748 sunt
141 2712 274 2749 ordinabiles
294 2713 322 2747 ad
338 2712 461 2758 principale
479 2715 569 2762 honuni,
589 2728 640 2764 ergo
659 2723 712 2758 sunt
729 2723 812 2759 bonum
831 2733 913 2760 oerum,

72 2765 111 2800 Sin
123 2765 176 2801 velit
188 2765 259 2800 dicere
272 2772 359 2799 ornnem
372 2764 446 2799 actum
459 2767 554 2805 naturae
568 2773 685 2817 corruptae
700 2784 746 2810 esse
761 2775 836 2820 aliquo
849 2775 924 2813 modo

132 2884 139 2905 ¹
157 2884 190 2918 Ex
205 2883 246 2918 hoc
261 2880 370 2927 principio
395 2881 414 2917 S.
434 2883 531 2920 Thomae
549 2894 600 2921 curu
622 2888 658 2925 Dr.
678 2890 745 2925 Ernst
764 2891 874 2927 solvemus
892 2896 915 2927 in

71 2930 175 2964 scholio
191 2930 200 2965 1
216 2929 347 2964 obiectiones
364 2937 388 2963 ex
403 2928 504 2966 doctrina
520 2932 541 2967 S.
559 2933 684 2977 Augustini.
