2214 3350
183 117 185 120 ’
231 144 233 147 s
254 119 389 165 Conspectus
404 105 581 162 chronologicus.
598 117 630 153 De
645 92 808 161 pelagianismo
929 113 952 149 17

109 271 110 274 ,
133 227 352 279 Augustinus,
369 225 412 265 ubi
427 225 535 277 primum
552 236 596 276 per
611 223 725 275 Alypium
742 235 772 264 ex
788 223 858 264 ltalia
874 232 950 264 rever-

93 292 96 293 ’
132 302 186 331 sum
206 290 317 341 excerpta
338 288 463 340 quaedam
478 286 551 328 huius
571 286 650 338 operis
670 286 769 337 accepit,
786 286 866 327 statim
888 286 949 327 libro

98 402 99 407 ¹
132 357 154 394 2⁰
177 354 212 393 De
235 353 327 403 nuptiis
353 357 375 392 et
398 351 591 402 eoncupiscentia
616 362 630 391 a
653 350 743 401 probro
767 348 950 390 Manichaeismi

86 447 88 450 .
133 428 157 457 se
172 416 260 466 purgat
276 416 345 466 (420).
361 440 392 445 —-
406 414 496 455 Versus
511 413 587 455 tinem
604 426 624 454 a.
641 416 682 454 419
698 412 782 454 scribit
795 416 810 454 4
825 413 900 454 libros
914 413 949 454 De

66 513 68 518 ,
133 479 213 519 anima
233 484 256 519 et
273 478 324 518 eius
342 477 442 534 origine,
462 477 595 528 inquibus
620 475 683 517 inter
708 476 909 518 Creatianismum
926 475 950 517 et

132 540 252 582 mitiorem
270 539 504 582 Generatianismum
521 551 609 590 anceps
625 539 714 580 haeret.

99 629 139 667 420
159 626 315 677 Augustinus,
333 626 375 677 qui
390 636 455 666 anno
471 626 550 676 priore
567 637 610 676 per
625 625 741 676 Alypium
758 626 818 665 duas
834 624 949 675 epistulas

132 687 220 730 Iuliani
235 689 265 729 ad
280 689 371 729 amicos
385 687 477 729 italicos
490 688 514 730 et
529 689 559 729 ad
571 688 667 729 Rufum
681 689 822 739 episcopum
836 687 948 729 thessalo-

132 752 253 792 nicensem
264 752 332 792 datas
344 763 357 792 a
369 750 494 792 Bonifatio
505 750 516 792 l
529 763 592 802 papa
606 751 737 803 (418-422)
752 751 874 802 acceperat
886 751 949 792 refu-

132 814 223 862 tandas,
243 814 326 855 scribit
340 814 419 855 eidem
436 825 512 865 papae
530 817 543 854 4
560 812 635 855 libros
652 813 740 855 Contra
757 814 817 854 duas
835 814 948 866 epistulas

131 877 323 927 Mamurrarum
337 877 362 916 in
373 876 463 928 quibus
474 876 608 918 doctrinam
619 876 762 918 catholicam
774 889 788 918 a
798 877 949 918 manichaica

131 938 258 990 distinguit
270 939 293 980 et
305 940 354 980 tres
365 939 511 990 principales
523 950 615 980 errores
627 939 813 991 Pelagianorum
827 939 943 991 assignat:

131 1002 223 1053 Negant
239 1001 363 1052 peccatum
379 1002 496 1052 originale
512 1002 536 1043 et
552 1001 705 1053 gratuitatem
721 1002 820 1052 gratiae,
838 1002 948 1044 asserunt

131 1064 322 1116 impeccantiam.

11 1157 12 1164 ¹
97 1153 136 1190 421
157 1149 314 1201 Augustinus,
330 1150 458 1201 postquam
472 1145 593 1202 integrum
607 1162 669 1202 opus
683 1150 772 1192 Iuliani
786 1152 825 1192 Ad
841 1152 947 1192 Tar-hcm

122 1212 192 1252 *tiam
204 1213 302 1263 accepit,
317 1213 378 1253 illud
392 1212 532 1264 diligentius
545 1213 653 1255 confutat
665 1217 678 1255 6
691 1214 763 1255 libris
776 1214 863 1255 Contra
876 1214 947 1254 lulia-

128 1285 190 1314 num
203 1274 262 1326 (agit
268 1269 414 1326 'praesertim
427 1276 458 1317 de
469 1276 566 1327 peccato
577 1276 697 1327 originali3
711 1278 727 1317 1.
742 1279 764 1316 4ο
776 1278 805 1318 de
818 1276 949 1319 virtutibus

130 1337 287 1388 infidelium).
305 1363 337 1369 a
354 1339 381 1378 ln
398 1339 539 1379 Euchiridio
557 1340 589 1380 od
605 1339 763 1380 Laurentium
780 1351 823 1380 seu
841 1341 870 1380 de
888 1340 945 1392 (ide,

129 1406 211 1449 spect
228 1401 325 1440 cantate
343 1401 397 1452 (ML
414 1401 450 1452 40)
470 1400 546 1442 fidem
563 1401 706 1444 catholicam
723 1402 825 1453 positive
840 1403 945 1454 exponit.

170 1485 312 1533 lulianus,
327 1480 413 1536 hospes
426 1487 569 1528 Theodori
582 1487 791 1539 Mopsuesteni‚
805 1488 848 1539 qui
860 1489 884 1530 et
896 1489 946 1540 ipse

128 1546 252 1595 peceatum
271 1548 518 1599 originalenegabat,
540 1550 648 1591 celeriter
666 1552 763 1602 perficit
781 1555 794 1593 8
814 1547 895 1593 libros
908 1553 946 1593 Ad

127 1608 227 1648 Florum
239 1609 377 1661 episcopum
392 1611 542 1660 contraeunt
556 1613 646 1653 librum
661 1615 790 1664 Augustini
805 1616 840 1664 De
854 1616 946 1668 nuptiis

129 1675 151 1710 et
165 1672 362 1722 concupiscentia.
377 1674 481 1730 Exponit
494 1675 575 1723 totum
585 1676 688 1726 systema
701 1675 864 1728 pelagianum,
879 1690 947 1729 prae-

128 1733 210 1773 sertim
227 1734 256 1775 de
271 1734 367 1785 peccato
383 1736 503 1787 originali,
520 1736 597 1778 libero
613 1738 712 1779 arbitrio
731 1740 754 1780 et
769 1740 846 1791 gratia
863 1751 944 1792 agens,

95 1821 136 1859 429
155 1820 336 1871 Augustinus
357 1822 427 1863 libris
450 1823 539 1865 Iuliani
556 1826 594 1866 Ad
611 1825 710 1867 Florum
726 1826 826 1868 tandem
842 1828 945 1880 acceptis

128 1880 236 1932 singulas
253 1884 376 1935 pericopas
393 1886 424 1926 ad
442 1887 544 1928 verbum
568 1887 700 1941 descriptas
724 1890 833 1932 refellere
851 1891 943 1943 incipit,

94 1968 135 2006 430
148 1969 175 2007 28
196 1968 298 2019 Augusti
322 1970 438 2012 absolutis
463 1975 476 2013 0
500 1972 571 2014 libris
595 1975 678 2026 Operis
702 1976 839 2028 imperfecti
864 1983 945 2018 contra

127 2029 251 2071 lulianam
264 2033 446 2084 Augustinus
460 2034 594 2077 moritur.

94 2181 132 2222 26.
410 2184 433 2227 5.
451 2185 514 2227 Finis
532 2188 623 2229 sectae.

92 2275 161 2313 428ss
172 2251 305 2315 lulianus
317 2275 405 2326 aliique
418 2277 513 2318 exsules
525 2278 778 2329 Constantinopoli
791 2282 857 2331 apud
869 2271 944 2322 Theoss

127 2335 222 2377 dasium
239 2338 408 2389 imperatorem
425 2352 494 2381 suam
511 2341 686 2384 restitutionem
703 2343 796 2394 urgent.
821 2344 944 2385 Nestorius
1010 2375 1013 2380 .

126 2398 252 2450 episcopus
268 2400 314 2441 hac
331 2402 361 2442 de
377 2414 402 2442 re
421 2414 476 2443 cum
495 2404 630 2446 Caelestino
654 2417 719 2458 papa
744 2407 874 2459 (tea-432)
895 2408 944 2459 agit

129 2461 182 2511 (ML
193 2464 228 2510 48,
243 2465 321 2512 1735ος
335 2467 368 2513 45,
383 2467 438 2506 1754
446 2467 486 2518 ss).
501 2465 581 2508 Etiam
594 2468 755 2510 Caelestius
767 2468 856 2511 ibidem
870 2469 942 2522 degit

91 2548 132 2586 429
154 2546 264 2590 Marius
277 2550 420 2592 Mercator
435 2553 621 2595 Commonitorio
636 2567 708 2607 reaper
722 2557 819 2596 nomiae
835 2542 944 2598 eoelestia

125 2620 209 2659 graece
220 2611 308 2663 scripto
319 2614 488 2665 imperatorem
500 2618 524 2658 et
534 2618 661 2659 orientales
672 2619 701 2660 de
714 2620 806 2660 haeresi
817 2621 943 2672 pelagiana

126 2671 230 2715 instruit.

90 2758 150 2798 431s
172 2759 239 2800 Idem
257 2772 329 2801 suum
348 2762 564 2806 Commonitorium
583 2766 607 2807 in
626 2767 727 2808 latinam
745 2768 854 2819 linguam
872 2770 943 2811 vertit

68 2875 69 2878 Ἴ
127 2820 149 2860 et
166 2821 268 2863 alterurn
294 2823 510 2868 Commonitorium
534 2830 648 2870 adversus
674 2830 793 2871 laceresim
811 2832 902 2883 Pelopei
921 2839 944 2873 et

127 2881 236 2924 Caelestia
251 2886 289 2925 vel
306 2887 377 2927 etiam
393 2890 586 2939 scripturalium
602 2894 651 2934 edit
669 2883 724 2945 (ML
740 2895 784 2945 48).

133 2978 193 3009 Leuca,
206 2981 229 3005 De
242 2981 303 3007 Gratia
