2214 3350
249 235 250 238 η
308 206 385 243 Thesis
401 205 431 243 25.
448 202 556 240 Voluntas
571 203 611 237 Dei
627 201 728 237 salvifica
905 186 952 235 5397

164 314 248 356 Praxis
265 313 395 357 Ecclesiae:
419 311 537 354 Omnibus
559 309 700 350 hominibus
716 309 820 350 Ecclesia
836 309 942 359 lincope-

91 378 156 418 iium
170 377 292 428 praedicor
313 376 530 427 obligationemque
553 372 699 423 suscipiendi
716 372 790 413 fidem
807 370 940 412 denuntiat.

88 440 189 481 ¹Fideles
203 452 286 482 omnes
301 441 335 482 de
345 440 405 481 Filio
422 439 466 480 Dei
481 436 590 489 profiteri
607 435 685 476 iubet:
708 435 771 484 «Qui
785 441 882 486 propter
897 445 941 474 nos

94 504 203 544 hominos
226 504 249 546 et
269 504 366 555 propter
387 501 494 543 nostram
518 499 619 540 salntem
642 497 765 539 descendit
788 498 817 538 de
840 496 939 538 caelis.»

91 567 184 608 Omnes
203 567 330 609 catholicos
346 566 377 607 ad
398 569 546 606 sacramento
566 562 668 614 sinpuiis
687 562 757 601 crinis
777 561 848 611 diane
868 561 941 601 succi-

17 662 19 665 Α
91 630 182 681 picride
201 629 297 682 obligat.
316 629 389 680 Atqui
408 628 466 669 haec
485 627 566 678 praxis
584 624 689 666 ostendit
706 624 836 664 Ecclesiam
856 634 944 674 suppo-

16 691 17 694 ’
33 715 37 720 ·
91 703 151 733 nere
166 703 248 734 omnes
262 693 348 734 habere
364 691 506 732 sufficientes
520 690 550 731 ad
565 688 745 730 conversionem
760 685 855 738 gratias.

92 868 150 911 Ι675.
187 869 217 911 11.
232 869 360 923 Scriptura.
377 868 487 916 1T1mt,
502 869 526 910 3:
552 875 622 910 τοῦτο
644 866 722 909 καλὸν
745 866 784 908 καὶ
808 865 943 907 duodenem}

144 947 199 976 πιον
217 941 258 976 τοῦ
276 938 382 990 σωτῆρος
402 936 471 990 ἡμῶν
490 932 555 987 θεοῦ,
582 932 607 973 4:
637 933 664 983 ὃς
685 932 777 982 πάντας
801 929 942 985 ἀνθρώπους

141 1012 161 1050 ec
178 997 286 1053 σωθῆναι
303 999 341 1039 καὶ
357 999 390 1049 εἰς
405 997 534 1050 ἐπίγνωσιν
550 995 665 1050 ἀληθείας
681 993 769 1038 ἐλθεῖν.

143 1075 270 1113 Canterius
282 1077 317 1120 (cf.
330 1076 501 1118 Knobenbcner,
515 1076 633 1111 commoni.
646 1075 671 1109 in
682 1075 740 1110 hunc
752 1074 842 1117 textum,
855 1073 876 1108 et
887 1074 942 1108 Pas-

91 1131 173 1176 sopito,
188 1131 218 1166 De
232 1130 351 1175 partitione
365 1129 454 1164 divinoe
467 1128 588 1164 uoluntatis
602 1138 623 1163 n.
636 1127 718 1173 27935),
733 1127 851 1172 Apostolus
865 1127 940 1162 monet

93 1194 108 1219 v
133 1183 149 1226 1¹,
167 1183 192 1218 ni
210 1183 321 1218 orationes
337 1181 394 1217 fiani
410 1180 568 1217 universaliter
586 1190 645 1226 «pro
663 1177 767 1216 omnihus
783 1180 941 1221 hominibus»;

132 1236 155 1272 2:
175 1230 300 1281 specialiter
316 1235 391 1270 antem
406 1243 447 1280 pro
463 1234 498 1278 iis,
516 1244 530 1269 a
543 1233 623 1278 quihus
639 1233 765 1277 tranquilla
778 1233 879 1269 fidelium
894 1233 942 1268 vita

95 1289 191 1324 maxime
205 1287 320 1333 dependet;
333 1297 353 1323 v.
369 1287 391 1322 3:
410 1300 421 1320 α
429 1287 476 1323 Hoe
488 1289 572 1322 bonum
585 1287 629 1322 esi.
639 1313 644 1321 .
654 1314 659 1321 .
669 1300 688 1329 »,
703 1288 728 1322 ut
742 1296 768 1322 ex
780 1296 800 1321 v.
814 1287 940 1332 lr'apparet

93 1351 141 1377 non
153 1341 249 1377 refertur
263 1341 292 1376 ad
303 1339 450 1384 tranquillam
462 1339 532 1375 vitam
546 1340 664 1384 agendam,
680 1340 718 1375 sed
732 1339 887 1375 adorationes
901 1348 942 1384 pro

92 1395 199 1431 omnihus
212 1394 344 1430 fundendas.
360 1394 387 1429 Id
401 1394 483 1429 dicitnr
499 1394 600 1428 «bonnm
615 1394 636 1428 et
652 1393 766 1438 acceptum
780 1402 856 1429 coram
871 1393 943 1428 salva-

92 1449 142 1483 tore
155 1442 231 1483 nostro
246 1448 318 1483 Deo».
335 1448 401 1489 Deua,
420 1448 458 1492 qni
474 1447 507 1483 est
524 1446 657 1489 salvator,
675 1446 729 1491 vult,
747 1447 772 1482 ut
788 1455 836 1492 pro
851 1446 942 1482 salute

92 1502 210 1537 hominum
219 1501 300 1544 oretur,
312 1500 432 1545 etquidem
442 1509 482 1545 pro
494 1500 565 1536 salute
576 1501 704 1543 omnium;
715 1508 769 1535 nam
778 1510 798 1536 v.
810 1501 833 1537 4:
849 1507 942 1534 «omnes

91 1554 196 1590 homines
213 1554 261 1589 vult
278 1554 361 1589 salvari
369 1567 388 1595 n,
408 1554 511 1589 omnihus
534 1552 582 1588 vult
606 1552 722 1589 salutem
747 1553 942 1599 supernaturalem

92 1616 221 1653 procurare,
239 1607 261 1643 et
277 1607 436 1652 consequenter
453 1607 499 1642 vult
516 1608 547 1642 eis
563 1606 646 1652 aperiri
662 1608 743 1650 viam,
762 1616 818 1652 quae
836 1609 865 1644 ad
882 1608 941 1643 hanc

92 1659 190 1695 salutem
203 1659 281 1695 ducat:
297 1658 344 1694 vult
357 1668 394 1694 eos
407 1660 437 1694 ad
448 1659 569 1704 perfectam
582 1658 731 1703 cognitionem
750 1658 872 1707 (iatronem)
887 1659 943 1695 veri-

93 1710 149 1753 tatis
168 1710 294 1756 (revelatae)
318 1711 399 1747 venire.
425 1712 487 1746 Duae
511 1711 563 1746 dein
585 1720 605 1746 r.
624 1711 654 1748 5s
672 1711 797 1746 afferuntur
819 1710 942 1746 rationes

92 1761 154 1808 (yolo),
187 1771 243 1807 quae
265 1762 324 1798 hanc
349 1762 500 1798 universalem
524 1762 662 1798 volunlatem
687 1761 810 1799 salvificam
835 1762 939 1809 probent:

94 1815 118 1859 a)
136 1815 228 1850 «Unus
241 1815 299 1850 enim
315 1816 407 1858 Deus»7
424 1816 462 1860 qui
477 1815 510 1850 esi
525 1815 642 1851 omnium
657 1816 760 1851 dominns
776 1816 797 1852 ct
812 1815 906 1859 creaior;
923 1816 942 1850 si

93 1865 171 1911 plures
188 1866 260 1901 esseni
277 1866 315 1909 dii,
331 1866 427 1901 fortasse
444 1875 490 1901 non
506 1875 564 1901 unus
581 1867 682 1902 omnium
704 1876 781 1902 curam
804 1869 897 1912 gereret.
921 1886 944 1892 -

93 1918 117 1963 b)
135 1919 227 1954 «Unus
242 1919 263 1954 et
277 1919 411 1954 mediator
424 1920 464 1954 Dei
478 1920 499 1954 et
513 1919 635 1961 hominum,
652 1919 718 1955 homo
734 1920 835 1956 Christus
850 1922 940 1961 Iesus»,

93 1971 134 2015 qni
150 1971 256 2006 naturam
273 1972 396 2007 omnibus
413 1971 541 2007 hominibus
557 1981 698 2008 communem
715 1974 836 2019 assumpsit
854 1974 875 2008 et
892 1982 942 2008 con-

92 2025 211 2068 sequenter
224 2036 234 2057 «
244 2024 303 2060 dedit
317 2025 461 2070 semetipsum
473 2026 569 2071 pretium
583 2025 742 2071 redemptionis
756 2035 796 2072 pro
810 2027 914 2063 omnibus
922 2039 940 2069 a,

91 2072 157 2120 ¹incip:
181 2076 206 2110 in
223 2076 343 2112 utilitatem
361 2077 468 2120 omniurm
490 2074 631 2123 dori-iorem:
651 2078 698 2113 loeo
723 2079 861 2124 captivorum
885 2079 942 2114 redi-

91 2129 241 2174 mendorum).

92 2248 151 2290 2676.
188 2247 368 2301 Argumentum.
395 2251 516 2292 Asseritur
539 2252 582 2293 Dei
607 2251 718 2293 voluntas
742 2243 939 2304 ᾱ)Ἀει1ν1ΐὶαᾶ;

92 2312 159 2354 ‚Deus
170 2315 205 2355 est
215 2314 318 2355 salvator
330 2317 361 2368 (v.
375 2316 406 2366 3),
419 2316 472 2357 vult
482 2316 593 2358 homines
604 2317 692 2358 salvari
703 2318 727 2360 et
736 2317 868 2367 veritatem,
882 2330 943 2371 quae

91 2378 127 2417 ad
145 2379 247 2420 salutem
262 2379 339 2429 ducat,
358 2381 419 2422 hene
437 2381 570 2432 perspicere
589 2383 628 2434 (4).
648 2381 734 2432 Agitur
751 2385 779 2423 de
798 2383 841 2424 illa
858 2382 941 2431 salute,

92 2444 165 2485 cuins
181 2445 298 2485 mediator
322 2451 356 2485 est
379 2446 487 2486 Christos
505 2457 624 2497 peropus
642 2446 818 2496 redemptionis,
838 2448 854 2487 i.
874 2458 894 2487 e.
914 2448 943 2489 de

92 2509 172 2549 ‚solute
188 2510 324 2550 animorum
341 2511 518 2561 supernaturol'
536 2511 595 2563 (55);
618 2537 650 2542 —
671 2512 695 2563 h)
714 2512 830 2562 proprie
853 2512 941 2561 dieta,
964 2538 965 2541 =

92 2575 171 2616 :seria
187 2575 215 2616 et
227 2587 357 2626 operosa.
375 2576 406 2616 Vi
423 2575 497 2631 huius
512 2576 642 2617 voluntatis
659 2576 723 2617 Deus
739 2576 798 2625 vult,
817 2578 845 2619 nt
861 2589 942 2629 preces

92 2653 96 2655 ·
155 2640 268 2681 omnibus
282 2640 421 2681 hominibus
437 2641 499 2682 fiant
517 2641 556 2694 (1),
572 2642 596 2683 et
610 2642 661 2692 ipse
676 2641 742 2682 misit
756 2642 846 2683 Filium
863 2653 942 2692 suum,

138 2704 208 2746 fieret
221 2706 325 2756 pretium
343 2705 514 2755 redemptionis
532 2707 572 2758 (6).
591 2706 652 2757 Ergo
670 2717 718 2746 non
735 2707 814 2756 agitur
831 2709 859 2749 de
877 2719 944 2749 mera

135 2771 213 2811 leitote
235 2771 284 2811 sive
308 2770 480 2822 complacentia
497 2782 525 2811 ex
542 2771 609 2822 parte
632 2771 683 2820 Dei,
708 2781 785 2822 neque
808 2773 837 2814 de
862 2772 944 2824 aliqua

92 2834 218 2876 voluntate
229 2835 293 2885 sigini
304 2835 405 2883 tantum,
419 2846 468 2886 qua
479 2836 543 2876 Deus
555 2836 616 2876 nihil
629 2835 696 2876 alind
709 2835 786 2886 vellet,
801 2837 848 2878 nisi
861 2839 889 2879 nt
901 2849 944 2878 nos

92 2900 213 2941 vellemus
226 2900 335 2940 omnium
349 2898 451 2940 salutem
466 2899 490 2940 et
502 2899 642 2950 putaremus
656 2900 736 2949 ipsum
750 2901 814 2943 idem
829 2902 899 2950 velle;
913 2927 943 2932 —-

92 2964 118 3013 c)
139 2964 325 3013 universalis,
349 2975 410 3016 quae
435 2964 537 3005 retertur
556 2966 586 3007 ad
605 2976 688 3006 omnes
711 2966 809 3007 omnino
834 2966 944 3006 homines
