2214 3350
139 160 162 196 14-
324 160 382 196 Seet„
395 160 411 194 Ι.
427 158 472 195 Α11,
489 160 505 194 I.
521 160 552 194 Dc
566 158 697 194 necessitate
711 131 797 203 gratiae
823 155 824 158 ’
860 178 863 179 ⁷

139 274 177 315 22.
404 274 424 315 l.
442 272 514 325 Origo
528 272 577 315 litis
592 271 616 314 in
630 271 719 315 Airita.

138 380 179 418 410
195 378 272 418 Roma
286 390 300 418 a
318 378 400 441 Gothis
417 367 552 428 expugnata
568 368 680 428 Pelagius
696 378 718 418 et
735 376 863 418 Caelestius
879 377 905 418 in
922 377 988 417 Airi-
1008 398 1010 400 >
1056 437 1058 439 ι

172 451 225 481 eam
242 440 381 503 secedunt.v
410 478 413 489 ,
1097 442 1105 455 ’“

138 535 176 573 411
193 543 275 573 mense
287 533 354 574 Maio·
365 532 500 583 Pelagius
514 532 655 584 Carthagine
665 531 831 583 'Augustinum
845 531 926 572 contra
939 532 987 573 Do*

170 595 271 636 natistas
285 595 448 647 disputantem
462 594 538 636 obiter
551 594 623 643 ridet,
639 606 696 635 mox
716 595 742 635 in
762 594 983 646 Palaestinam

170 658 221 699 abit
240 660 272 710 (v.
291 660 351 710 Aug.
370 659 448 710 Epist,
465 660 505 698 146
521 659 552 699 ad
570 658 638 709 Pell.
657 684 688 689 ν-
707 656 866 698 Caelestius
885 657 986 706 Cartha:

171 721 226 774 gine
236 721 429 781 presbyteratum
441 720 550 762 ambiens
561 734 575 762 a
587 720 688 762 Paulino
700 720 799 762 diacono
810 721 985 763 mediolanensi

171 784 276 826 haeresis
292 785 418 826 accusatur
433 784 456 825 et
471 786 485 824 7
502 783 606 835 capitula
624 784 661 835 (de
678 783 774 834 peccato
789 783 908 834 originali,
925 784 986 834 bap·
1046 804 1049 807 *

170 848 241 888 tisino
255 848 411 898 parvulorum
425 847 448 888 et
461 846 626 898 impeccantia)
643 846 726 887 nolens
740 846 827 887 reicere
841 847 871 887 al]
886 846 986 886 Aurelio
1022 844 1024 846 ’
1100 841 1107 882 4

170 912 280 962 episcopo
292 911 472 951 condemnatur.
486 909 595 961 Neglecta
607 908 773 960 appellatione,
787 910 902 961 quemad
914 909 984 951 Inuo=

171 973 275 1016 centium
292 974 303 1015 1
323 974 453 1024 (lat-417)
475 972 568 1022 iecerat,
589 972 614 1013 in
632 972 728 1014 Asiam
746 972 873 1024 proiectus,
894 973 982 1024 Ephesi

170 1037 294 1089 presbyter
305 1036 464 1091 videtur-esse
470 1036 601 1077 ordinatus
608 1061 639 1066 —
646 1036 787 1077 Tumultum
795 1037 821 1076 in
828 1036 909 1078 Africa
921 1036 984 1077 exol-

171 1101 248 1142 tatum
258 1099 438 1151 Augustinus
448 1099 537 1149 aliique
548 1099 652 1151 episcopi
663 1099 788 1150 colloquiis
799 1100 823 1141 et
833 1099 986 1148 sennonihus

171 1164 254 1204 sedare
269 1163 385 1204 conantur
401 1163 487 1214 (Serm.
502 1164 563 1213 Aug.
580 1164 620 1203 170
635 1164 675 1203 174
690 1165 731 1203 170
746 1164 800 1221 [ML
815 1162 870 1220 38ll.
939 1156 942 1161 ’

138 1262 179 1301 412
196 1260 344 1311 Augustinus
361 1272 376 1301 a
392 1260 534 1302 Marcellino
557 1259 641 1301 comite
665 1260 761 1312 rogatus
778 1260 860 1301 scribit
877 1264 890 1302 2
908 1260 985 1301 libros-

170 1324 206 1363 Da
219 1330 371 1373 peccalorum
385 1323 477 1364 meritis
493 1330 515 1363 et
529 1322 666 1363 remissione
683 1329 704 1363 et
720 1323 748 1363 ae
765 1323 881 1374 baptismo
895 1335 981 1375 parari-

171 1386 259 1434 loram,
280 1387 368 1438 quibus
388 1388 510 1437 tamquam
530 1383 583 1426 31110
602 1386 691 1441 librum
711 1384 783 1427 addit
796 1387 932 1438 Epistulam
951 1387 985 1427 ad

142 1447 144 1450 ’
171 1449 342 1490 Mareellinam
356 1450 380 1501 (l.
395 1452 407 1489 1
421 1450 450 1490 de
461 1449 557 1500 peccato
569 1447 686 1500 originali,
700 1449 716 1488 1.
731 1451 744 1489 2
757 1449 785 1489 de
798 1448 917 1500 baptismo
929 1460 984 1500 par-

170 1514 291 1561 valorum,
305 1513 320 1551 l.
334 1515 346 1552 3
358 1512 386 1553 de
398 1512 460 1552 falsa
471 1510 663 1562 interpretatione
674 1512 735 1552 Rom
745 1512 776 1563 5).
788 1537 820 1542 -
831 1512 887 1552 Mox
900 1511 982 1552 scribit

169 1575 204 1615 De
221 1575 307 1625 spirita
324 1581 345 1615 el
360 1575 439 1614 littera
455 1575 486 1615 ad
502 1574 604 1615 eundem
620 1573 795 1622 Marcellinum,
814 1573 839 1614 in
855 1585 902 1624 quo
918 1573 996 1626 libro⁴¹

171 1637 257 1679 tractat
276 1637 304 1678 de
324 1635 472 1688 oppositione
498 1636 560 1677 inter
585 1635 687 1687 gratiam
713 1637 772 1677 Novi
794 1636 938 1678 Testamenti
958 1638 982 1678 et

169 1701 256 1751 Legem
269 1699 383 1741 Veterem.
396 1725 428 1730 -
439 1699 512 1750 Epist.
527 1701 567 1740 140
579 1710 620 1740 seu
630 1700 665 1740 De
676 1700 752 1750 pratia
763 1700 825 1740 Noai
837 1701 984 1740 Testamenti

169 1762 232 1804 libro
248 1763 395 1804 Honoratum
411 1762 516 1803 amicum
532 1762 737 1819 carthaginensem
752 1762 840 1812 monet,
858 1763 884 1804 ut
899 1762 983 1804 careat

161 1823 316 1877 ''periculosas
331 1825 458 1866 doctrinas.
524 1873 525 1876 Ἰ

137 1920 177 1958 413
191 1927 272 1958 mense
285 1917 353 1957 Iunio
366 1916 516 1967 Augustinus
529 1916 672 1966 Carthagine
686 1927 806 1957 sermones
819 1915 901 1957 contra
914 1917 983 1957 Pela.
1006 1904 1008 1906 ¹

171 1980 254 2031 gianos
268 1981 339 2021 habet
355 1980 449 2032 (Sermo
462 1982 521 2020 293s
537 1979 591 2037 [ML
606 1979 661 2037 38]).

138 2075 178 2113 414
196 2071 342 2122 Augustinus
359 2083 403 2122 per
420 2071 540 2112 Hilarium
565 2071 684 2121 quendam
703 2070 788 2112 certior
812 2071 841 2112 iit
864 2072 935 2113 etiam
955 2072 982 2111 in-

171 2132 253 2174 0101110
269 2145 358 2175 errores
374 2134 513 2185 pelagianos
530 2135 609 2185 spargi
628 2134 710 2185 (Epist.
730 2137 769 2175 150
777 2135 805 2186 s).
823 2160 854 2165 -
869 2134 982 2185 Augusti-

171 2208 217 2237 nus
232 2197 314 2238 scribit
329 2197 456 2249 epistulam
474 2197 504 2238 ad
520 2196 638 2238 lulianam
655 2196 760 2246 viduam,
779 2196 880 2238 matrem
897 2198 982 2239 Deme-

170 2259 255 2299 triadis
265 2258 371 2310 virginis‚
383 2262 418 2301 De
431 2261 491 2300 bona
503 2260 623 2300 viduitatis
637 2260 827 2312 (011140443051.
839 2286 870 2292 —
881 2260 981 2301 Interim

170 2321 323 2373 Pelagius
338 2323 465 2375 scripserat
478 2323 612 2374 Epistulam
626 2325 656 2364 ad
671 2323 847 2379 Demetriadem
861 2323 981 2374 virginem

172 2387 226 2437 (ML
241 2389 274 2434 33,
291 2390 344 2429 1099
358 2390 389 2440 ss)
406 2389 430 2430 et
443 2387 532 2428 librum
548 2388 582 2428 De
596 2394 688 2429 aalma.
705 2389 753 2445 Hoc
768 2388 831 2429 libro
845 2400 859 2429 a
874 2389 982 2430 Timasio

170 2450 194 2491 et
207 2451 290 2491 laeobo
306 2452 432 2494 iuvenibus
447 2452 492 2493 sibi
507 2452 646 2494 transmisso
660 2452 809 2504 Augustinus
823 2452 868 2493 sibi
883 2464 982 2505 persua-

170 2515 210 2555 det
226 2515 298 2555 eiiam
314 2517 437 2567 Pelagium
454 2528 536 2558 revera
552 2510 668 2558 haeretice
685 2517 778 2558 sentire.

133 2616 177 2653 415
194 2612 267 2653 Libro
289 2613 323 2652 De
346 2620 431 2655 aalma
456 2621 478 2655 ct
501 2615 577 2666 pratia
601 2614 803 2666 Augustinus
828 2614 933 2656 Timasio
956 2615 981 2655 et

169 2677 256 2718 Iacobo
271 2677 367 2727 exponit
382 2678 492 2720 naturam
509 2680 603 2731 peccato
619 2679 731 2730 originali
746 2679 855 2721 vitiatam
872 2679 981 2731 indigere

168 2742 253 2794 gratia.
272 2766 303 2772 -β
320 2742 431 2794 Eutropio
449 2744 473 2785 et
489 2744 563 2785 Paulo
581 2743 698 2795 episcopis
716 2744 740 2784 in
758 2745 821 2785 libro
837 2746 872 2785 De
888 2745 982 2795 perrer-v

168 2808 232 2848 tione
250 2806 354 2847 iustiliae
373 2807 476 2850 hominis
495 2809 602 2850 confutat
624 2809 781 2860 Dejiailimies
808 2809 845 2849 Ca
853 2820 864 2848 e
872 2809 917 2848 les
925 2809 964 2849 lii
973 2841 978 2857 ‚

168 2874 256 2914 docens
270 2883 299 2912 ne
314 2882 328 2911 a
343 2871 435 2913 Sanctis
448 2874 546 2923 quidem
560 2874 605 2914 hac
618 2875 643 2913 in
658 2874 721 2914 terra
735 2874 831 2924 plenam
847 2872 982 2925 impeccan-

168 2938 226 2978 tiam
242 2936 334 2987 attingi.
