2214 3350
155 146 178 182 28
228 147 283 182 Sect
297 148 312 181 i.
327 147 372 182 Art
387 148 403 182 Ι.
416 147 447 182 De
459 146 592 183 necessitate
604 146 689 191 gratiae
703 148 732 183 ad
745 147 807 182 aetus
820 145 930 182 salutares
1003 163 1005 166 ·

154 254 256 304 Fipurae
269 254 394 294 creationis
405 262 427 295 et
437 255 623 296 resuscitationis
634 254 762 296 ostendunt
771 253 895 295 hominem
905 266 935 295 ex
945 265 971 295 se
979 254 1005 294 et

156 318 206 356 sine
224 317 328 367 gratuito
348 318 437 359 auxilio
457 329 505 359 non
524 329 592 368 posse
611 318 744 368 quidquam
763 317 870 357 conferre
891 317 921 358 ed
940 318 1002 357 hanc

153 390 241 421 novam
256 381 331 421 vitem
349 381 520 432 accipiendam.
538 381 564 421 Si
580 380 654 432 igitur
669 381 699 433 acl
716 378 846 430 perfectam
862 379 1002 421 vivificatio-

155 453 210 483 nem
225 444 356 494 peccatoris
370 444 446 485 adulti
461 444 542 495 aliqua
554 443 705 497 praeparatio
720 441 821 492 positiva
835 452 880 492 per
893 442 1005 494 riroprios

154 506 221 546 actus
236 507 432 557 praere-quiritur,
448 518 524 556 neque
539 506 565 545 hi
579 505 646 545 actus
660 504 752 555 praevii
767 504 821 544 fieri
836 505 936 555 possunt
951 504 1005 545 sine-

154 569 245 609 auxilio
262 570 360 620 gratiae,
377 581 437 621 qliae
454 569 521 609 iilam
536 568 724 608 vivificationem
741 567 843 607 inchoet.
1012 570 1013 573 ’

154 688 194 729 44.
230 690 392 725 Confirmari
404 689 475 735 potest
489 698 514 724 ex
527 689 564 723 Iac
579 681 596 731 l,
613 686 646 724 17:
664 699 674 720 a
683 688 753 723 Omne
767 686 845 723 datum
859 688 967 733 optimum
981 689 1005 724 et.

156 749 220 776 omne
238 741 321 777 donum
337 741 459 787 perfectum
476 740 594 776 desursum
612 739 650 781 est,
670 739 805 775 descendens
823 751 837 776 a
853 740 920 775 Patre
937 741 1002 775 lumi-

155 801 210 828 num
218 803 237 836 »;
254 793 264 828 1
281 794 321 828 Cor
336 793 354 837 3,
370 792 392 828 t:
411 792 508 836 «Itaque
523 800 594 836 neque
609 792 647 835 qui
661 791 756 836 plantat,
773 791 806 826 est
822 791 913 836 aliquid,
930 801 1004 837 neque

154 844 193 889 qui
206 845 272 889 rigat,
287 845 325 881 sed
338 845 376 890 qui
388 843 548 880 incrementum
561 844 606 886 dat,
621 844 679 879 Deus
688 853 707 885 »;
721 843 773 880 Phil
787 842 804 886 1,
818 844 841 880 6:
860 857 870 876 a
879 844 917 888 qui
930 845 1001 890 coepit

154 896 180 931 in
195 896 257 932 vohis
275 905 329 941 opus
345 897 433 937 honum,
451 893 549 941 perficiet
572 904 642 940 usque
659 895 683 930 in
700 895 759 930 diem
776 895 859 931 Christi
876 896 927 931 Iesu
935 909 952 931 s⁴
977 916 1005 923 --

154 948 233 984 Patres
247 948 317 984 solent
331 947 441 993 applicare
457 947 466 982 1
482 947 523 982 Cor
537 946 567 989 12,
582 946 604 983 3:
623 956 706 982 «nemo
720 948 792 993 potest
807 948 879 984 dicere
893 949 1004 984 Dominus

155 1000 225 1042 Iesus,
242 999 286 1034 nisi
300 999 325 1033 in
341 998 425 1044 Spiritu
441 998 548 1040 Sancto»,
565 998 605 1034 ubi
619 999 695 1034 tamen
710 1007 756 1034 non
771 999 847 1043 agitur
863 1000 890 1035 de
906 999 1001 1035 salutari

155 1050 302 1086 affirmatione
317 1050 476 1086 dominationis
493 1050 575 1086 Christi
590 1051 612 1086 et
625 1050 695 1086 multo
710 1051 785 1087 minus
800 1052 827 1087 de
842 1051 937 1088 salutari
951 1062 1004 1098 pro--

154 1102 296 1138 nuntiatione
309 1101 405 1137 nominis
420 1102 478 1144 Iesu,
494 1102 532 1137 sed
547 1102 574 1138 de
588 1102 675 1138 criterio
691 1103 835 1148 dignoscendi
851 1103 998 1140 charismatis.

152 1175 178 1181 -
189 1153 199 1188 1
210 1155 258 1190 Cor.
271 1153 299 1195 15,
312 1153 346 1190 10:
361 1154 458 1190 «Gratia
468 1154 543 1189 autern
554 1154 594 1189 Dei
606 1164 655 1190 sum
665 1154 695 1198 id,
707 1155 766 1199 qued
777 1164 850 1199 sumn,
863 1156 888 1190 in
898 1156 1002 1192 contextu

154 1204 327 1249 intellegendum
341 1205 373 1240 est
385 1206 410 1241 de
423 1205 499 1250 gratia
511 1206 582 1250 gratis
596 1206 649 1242 data
661 1207 761 1242 muneris
774 1207 898 1252 apostolici;
912 1209 968 1244 Rom
981 1209 998 1250 8,

155 1256 189 1292 26:
206 1270 216 1289 a
226 1257 278 1301 quid
289 1265 384 1300 aremus,
399 1257 455 1292 sicut
468 1257 559 1302 oportet,
574 1257 692 1301 nescimus;
706 1259 745 1294 sed
757 1259 804 1305 ipse
819 1259 914 1305 Spiritus
926 1260 1004 1305 postu*

153 1308 186 1343 lat
204 1317 244 1353 pro
262 1309 325 1345 nobis
344 1308 462 1353 gemitibus
482 1309 698 1352 inenarrabilibus»,
719 1311 766 1355 agit
785 1311 811 1346 de
831 1312 920 1354 obiecto,
942 1312 1004 1357 qucd'.

155 1360 309 1395 convenienter
325 1361 371 1395 sive
387 1360 510 1396 secundum
525 1361 663 1397 voluntatem
679 1362 719 1397 Dei
735 1363 843 1408 petamus,

207 1461 208 1464 Ἴ
221 1479 264 1521 111.
282 1478 376 1520 Patres.

153 1559 192 1601 45,
225 1560 253 1597 Is.
268 1561 358 1604 Hateri,
373 1560 494 1604 Theolcgia
505 1568 637 1605 graecorum
649 1559 743 1594 Patrum
754 1559 868 1594 vindicata
881 1560 939 1595 circa
952 1561 999 1594 uui·

153 1620 241 1647 versam
261 1612 379 1647 materiam
399 1612 486 1656 gratiae
508 1612 588 1657 (Paris.
611 1610 673 1656 1647).
694 1630 719 1635 -
738 1610 822 1647 Friedr.
846 1612 937 1654 Wiirtar,
960 1612 1004 1647 Die

154 1662 237 1697 christi.
250 1662 319 1698 Lehre
331 1664 386 1699 iiber
397 1664 438 1698 das
449 1662 578 1699 Verbaltnis
589 1672 633 1697 von
644 1662 722 1699 Gnade
733 1663 780 1698 und
791 1661 890 1698 Freiheit
902 1671 945 1697 von
957 1663 1005 1698 den

153 1715 223 1759 apost.
232 1714 307 1750 Zeiteu
316 1714 351 1750 bis
362 1715 401 1750 auf
412 1714 525 1758 Angustia
536 1715 654 1761 (Freiburg
665 1712 776 1758 1856-60).
784 1734 810 1739 —
817 1713 896 1750 Thenai.
906 1713 1008 1757 Ritthor,⁴

153 1767 193 1801 Die
208 1766 278 1801 Lehre
293 1775 338 1801 von
353 1766 392 1801 der
406 1766 523 1802 Erbsiinde
538 1767 574 1802 bei
592 1766 691 1802 Clemens
708 1775 728 1802 v.
746 1766 804 1804 Alex.
826 1765 904 1810 (Freih.
924 1767 997 1802 Theoi.

154 1818 214 1853 Stud.
231 1818 283 1854 Heft
296 1817 320 1854 28
336 1817 412 1864 [leret.
426 1838 450 1843 -—
463 1819 538 1853 Herm,
554 1818 648 1860 Stritter,
662 1817 703 1854 Die
717 1817 902 1862 Erldsungslehre
916 1818 953 1854 des
969 1818 998 1853 hl.

154 1869 291 1904 Athanasius
306 1868 377 1915 (1894).
391 1890 416 1898 q
430 1869 452 1904 G.
467 1871 491 1906 A.
507 1869 561 1912 Peli,
575 1870 616 1905 Die
629 1869 698 1905 Lehre
713 1869 751 1904 des
764 1869 793 1903 hl.
809 1869 889 1906 Athen,
904 1878 947 1904 von
961 1870 1004 1905 der·

154 1920 228 1956 Stinde
239 1921 286 1956 und
297 1920 409 1965 Erldsung
424 1920 494 1966 (1888).
508 1937 533 1950 -⁴
544 1922 600 1964 Eua.
614 1921 695 1964 sceau,
708 1921 748 1955 Die
761 1920 830 1955 Lehre
843 1922 881 1956 des
894 1920 922 1956 hl.
937 1921 999 1956 Basi-

153 1971 197 2007 lius
206 1980 250 2007 von
260 1973 297 2007 der
307 1972 384 2008 Gnade
397 1971 467 2017 (1881).
479 1973 548 2007 -Fr
561 1974 586 2008 K.
598 1973 712 2014 Hammeu
724 1974 766 2008 Des
777 1972 806 2008 hl.
819 1973 902 2017 Gregor
912 1983 931 2008 V.
944 1974 997 2009 Nar.

154 2025 223 2061 Lehre
234 2034 277 2061 von
288 2026 327 2061 der
337 2024 500 2071 Gnade(1890).
513 2042 539 2053 -»
548 2025 621 2059 Franz
633 2023 686 2067 Hiit,
699 2025 742 2060 Des
754 2024 783 2060 hl,
798 2024 881 2069 Gregor
893 2035 911 2060 v.
925 2025 1004 2071 Nyssa

154 2077 223 2112 Lehre
235 2086 285 2112 vom
297 2076 417 2112 Menschen
431 2075 503 2122 (1890).
517 2099 542 2104 -
554 2077 571 2112 J.
586 2076 611 2112 B.
625 2075 758 2120 Anthauser,
773 2075 812 2112 Die
825 2076 948 2112 Heilsiehre
961 2078 1003 2113 des

155 2128 183 2163 in.
202 2129 285 2173 araga
300 2138 319 2166 v.
339 2129 413 2173 Nyssa
431 2127 503 2174 (1910).
519 2150 545 2155 -
560 2127 600 2165 aa.
620 2127 696 2171 iuerat,
715 2128 754 2163 are
771 2119 896 2164 Heilsiehre
912 2129 950 2165 aes
967 2129 997 2165 m.

154 2179 251 2222 cyrillus
263 2190 282 2216 v.
297 2180 355 2216 Alex.
372 2180 540 2225 (Forschungen
552 2189 592 2215 zur
606 2179 650 2215 chr.
667 2179 718 2215 Lit·
731 2190 751 2217 u.
767 2181 940 2225 Dogmengesch.
957 2189 1003 2216 von·

156 2230 348 2267 Ehrhard-Kirsch
360 2233 385 2275 V,
402 2231 451 2267 e-3
468 2231 554 2278 [1905]).

152 2339 191 2380 46.
229 2342 248 2378 l.
265 2338 326 2380 Ante
343 2338 473 2391 Pelagium,
492 2351 546 2380 cum
563 2340 604 2380 vix
618 2339 741 2382 exsisteret
756 2339 861 2382 haeresis
876 2341 1003 2382 necessita--

152 2402 200 2443 tem
213 2402 302 2453 gratiae
314 2413 403 2453 negans
416 2403 439 2443 et
450 2403 529 2453 potius
544 2403 636 2442 bonitas
647 2409 747 2443 caturae
760 2409 782 2444 et
795 2403 892 2444 libertas
906 2403 1003 2445 arbitrii

152 2464 267 2504 adversus
280 2464 401 2506 Gnosticcs
412 2466 436 2507 et
449 2465 603 2506 Manicheecs
615 2463 758 2507 inculcanda
769 2466 837 2514 esset,
853 2465 934 2507 Patres
946 2478 1003 2518 qra-⁴

152 2527 212 2567 tiam
223 2527 386 2576 cooperantem
398 2528 421 2568 et
433 2540 446 2569 a
459 2528 552 2568 fortiori
564 2527 755 2579 praevenientem
768 2528 849 2569 ruinas
862 2529 1003 2579 frequenter*

151 2588 285 2630 efferebant
303 2589 326 2629 et
343 2589 464 2631 interdum
489 2591 569 2630 minas
594 2596 661 2630 caute
685 2591 714 2632 de
739 2591 877 2641 operatione
900 2591 999 2632 salutari

153 2650 259 2691 hominis
275 2650 440 2701 loquebantur.
467 2653 514 2693 Sed
536 2652 613 2693 multa
637 2652 771 2694 testimonia
796 2654 898 2703 probant
916 2665 1003 2694 omnes*

152 2713 234 2754 Patres
245 2712 343 2754 maioris
355 2714 469 2756 momenti
481 2716 510 2756 de
522 2716 632 2766 deamata
645 2717 717 2757 buius
730 2716 802 2756 thesis
815 2710 877 2757 recte
889 2716 1001 2756 sensisse„

222 2796 307 2837 Patres
329 2797 452 2849 apostolici
473 2798 557 2838 docent
577 2796 676 2837 virtutes
697 2808 711 2837 a
731 2797 780 2837 Deo
800 2797 865 2837 dari:
891 2796 1003 2838 Clemens-

153 2860 221 2907 Rom.
241 2861 252 2898 t
271 2858 323 2898 Cor.
341 2861 376 2906 50,
393 2862 406 2898 2
425 2860 537 2911 (caritas);
554 2861 589 2908 38,
607 2862 621 2900 2
640 2858 812 2911 (continentia).
835 2884 867 2889 —
890 2856 1003 2909 ignatius,

151 2922 206 2964 Ant.
223 2922 319 2972 Sinara.
335 2924 355 2969 4,
370 2923 384 2960 2
399 2921 516 2972 (Christus
528 2922 625 2963 roborat
639 2922 668 2963 ad
683 2921 869 2972 sustinendum).
