2214 3350
195 153 236 189 112
306 136 361 189 seat.
375 154 392 189 Ι,
405 153 450 188 Α11.
464 154 492 188 ΙΙ.
505 153 515 197 ξ
526 152 543 188 2.
557 152 615 195 Quid
627 151 710 187 natura
721 150 786 196 lapsa
797 159 843 185 non
854 149 924 194 possit

155 292 156 295 η
192 261 368 302 'Vaticanum
384 273 401 302 s.
418 264 431 302 3
446 273 496 312 oap.
513 263 526 300 3
541 260 585 300 fin.
604 260 647 311 (Dz
663 260 740 310 1794);
758 258 828 307 Deus,
846 269 906 308 quos
919 258 945 298 in
960 258 1042 298 lumen
1105 264 1107 266 ’

196 323 327 365 catholicae
343 324 403 365 fidei
418 322 546 371 transtulit,
566 339 575 359 1
585 323 610 363 in
625 324 671 369 1166
686 323 770 363 eodem
786 321 880 362 lumine
896 321 923 363 ut
937 331 1042 372 perseve-
1105 363 1107 366 ⁴

191 386 257 436 rent,
273 386 351 439 gratia
367 398 410 428 sua
424 386 558 435 confirmat,
574 397 624 426 raon
639 386 756 434 desereris,
773 386 821 425 alsi
836 384 985 424 deseratur».
1018 399 1030 416 a
1105 382 1107 385 ’

200 512 252 555 176.
288 513 319 555 ll.
336 512 465 566 Scriptura.
479 513 548 553 Pars
564 513 573 552 l
591 512 622 563 (ν.
641 512 718 552 textus
732 522 756 551 n.
774 511 814 551 147
828 509 913 550 allatos
928 509 951 551 et
965 509 1040 555 Maza,

192 574 536 628 n.322).l.lustosmanetin
546 571 1041 625 116611166611661611661111666666.1111111-
1075 591 1077 594 v

197 640 283 681 bentur
296 640 323 680 ut
335 644 450 679 certantes
463 638 582 679 certamen
596 638 655 678 fidei
671 639 690 689 (1
705 637 760 678 Tim
773 640 793 686 6,
809 639 847 677 12;
872 635 986 691 ἀγωνίζου
1002 636 1044 677 τόν
1104 659 1107 668 ς

195 703 270 744 καλὸν
278 704 374 758 ἀγῶνα),
384 702 535 742 collaetantes
547 700 937 752 6616166666611161116(11611612
947 698 1043 757 ἡπάλη),

196 765 327 807 militantes
337 765 365 806 ut
375 765 462 805 milites
469 765 548 816 prauis
556 769 691 805 armaturae
705 763 766 815 (Eph
773 766 838 813 6,11;
850 765 892 820 τὴν
900 762 1043 816 πανοπλίαν),
1104 791 1107 822 3

190 829 233 870 'vel
241 829 266 869 in
273 840 359 880 genere
369 828 492 879 tamquam
500 827 588 868 milites
601 828 623 879 (2
631 827 712 875 111112,
721 829 746 866 3;
764 829 797 880 ὡς
809 826 1043 883 11611196τρατ161της,Ι
1104 825 1106 856 ἶ

190 893 227 932 ef.
251 895 261 932 1
284 893 338 932 Tim
361 894 381 940 1,
405 891 448 942 18),
471 902 552 942 pirario
569 890 685 931 certantes
709 890 729 941 (1
748 891 792 931 Cor
815 892 837 938 9,
854 892 893 930 26:
923 890 1043 943 πυκτεύω).
1105 909 1107 912 ·

197 954 291 995 Inimici
309 954 392 995 salutis
410 954 465 995 sunt
482 953 507 994 in
524 964 609 1005 genere
627 953 767 994 tentationes
793 954 840 1005 (166
859 956 879 1001 1,
897 956 910 994 2
928 952 972 1004 12),
991 963 1041 1006 spe·
1105 964 1107 995 ὲ

197 1019 279 1060 oiatim
294 1018 484 1069 coucupiscentia
500 1019 547 1072 (Iao
562 1022 582 1068 1,
598 1019 643 1071 14),
660 1019 793 1059 seductores
810 1018 917 1070 (2107),
932 1013 1041 1076 diabolas
1105 1029 1107 1072 3

200 1086 220 1135 (1
237 1084 292 1125 Ρ611
306 1087 327 1133 5,
344 1087 395 1133 812
412 1085 505 1132 (16111,
523 1085 557 1132 11;
574 1084 627 1135 Epir
643 1086 664 1132 6,
682 1083 716 1135 11)
734 1083 758 1124 61
773 1083 907 1134 spiritualia
922 1083 1041 1134 nequitiae
1104 1077 1107 1127 ἔ

200 1149 260 1200 (Eph
276 1152 296 1198 6,
314 1149 359 1200 12).
374 1174 405 1180 -«
419 1152 440 1189 2.
456 1147 595 1197 Morientur,
609 1149 637 1189 ut
652 1148 698 1189 siti
712 1152 839 1199 procurent
856 1148 974 1200 airailiurra
988 1147 1039 1195 Dei,

196 1215 248 1254 sine
265 1225 313 1265 quo
328 1213 428 1255 victores
445 1224 494 1254 esse
510 1224 558 1254 non
575 1210 682 1264 possunt.
701 1212 837 1253 Adhibeant
855 1212 928 1253 iidem
948 1214 967 1264 (1
986 1211 1042 1253 Petr
1104 1208 1107 1264 g

194 1282 217 1327 ¹5,
231 1278 252 1329 9)
268 1279 291 1319 61
301 1278 350 1319 alia
362 1289 436 1327 arma,
451 1289 510 1330 quae
522 1278 586 1319 Deus
599 1277 641 1319 dat
656 1278 717 1330 (Eph
730 1280 750 1326 6,
765 1280 826 1326 1066,
840 1279 878 1318 11;
894 1276 986 1317 induite
999 1289 1040 1317 vos

194 1348 346 1384 armaturam
363 1343 425 1394 1161);
442 1343 560 1384 auxilium
578 1337 621 1384 Dei
639 1343 767 1393 implorent
787 1343 833 1395 (Mt
849 1345 869 1391 6,
890 1344 923 1391 13;
941 1337 1040 1393 aaut).

198 1468 250 1515 177.
287 1474 358 1514 Pars
367 1474 396 1513 11.
409 1476 428 1514 1.
442 1474 452 1513 1
465 1472 510 1515 cor
523 1473 592 1521 1613
605 1474 637 1525 (v.
651 1463 847 1523 doreceastria.
859 1472 917 1523 401).
929 1473 956 1514 v.
970 1475 1040 1513 1-12

193 1536 221 1577 S.
234 1529 329 1577 'Paulus
350 1535 492 1585 absterret
514 1535 650 1577 Corinthios
671 1548 685 1577 a
707 1535 782 1576 falsa
803 1535 968 1584 securitate,
993 1535 1041 1585 qu'a

195 1599 324 1650 opinentur
339 1598 436 1649 propter
452 1609 539 1650 magna
555 1598 673 1640 beneficia
689 1597 771 1640 divine
787 1597 836 1639 iam
853 1598 962 1648 percepta
979 1596 1040 1649 salu-

191 1661 243 1703 ’tem
259 1660 353 1703 esse'in
369 1661 421 1703 tuto
436 1661 546 1713 positam.
565 1656 644 1703 Etiam
661 1662 781 1702 israelitae
798 1660 919 1721 baptismo
935 1660 1040 1715 quodam

191 1723 277 1777 typice
290 1724 315 1765 in
330 1724 391 1766 mari
407 1725 481 1766 rubro
494 1724 608 1776 baptizati
623 1724 648 1766 et
661 1736 715 1766 esea
730 1724 835 1775 potuque·
850 1724 943 1765 caelesti
958 1724 1040 1766 reiecti

195 1787 270 1829 erant.
295 1789 386 1829 'Pernen
403 1788 434 1829 ob
451 1788 547 1839 peecata
570 1799 614 1828 sua
636 1787 723 1829 misere
739 1788 764 1828 in
782 1787 875 1829 deserto
891 1786 1039 1828 interierunt.

194 1851 257 1892 11666
270 1851 296 1905 111
309 1850 389 1902 figura
405 1852 522 1905 (τυπικῶς)
538 1845 708 1902 contingebant
720 1850 777 1899 illis;
792 1850 880 1902 scripta
892 1851 948 1892 sunt
960 1850 1040 1892 autem
1104 1844 1107 1895 'f

194 1913 225 1954 ad
237 1913 410 1965 correptionem
421 1910 527 1954 nostram
541 1914 594 1966 (11).
607 1914 669 1965 Ergo
681 1913 753 1955 etiam
765 1912 908 1962 christianis,
920 1914 1038 1968 baptismo

190 1988 208 2017 >e
222 1977 313 2017 mundo
327 1976 428 2027 egressis
441 1977 466 2018 61
479 1975 638 2018 eucharistico
652 1983 713 2028 pane
729 1976 832 2025 nutritis,
848 1976 930 2028 lapsus
943 1977 967 2018 et
981 1975 1039 2018 inte

195 2038 256 2080 ritus
272 2039 352 2080 adhue
369 2039 424 2080 sunt
439 2038 630 2089 pertimescendi.
648 2039 725 2088 Quare
742 2040 783 2091 qui
800 2051 826 2081 se
842 2039 961 2082 existimat
978 2041 1039 2081 stare
1105 2048 1107 2077 3

198 2101 374 2153 [certitudinem
388 2102 417 2142 de
432 2101 494 2143 statu
508 2101 597 2153 gratiae
612 2102 764 2154 nonhabet),
780 2102 848 2144 caute
863 2101 908 2144 sibi
922 2103 1037 2154 invigilet,

195 2177 224 2205 ne
241 2164 295 2205 ruat
311 2163 336 2204 in
353 2165 448 2216 peraeta
465 2166 518 2217 (12).
536 2166 571 2206 Ν6
587 2165 667 2207 tamen
685 2165 801 2207 Corinthii
818 2165 857 2206 his
871 2166 950 2208 verbis
966 2167 1039 2207 nimis

190 2227 301 2268 6111611111
316 2227 436 2269 desalute
450 2228 582 2279 desperent,
598 2239 662 2269 1111116
677 2228 706 2269 in
722 2239 797 2279 spem
812 2228 959 2280 eos'erigit
977 2229 1034 2281 (13):

196 2291 303 2331 Tentutio
321 2292 474 2346 (1161666669),
491 2292 507 2332 i.
527 2303 547 2332 e.
568 2292 687 2343 quidquid
707 2292 737 2333 ad
756 2293 904 2343 peooandum
923 2291 998 2334 allieit
1016 2293 1039 2334 et

192 2365 266 2394 eausa
282 2353 366 2395 ruinae
381 2353 513 2406 spiritualis
527 2366 579 2396 esse
594 2354 678 2406 potest,
695 2355 819 2405 hueusque
834 2366 875 2395 eos
891 2367 940 2396 aori
955 2367 1037 2408 appre-

194 2417 278 2457 itendit
291 2416 339 2457 nisi
353 2417 465 2467 1111616116,
482 2417 619 2459 infirmitati
634 2419 755 2459 humanae
768 2418 886 2470 adaptata.
903 2419 980 2460 Etiam
995 2430 1037 2471 pro

194 2479 301 2531 tempore
320 2479 402 2520 futuro
420 2481 447 2520 in
466 2480 582 2530 fidelitate
600 2481 645 2521 Dei
665 2480 830 2523 firmissimam
850 2481 905 2522 lieet
924 2482 1037 2523 oollooare
1103 2479 1107 2531 t

193 2555 268 2595 spem.
292 2544 363 2593 Deus,
381 2545 422 2595 qui
439 2556 481 2585 vos
497 2546 528 2585 ad
545 2545 621 2586 fidem
643 2545 788 2593 vocavit-ut
804 2544 888 2586 salutis
911 2545 1037 2597 participes

189 2609 264 2658 fiatis,
285 2608 400 2650 fidelitate
425 2621 467 2650 sua
491 2609 590 2658 tenetur,
611 2609 639 2650 ut
656 2609 803 2658 tentationes,
830 2621 889 2661 quas
912 2607 1035 2661 permittit,

194 2678 283 2713 uestras
300 2672 362 2712 uires
378 2684 426 2713 nori
443 2673 505 2713 siaat
522 2673 642 2713 excedere.
666 2674 719 2724 lpse
742 2673 809 2714 dabit
832 2684 887 2714 oum
910 2674 1037 2716 tentatione
1101 2684 1106 2704 ⁹

192 2735 263 2776 etiam
275 2735 369 2776 ielieem
382 2735 479 2784 esitare,
492 2736 573 2776 dando
583 2736 723 2787 facultatem
733 2736 868 2776 sustinendi
880 2737 931 2793 (τὴν
943 2737 1039 2790 ἔκβασιν
1101 2731 1106 2799 J]

193 2804 234 2839 roe
250 2797 364 2840 δύνασθαι
377 2798 527 2853 ὑπενεγκεῖν).
544 2798 592 2839 1166
605 2799 668 2840 valet
681 2800 709 2840 de
723 2800 893 2841 tentationibus
905 2800 1038 2840 1116616616-
1101 2800 1105 2822 ³

190 2861 242 2901 riis.
261 2860 371 2902 Pericula
388 2862 467 2902 autem
486 2862 621 2902 uoluntaria
639 2862 706 2903 eante
724 2862 825 2913 fugiant.
846 2862 922 2911 Quare
940 2862 1038 2904 caveant
1102 2860 1106 2907 1

189 2925 238 2966 silai
253 2926 283 2967 ab
299 2925 433 2966 idololatria
450 2927 503 2978 (14).
519 2952 550 2958 —
565 2928 588 2968 S.
605 2928 695 2968 Paulus
711 2938 759 2967 non
774 2927 837 2969 solos
851 2927 1037 2978 praedestinatos
1102 2926 1104 2993 J
