2214 3350
176 187 212 223 166
311 188 366 224 sect.
381 189 408 225 H.
423 188 469 224 Art.
485 189 513 224 ΙΙ.
528 189 558 224 De
572 187 785 233 supernaturalitate
798 186 885 231 gratiae

432 320 578 361 SYNOPSIS
599 318 763 360 HISTORIGA

175 410 231 452 248.
268 411 324 452 Idea
343 411 481 453 elevationis
498 411 690 461 suprahumanae
708 409 747 450 vel
766 408 924 450 deificationis
942 409 1018 449 cuius-

175 474 232 515 dam
251 474 374 515 invenitur
389 474 462 515 etiam
481 472 547 514 extra
566 471 705 523 religionem
723 472 859 519 revelatam,
880 469 1019 523 praesertim

176 538 241 588 apud
257 537 445 589 philosophos
460 534 610 587 pantheisme
623 536 648 577 et
662 534 810 586 mysticismo
826 534 938 583 faventes,
955 547 978 575 v.
995 546 1017 586 g.

176 600 241 651 apud
254 599 441 651 Neoplatonicos‚
455 599 479 640 et
492 600 517 639 in
530 598 677 650 mysteriis
691 598 813 649 dionysiis,
830 596 962 639 mithriacis
975 598 1018 640 etc.

110 689 112 693 -
176 662 240 712 Quid
257 663 415 703 Reitzenstein
433 661 523 712 aliique
540 662 571 702 de
589 661 685 702 influxu
704 660 871 713 mysteriorum
890 659 1019 701 hellenisti-

175 736 258 766 corum
269 725 295 765 in
306 725 445 776 religionem
457 723 612 766 christianam
624 723 733 773 sentiant,
746 737 769 764 v.
782 725 848 764 Bunr
861 724 943 776 [Thus
957 726 1018 771 1916,

176 788 307 840 tea—472).
325 788 530 839 speculationem
544 786 676 838 theologica
691 799 739 828 non
754 799 783 828 ex
798 786 838 828 his
853 786 960 828 lontibus
974 786 1019 827 ori-

175 851 256 902 ginem
272 850 381 901 sumpsit,
398 851 439 891 sed
454 862 487 891 ex
501 849 632 890 doctrina
647 848 785 891 revelata.
802 851 838 891 Ex
853 849 880 891 V.
897 848 925 890 T.
943 860 1019 890 sume-

175 913 245 954 batur
261 913 368 954 doctrina
385 913 414 954 de
430 913 526 954 homine
542 914 574 954 ad
591 913 720 964 imaginem
736 913 760 953 et
776 912 960 954 similitudinem
976 912 1019 953 Dei

176 977 254 1017 creato
271 977 331 1028 (Gen
347 979 367 1025 1,
383 979 419 1025 263
437 975 484 1027 Sap
499 979 520 1024 2,
537 976 573 1027 23)
590 975 614 1017 et
628 977 660 1017 Ps
676 979 709 1024 81,
727 979 752 1016 6;
775 975 828 1017 «dii
842 974 926 1016 estis».
942 975 972 1017 N.
989 974 1017 1017 T.

174 1038 292 1089 plurimas
305 1039 371 1080 ideas
382 1038 500 1090 praebuit,
515 1039 655 1089 praesertim
669 1038 765 1088 Paulus,
781 1040 880 1079 loannes
893 1039 916 1080 et
929 1042 942 1080 2
955 1038 1018 1079 Petr.

174 1104 195 1150 1,
209 1105 234 1143 4:
252 1101 364 1143 nativitas
376 1101 400 1143 et
412 1101 558 1152 regeneratio
572 1114 600 1143 ex
612 1103 675 1150 Deor,
684 1102 780 1153 adoptio
793 1113 849 1142 cum
863 1102 914 1142 iure
928 1101 1019 1143 heredi-

174 1156 241 1205 tandi
254 1165 316 1205 bona
330 1164 419 1214 divina;
434 1164 579 1205 consortium
593 1165 687 1206 divinae
701 1164 808 1213 naturae3
823 1163 916 1205 collatio
929 1162 1018 1205 virium

174 1227 393 1278 supernaturalium
407 1228 438 1269 ad
453 1226 618 1279 cognitionem,
634 1226 793 1275 dilectionem,
808 1227 970 1279 operationem
984 1228 1019 1269 di-

175 1290 226 1331 vini
243 1290 343 1338 ordinis3
361 1290 447 1331 intima
464 1301 518 1331 cum
536 1291 585 1331 Deo
602 1290 745 1339 coniunctim
763 1290 812 1332 vita
830 1291 855 1331 in
872 1291 921 1332 Deo
938 1290 975 1331 vel
993 1291 1019 1331 in

175 1353 277 1402 Christo3
288 1352 432 1395 inhabitatio
442 1354 466 1395 S.
480 1353 591 1404 Spiritus,
603 1364 670 1394 arrae
681 1353 787 1394 caelestis
798 1353 887 1403 gloriae
900 1354 931 1404 (v.
943 1354 1018 1394 Rade-

174 1416 278 1464 macter,
299 1417 389 1465 Mense,
410 1415 495 1464 datter,
515 1416 643 1469 Hernici).

174 1533 229 1573 249.
266 1531 352 1574 Patres
366 1532 421 1573 inde
435 1544 449 1573 a
463 1532 548 1584 primis
564 1532 663 1573 saeculis
676 1532 734 1573 haec
748 1533 864 1574 elementa
878 1532 1019 1574 evolvebant

177 1596 208 1647 (v.
221 1595 304 1646 Bnnr),
318 1595 423 1636 maxime
435 1594 517 1637 Patres
529 1596 625 1646 graeci
639 1606 697 1636 saec.
713 1596 744 1636 IV
757 1596 780 1637 et
792 1596 813 1636 V
828 1596 858 1647 (v.
873 1607 896 1636 n.
911 1596 956 1646 45).
971 1596 1018 1636 Ista

172 1657 265 1711 ὓέωσις,
277 1657 376 1711 θείωσις,
388 1652 520 1715 daonoinoig
533 1657 568 1699 ita
583 1657 770 1709 intellegebatur,
787 1659 815 1700 ut
829 1657 950 1700 distinctio
965 1659 1019 1709 sub-

173 1720 292 1762 stantialis
301 1720 406 1762 hominis
418 1733 432 1762 a
441 1721 491 1762 Deo
502 1726 584 1761 contra
594 1721 716 1762 Gnosticos
728 1727 750 1762 et
760 1721 913 1762 Manichaeos
924 1720 1018 1763 strenue

174 1783 349 1833 defenderetur3
360 1784 402 1825 sed
412 1790 492 1824 contra
502 1784 602 1824 Arianos
613 1790 637 1824 et
645 1784 830 1825 Macedoninnos
840 1783 954 1825 divinitas
963 1784 1018 1825 Filii

173 1847 197 1888 et
214 1847 237 1888 S.
257 1846 361 1898 Spiritus
376 1858 407 1887 ex
422 1858 451 1888 eo
467 1857 561 1898 quoque
579 1846 730 1897 probabatur,
749 1847 814 1897 quod
831 1858 874 1888 nos
890 1846 1018 1899 participes

174 1909 276 1950 reddant
297 1909 431 1951 divinitatis
454 1909 614 1960 (athanasiae,
632 1908 753 1961 Basilius).
778 1911 825 1950 Per
847 1909 973 1961 Origenene
995 1911 1019 1952 et

174 1971 358 2023 Ps.Di0nysinne
373 1972 484 2012 influxus
500 1971 678 2023 neoplatonicus
702 1971 808 2020 intravit
832 1972 873 2024 qui
897 1973 975 2014 adhuc
993 1974 1026 2014 in,
1075 1963 1076 1969 ¹

174 2035 282 2074 Monimo
304 2034 371 2084 Gens.
394 2035 418 2075 et
438 2035 526 2074 Ioanne
547 2035 693 2075 Damascena
716 2035 862 2076 observatur.
884 2061 916 2067 -
937 2037 1019 2078 Patres

174 2097 260 2138 latini
275 2109 305 2138 ex
320 2096 385 2147 parte
401 2097 534 2148 sequuntur
553 2109 649 2149 graecos
672 2098 829 2150 (Antoninis,
845 2099 930 2139 Petrus
946 2098 1018 2149 Chry-

174 2159 237 2211 sei).
256 2160 302 2201 Sed
319 2160 400 2201 contra
416 2160 599 2201 naturaliamum
617 2161 722 2202 ethicum
738 2161 922 2212 Pelagianornni
938 2173 1018 2213 pecca-

173 2223 226 2263 tum
239 2221 354 2274 originale
366 2222 504 2274 negantium
517 2223 619 2274 gratiam
632 2224 783 2275 potissimum
797 2224 979 2266 considerabant
992 2225 1018 2266 ut

173 2286 274 2327 vulnera
285 2287 382 2326 naturae
394 2286 473 2337 lapsae
485 2287 633 2327 sanantem
644 2287 767 2338 eidemque
779 2286 876 2328 omnino
889 2286 961 2339 gratis
973 2287 1018 2329 col-

157 2348 255 2389 ·latnm.
271 2349 361 2390 Tamen
375 2349 401 2389 S.
417 2349 564 2400 Augustinus
586 2361 634 2390 non
656 2349 775 2401 ignoravit
795 2350 897 2401 gratiam
919 2350 1017 2395 naturae

173 2411 246 2452 etiam
258 2411 404 2452 innocenti
416 2412 442 2452 in
453 2412 545 2462 angelis
557 2412 580 2454 et
590 2412 799 2464 protoparentibus
811 2412 925 2462 additam,
940 2413 1017 2464 dispa-

174 2485 225 2514 rem
238 2474 320 2525 utique
332 2487 346 2515 a
357 2474 435 2526 gratia
447 2474 578 2526 praesentis
590 2474 747 2516 oeconomiae.
762 2475 824 2516 Data
835 2476 956 2516 occasione
970 2476 1017 2516 dei

173 2536 312 2588 ficationem
323 2538 421 2579 naturae
432 2548 476 2589 per
486 2536 588 2588 gratiam
599 2538 709 2586 celebrat,
724 2538 764 2580 sed
776 2540 838 2579 hanc
850 2539 929 2580 ideam
941 2538 1018 2591 magis

174 2600 204 2640 ad
220 2599 337 2650 practices
350 2601 372 2641 et
387 2599 499 2652 mysticas
514 2599 714 2642 considerationes
729 2613 803 2651 quam
818 2602 848 2641 ad
863 2601 1017 2643 excolendam

173 2662 308 2703 doctrinam
325 2663 354 2703 de
370 2663 447 2714 gratia
463 2662 568 2704 adhibet
587 2663 768 2714 Neoplatonicos
785 2663 847 2705 inter
863 2663 1018 2716 philosophos

173 2725 274 2766 maximi
291 2725 437 2767 aestimabat.
537 2719 543 2725 ”

173 2839 229 2882 250.
266 2839 381 2892 theologi
395 2841 556 2891 antiquissimi
572 2841 597 2883 ut
612 2841 636 2881 S.
646 2840 772 2882 Anseinnn
787 2842 818 2882 ad
833 2840 1018 2892 supernaturali-

173 2904 246 2945 tatem
260 2903 335 2945 status
347 2904 465 2955 primitivi
479 2915 527 2944 non
542 2903 597 2944 satis
611 2903 769 2952 attenderunt,
787 2904 860 2944 donec
874 2915 917 2955 per
931 2904 1018 2958 scripta

173 2967 323 3018 Ps-Dionpsii
335 2968 357 3008 et
369 2967 464 3007 loannis
477 2967 619 3008 Dorienseeni
632 2968 656 3006 in
669 2966 778 3018 linguam
791 2965 891 3007 latinam
904 2966 1018 3008 translata
