2214 3350
197 153 235 191 212
334 153 388 189 Sect,
403 153 431 189 II.
446 152 491 187 Art.
507 153 535 188 ΙΙ.
551 154 582 188 De
595 139 809 197 supernaturalitate
823 150 910 195 gratiae

194 262 287 304 habere,
295 260 412 301 rationem
422 260 538 311 positivae
550 259 712 310 dispositionis
723 259 753 300 ad
765 259 827 299 hanc
839 258 949 305 formam,
962 248 1044 298 secunss

196 325 256 367 dum
271 325 418 377 principium
433 324 483 366 iam
497 325 527 365 ab
543 322 664 374 Aegidio
678 324 757 364 Rom.
774 314 938 363 enuntiatum:
960 320 1047 362 «Talis

195 381 328 443 requiritur
340 389 464 441 dispositio
475 388 594 440 patientis,
609 388 689 439 qualis
701 388 736 428 est
749 386 817 428 actus
829 385 938 437 receptus
949 386 973 427 et
986 397 1043 437 qua-

195 445 226 497 lis
240 456 275 497 est
288 454 400 507 perfectio
415 454 549 505 impressa»
568 454 600 505 (n.
615 455 657 493 225
672 452 743 503 tin.)1
759 451 832 503 Atqui
846 451 885 491 isti
900 451 967 492 actus
980 451 1042 502 posi·
1102 477 1104 481 «

195 520 242 562 tivo
266 519 397 571 disponunt
418 519 450 559 ad
473 517 668 558 iustificationum
694 516 872 566 (Tridentiuuru
889 528 908 556 s.
927 519 940 557 6
957 527 1009 567 cap.
1029 518 1042 555 6

195 585 239 643 [Dr
255 584 324 643 798]).
342 584 405 634 Ergo
419 582 476 623 sunt
492 581 598 623 entitatis
613 580 755 633 simpliciter
772 580 967 631 supernaturalis.

255 681 287 716 Ex
304 689 336 722 ec,
354 680 412 725 quod
429 679 492 715 actus
510 679 653 725 disponentes
670 679 722 715 sunt
740 672 854 714 entitative
872 678 893 714 et
911 673 1041 723 simpliciter

194 727 376 779 supernaturales
398 731 455 767 sieut
476 731 552 775 gratia
572 730 721 773 sanctificans,
745 730 894 768 tamennon
916 729 1040 773 sequitur

194 794 231 820 eos
248 779 278 820 de'
292 783 425 827 condigno
441 783 499 818 hanc
515 782 614 828 gratiam
629 782 736 819 mereri.
755 783 813 818 Nam
829 782 858 817 ad
874 781 919 818 tale
935 780 1040 817 meritum

192 837 285 881 insuper
302 835 430 880 requiritur,
450 835 475 870 ut
492 844 610 883 persona
628 843 723 879 operans
742 833 958 882 sit÷jsj3proportionata
976 842 1041 878 prae-

191 887 242 923 mio.
262 887 304 924 Sed
321 886 428 931 quamdiu
444 887 510 921 homo
528 887 561 921 est
577 886 706 922 inimicus
722 886 778 928 Dei,
797 886 856 921 hanc
873 885 1039 931 proportionem

190 939 282 974 minime
300 939 372 975 habet.
392 939 467 987 Potest
486 938 561 974 autem
578 939 650 982 homo,
670 939 772 983 quamvis
790 937 964 983 simpliciter,
983 938 997 976 i.
1019 947 1036 972 e.

190 1000 236 1035 qua
254 990 300 1026 tota
318 999 420 1036 persona,
441 990 469 1025 sit
488 990 597 1025 obiectum
623 990 693 1025 divini
720 990 770 1032 odii,
790 990 867 1025 tamen
891 989 1038 1025 secundum

190 1042 264 1087 quid,
280 1042 294 1077 i.
312 1051 328 1077 e.
346 1042 468 1077 secundum
483 1042 580 1086 aliquem
596 1042 671 1077 actum
685 1041 719 1078 vel
734 1041 836 1078 habitum
851 1042 975 1084 informem,
992 1043 1038 1077 Deo

190 1103 238 1129 esse
252 1094 454 1138 supernaturaliter
468 1095 545 1138 pratus
560 1095 580 1128 et
595 1095 704 1138 acceptus.
720 1094 793 1137 Quare
808 1093 879 1129 status
893 1094 978 1139 peccati
992 1103 1038 1129 non

190 1146 223 1181 est
235 1145 373 1182 obstaculum
384 1146 447 1181 actus
457 1145 492 1181 vel
502 1145 611 1191 operativi
621 1145 712 1181 habitus
723 1145 837 1182 entitative
850 1145 1035 1192 supernaturalis.

184 1260 244 1311 303.
281 1258 339 1311 Arg.
353 1259 395 1300 ΙΙΙ,
409 1258 445 1301 Ex
457 1259 601 1301 auctoritate
614 1260 786 1313 theologorum,
802 1260 905 1311 quitum
918 1272 961 1312 per
973 1272 1035 1302 oom-

188 1323 260 1375 plura
274 1325 369 1364 saecula
383 1324 542 1366 unanimitate
556 1325 642 1365 morali
658 1325 718 1366 lianc
734 1325 821 1366 thesim
837 1325 928 1374 docent,
944 1326 969 1367 et
983 1326 1035 1377 qui-

187 1390 243 1429 dem
258 1389 365 1439 plerique
382 1389 505 1440 tamquam
521 1389 644 1430 moraliter
658 1390 756 1438 certam;
771 1390 882 1431 nonnulli
897 1391 969 1432 etiam
985 1390 1035 1442 opi-

186 1453 283 1494 nionem
297 1453 422 1504 negantem
437 1454 545 1495 censuris
558 1453 696 1505 theologicis
708 1454 793 1495 notant
807 1456 846 1507 (ci.
862 1467 885 1494 n.
901 1456 1032 1507 291-2961,

258 1629 419 1675 Scholitrm.
449 1612 487 1671 De
501 1630 595 1673 obiecto
605 1630 705 1677 ,formali
720 1633 904 1685 supernaturali.

185 1727 241 1769 304.
275 1728 363 1773 Scripta
379 1728 405 1764 dc
421 1728 463 1764 hac
479 1729 608 1773 quaestione
625 1737 644 1764 v,
663 1730 723 1774 apud
739 1730 788 1764 Em.
805 1729 882 1773 Dauid,
901 1730 931 1764 De
947 1729 1032 1766 obiecto

184 1780 274 1816 formali
299 1781 361 1817 actus
385 1780 492 1817 salutaris
518 1781 617 1828 (Bonnae
635 1781 690 1828 1913)
714 1792 735 1828 p.
755 1783 820 1818 Vlss.
840 1783 959 1819 Praeterea
976 1784 1029 1828 Rep.

184 1833 427 1878 Garripou-Loproupe,
445 1836 475 1871 De
492 1835 627 1871 revelatione
645 1836 670 1871 Ι2
690 1835 754 1881 (1921)
773 1837 794 1871 et
811 1837 925 1872 comment.
944 1838 968 1872 in
985 1838 1031 1874 Rev

120 1882 121 1885 ’
184 1885 389 1932 Τ11011119131ε.Ὶ-
402 1888 571 1923 Ηε1111Ρὶηαν11
586 1888 606 1924 S.
622 1889 639 1923 J.
656 1889 680 1922 iu
694 1888 824 1925 RechS'cRel
839 1889 892 1931 1913,
908 1889 943 1926 113
950 1900 979 1926 ss.

251 1984 270 2026 l.
288 1984 324 2026 De
340 1996 387 2037 qua
402 1996 428 2026 re
444 1987 539 2038 agatur.
562 1986 671 2034 Qiiaestio
687 1986 756 2027 valde
771 1988 872 2027 obscura
887 1986 980 2028 reddita
995 1988 1030 2029 est

182 2059 217 2095 eo,
234 2048 297 2098 quod
313 2047 409 2088 termini
424 2049 509 2088 obtecti
523 2048 638 2100 formulis,
655 2050 741 2089 pratici
752 2050 796 2090 etc.
813 2062 868 2090 cum
884 2050 932 2091 suis
948 2050 1028 2091 subdi-

182 2110 316 2151 visionibus
333 2110 381 2151 tam
399 2111 466 2151 varie
483 2111 642 2162 exponuntur,
663 2113 709 2153 «111
725 2112 767 2153 vix
786 2113 846 2153 duos
863 2113 926 2155 inter
943 2125 966 2155 se
986 2125 1028 2165 per

181 2173 263 2213 omnia
277 2173 450 2214 consentientes
466 2173 591 2215 invenias»
612 2175 723 2226 (Losscdc
740 2177 804 2227 apud
820 2176 907 2228 Scitisj.
924 2188 948 2216 n.
966 2177 1026 2229 297).

182 2235 207 2275 Si
222 2237 276 2276 oum
291 2236 393 2286 Ripuldo
410 2237 480 2288 (disp.
496 2240 523 2277 45
538 2248 560 2277 n.
576 2239 670 2289 37-40)
687 2239 710 2279 et
724 2238 779 2278 aliis
793 2238 883 2280 multae
898 2239 1027 2281 divisiones

181 2298 324 2346 statuuntur,
342 2298 393 2339 sine
408 2300 482 2340 duliic
497 2300 599 2339 iuveni-ri
615 2300 692 2351 potest
705 2301 788 2351 aliqua
804 2300 884 2342 «ratio
899 2303 941 2343 suh
959 2314 1024 2353 qua»

180 2361 228 2400 sire
249 2361 327 2401 «ratio
346 2361 533 2412 attingibilitatis
550 2363 663 2412 obiecti»,
684 2374 745 2415 quae
766 2364 829 2404 actui
849 2365 1025 2416 supernaturali
1103 2405 1106 2411 ,,

104 2452 105 2455 .
178 2434 236 2474 prae
251 2423 353 2464 naturali
369 2424 400 2464 sit
414 2425 518 2475 propria.
536 2425 601 2465 Talis
616 2426 696 2466 autem
712 2437 760 2466 non
776 2427 810 2467 est
825 2439 885 2478 pure
900 2428 1023 2476 obieetiva
1102 2412 1104 2427 ¹

179 2486 220 2526 sed
238 2484 318 2536 potius
334 2498 363 2526 ex
381 2487 435 2527 actu
454 2488 479 2527 in
498 2488 617 2529 obiectum
636 2490 703 2540 quasi
723 2490 845 2540 proicitur.
867 2489 906 2532 Sic
925 2485 1024 2542 quidam

178 2548 309 2589 adversarii
324 2549 409 2589 obiecti
425 2550 535 2590 formalis
551 2551 740 2601 supernaturalis
757 2553 836 2593 tamen
853 2553 975 2595 interdurn
992 2554 1024 2595 its
1099 2546 1103 2597 f,

177 2610 316 2662 loquuntur,
335 2611 361 2652 ut
378 2612 485 2662 patronis
503 2613 678 2655 adnumerandi
696 2614 834 2664 appareant¹
861 2616 914 2666 Ipse
931 2617 1024 2657 Moliuu

237 2752 244 2773 ²
259 2752 324 2786 Hanc
337 2750 491 2786 necessitatem
506 2760 520 2786 a
534 2749 642 2794 theologis
656 2748 885 2785 anteiridentiuis
899 2750 1023 2794 generatim

177 2798 289 2834 nonsatis
302 2798 413 2841 cognitam
425 2806 472 2833 esse
486 2797 552 2833 antea
564 2797 666 2835 vidimus.
682 2798 795 2832 Thomas
807 2797 889 2839 iunior,
902 2798 929 2833 lu
941 2798 953 2833 2
966 2798 986 2833 d.
999 2798 1023 2834 28
1096 2797 1106 2843 a

176 2854 195 2890 q.
211 2845 221 2880 1
235 2854 254 2880 a,
270 2845 288 2887 4,
304 2845 499 2880 contradictorium
513 2844 581 2879 huius
594 2844 699 2890 principii
713 2843 810 2879 affirmat
825 2843 854 2888 (n.
871 2843 921 2890 219).
938 2845 1023 2880 Bona·
1095 2847 1103 2890 j}

175 2892 306 2927 venturae
326 2892 354 2927 ad
374 2891 542 2937 dispositionem
561 2890 641 2927 sufficit
662 2891 755 2936 «gratia
775 2890 845 2935 gratis
865 2891 944 2934 data»,
966 2900 1022 2936 quae
1094 2891 1106 2930 :53³

177 2939 255 2974 «tenet
271 2938 336 2983 quasi
351 2938 449 2974 medium
457 2952 468 2971 a
487 2937 516 2983 (n.
534 2938 590 2983 218).ι
