2214 3350
159 141 199 178 266
282 141 337 177 Sect.
350 142 390 177 ΙΙΙ.
403 141 449 177 Art.
463 142 491 177 ΙΙ.
504 142 534 177 De
547 141 611 176 donis
624 140 648 175 in
658 138 817 176 iustificatione
828 139 887 177 datis

231 249 368 291 Secundum
384 250 409 290 S.
424 250 545 290 Thomala
561 248 632 289 etiam
647 247 747 288 virtutes
763 248 885 289 morales
904 243 1005 300 (cardi-

79 356 80 359 ,
159 312 241 353 nales
266 313 394 364 imprimis)
422 325 436 354 a
462 313 509 353 Deo
528 313 554 352 in
573 311 741 356 iustificatione
761 305 930 352 intunduntur.
959 305 1013 365 Sed¹

158 375 304 417 revelatione
319 376 432 417 docemur
447 371 585 416 relationem
599 374 704 415 hominis
719 375 749 414 ad
764 375 848 423 Deum,
865 386 937 425 quem
953 375 1004 425 phi-

146 438 255 489 -losophi
269 439 301 479 ad
315 440 428 480 virtutem
444 437 706 493 cardinalemiustitiae
722 437 833 478 reducere
849 437 962 486 solebant,
980 437 1004 477 in

158 502 205 543 hoc
220 502 303 543 ordine
317 502 467 553 potissimum
481 500 539 541 effici
554 500 716 541 mediantibus
729 500 805 541 tribus
819 495 948 542 virtutibus
962 506 1006 552 perf

159 576 186 606 se
200 565 294 614 infusis,
309 577 368 616 quae
383 563 518 620 specialiore
532 564 603 604 modo
617 564 698 613 ipsam
710 564 794 612 Deam,
810 564 881 613 prout
894 564 919 604 in
933 575 957 605 se
970 558 1004 604 est

159 639 284 683 summum
297 639 380 668 verum
393 637 561 676 summumque
574 627 672 675 bonum,
687 626 775 666 hahent
788 627 907 667 obiectum
921 633 942 667 et
956 639 1004 667 mo-

159 692 245 740 ricum,
274 702 347 742 quere
372 690 488 731 vocantur
513 689 613 730 virtutes
640 689 788 741 theologicae
817 691 866 731 sive
892 690 999 731 divinae:

162 754 246 795 Fides
261 753 337 795 tendit
352 754 377 793 in
393 754 470 794 Deum
486 752 513 793 ut
529 762 651 792 summum
667 761 758 801 verum,
777 763 840 802 spes
856 753 883 794 ut
899 754 924 793 in
941 763 1003 793 sum-

161 828 229 858 mum
244 817 334 857 bonum
350 816 465 864 nostrum,
482 815 588 855 caritas
602 816 629 856 ut
644 816 670 855 in
681 819 807 855 'summum
822 816 913 856 bonum
929 817 955 856 in
971 827 1002 856 se.

235 1043 334 1089 rhesis
352 1046 393 1090 13.
421 1043 457 1084 Ad
471 1042 586 1084 iustitiam
599 1042 762 1084 inhaerentem
776 1042 910 1096 adaequate
925 1029 1002 1096 sump}

157 1109 210 1148 tam
232 1107 319 1148 saltem
341 1107 460 1161 pertinent
476 1105 556 1157 grana
572 1105 728 1147 sanctificans
745 1106 769 1146 et
785 1105 885 1160 uirtutes
908 1105 1002 1147 infusae

156 1170 224 1218 fidei,
244 1169 302 1223 spei,
324 1170 440 1218 caritatis,
459 1180 519 1222 quae
538 1170 594 1210 sunt
612 1168 675 1209 dona
694 1169 775 1209 create
793 1170 817 1210 et
835 1168 932 1222 physice
950 1179 1001 1222 pen
1029 1190 1032 1194 ,

138 1237 140 1239 ’
157 1233 288 1275 manentia.

158 1338 215 1379 369.
248 1340 265 1374 P
281 1347 314 1383 pr.
332 1339 362 1381 en
378 1339 431 1374 vrrr
447 1347 479 1383 pr.
498 1337 514 1373 1.
536 1357 561 1362 -
581 1313 629 1373 Ber.
647 1313 742 1373 reo-ui
765 1336 865 1373 ree-rec.
889 1357 912 1363 -
933 1338 999 1373 Mazz.

156 1389 261 1432 ecr-ma
276 1391 307 1425 De
321 1391 370 1426 virt.
386 1390 426 1425 ini.
442 1388 517 1425 27-47.
533 1409 557 1414 -
570 1389 623 1425 Lah.
639 1388 741 1432 aet—3053
756 1391 787 1424 De
801 1390 850 1425 virt.
868 1389 912 1425 ini:
925 1389 999 1425 18—28.

155 1462 182 1468 -
195 1442 268 1478 schin
285 1441 492 1478 161-173199-205.
507 1461 530 1467 -
542 1441 609 1476 arnor
622 1441 652 1477 tn.
668 1441 686 1484 r;
700 1443 731 1477 oe
743 1441 792 1477 vni.
808 1442 847 1478 inf.
863 1442 894 1477 in.
910 1442 926 1478 1.

189 1528 191 1530 ’
230 1537 268 1583 st.
284 1549 330 1594 qu.
340 1540 360 1578 1.
378 1537 468 1579 Naxus.
493 1538 527 1578 cf.
545 1548 569 1577 n.
588 1540 635 1578 322.
653 1538 689 1577 nx
705 1537 739 1577 th.
757 1540 783 1577 12
800 1537 848 1578 nm
866 1537 956 1579 constat
972 1538 1000 1578 de

158 1600 249 1651 iustitia
273 1599 397 1649 interna,
423 1612 477 1651 ergo
501 1600 582 1650 aliquo
607 1600 677 1641 modo
702 1599 796 1641 animae
821 1600 999 1641 inhaerente.

157 1665 226 1704 Nunc
238 1663 369 1705 videndum
382 1664 425 1712 est,
439 1663 611 1718 quibusnam
624 1662 707 1703 donis
720 1662 827 1704 infusis
840 1665 897 1705 haec
911 1662 1000 1709 iustitia

151 1726 250 1767 interna
265 1725 386 1768 efficiatur.

154 1850 211 1893 37⁰.
247 1854 268 1892 2.
284 1849 382 1893 Sensus,
397 1852 419 1903 a)
435 1851 475 1891 Ad
489 1850 644 1891 iustitiam:
663 1850 876 1901 supernaturalem,
892 1851 932 1902 qui
947 1862 999 1892 con-

157 1914 239 1965 ceptus
255 1926 279 1954 n.
297 1916 338 1964 312
354 1914 486 1965 explicatus
502 1914 543 1961 est3
561 1940 592 1944 —
608 1913 816 1963 inhaerentem,
835 1915 850 1954 i.
870 1926 890 1955 e.
907 1914 999 1954 homini

157 1977 285 2024 internam;
298 2000 330 2005 -
342 1977 499 2026 adaequate
513 1975 665 2026 sumptam,
681 1977 696 2016 i.
712 1988 732 2017 e.
748 1978 767 2017 si
781 1977 885 2017 sumitur
898 1977 924 2018 ut
938 1983 999 2024 totas

157 2039 294 2089 compleras
311 2039 428 2080 donorum
443 2041 467 2079 in
484 2039 651 2080 iustificatione
668 2039 815 2089 collatorum,
832 2051 881 2080 non
897 2041 999 2081 forma-

153 2102 225 2143 liter
245 2102 294 2142 sive
316 2101 523 2150 essentialiter,
548 2101 563 2141 i.
587 2113 607 2143 e.
631 2102 708 2142 solum
731 2101 791 2143 illud
813 2103 911 2151 donum,
934 2102 998 2154 quod

155 2166 181 2205 in
197 2166 242 2206 hae
258 2164 349 2206 iustitia
364 2166 397 2206 ita
412 2165 448 2206 est
464 2165 563 2205 formale
580 2164 603 2205 et
618 2164 749 2213 essentiale,
767 2164 794 2205 ut
808 2164 891 2206 omnia
905 2165 953 2206 alia
970 2178 998 2206 ex

155 2240 182 2269 eo
204 2229 380 2279 quodammodo
402 2228 523 2276 resultent,
547 2227 611 2278 quod
633 2227 674 2277 est,
699 2227 734 2269 uti
756 2227 898 2277 videbimus,
922 2229 998 2279 gratia

152 2291 365 2339 sanct'ficanffi-
384 2290 484 2331 saltem
501 2289 658 2341 pertinent,
679 2301 727 2331 non
746 2291 838 2341 negatis
856 2290 917 2342 aliis,
929 2302 998 2342 ,quae
1030 2311 1031 2314 =

153 2354 287 2394 secundum
308 2354 496 2394 communiorem
517 2353 657 2394 sententiam
679 2354 750 2394 etiam
772 2354 827 2395 sunt
848 2345 911 2395 dona
932 2354 998 2400 habi·

153 2417 237 2465 tualia,
251 2416 351 2458 virtutes
364 2417 414 2458 scil.
429 2418 530 2457 morales
544 2417 567 2457 et
580 2417 641 2457 dona
656 2416 680 2456 S.
697 2416 806 2467 Spiritus
821 2444 852 2448 -
865 2417 889 2469 b)
905 2417 998 2469 gratia

155 2479 356 2520 sanctificans:
374 2482 466 2521 Nomen
481 2480 593 2520 Patribus
607 2481 715 2520 nondum
730 2480 765 2520 est
779 2479 901 2521 usitatum.
918 2480 998 2527 Media

151 2543 229 2583 aetate
242 2542 287 2582 hoc
301 2542 390 2583 donum
405 2542 542 2592 designatur
557 2542 652 2582 nomine
667 2542 755 2593 gratiae
770 2549 866 2593 aratam
880 2539 996 2594 facientis,

155 2605 284 2656 Postquam
306 2605 362 2646 haec
384 2617 430 2646 vox
452 2606 531 2656 coepta
554 2605 589 2646 est
609 2605 704 2646 extendi
727 2605 757 2646 ad
779 2616 874 2646 omnem
896 2607 997 2656 gratiam

152 2668 289 2716 salutarem,
307 2668 424 2709 habituali
438 2669 526 2719 proriae
542 2668 683 2717 testificanti
697 2668 779 2708 datum
789 2669 830 2709 -est
844 2679 931 2709 nornen
945 2680 997 2719 gra-

151 2732 199 2772 tiae
214 2730 392 2779 sanctificantis
408 2731 472 2782 quod
486 2741 573 2771 nomen
588 2731 667 2771 tamen
683 2731 708 2770 in
724 2730 822 2772 decretis
838 2731 931 2772 concilii
948 2732 997 2771 Tri.

153 2794 247 2834 dentini
263 2805 311 2834 non
328 2794 437 2842 occurrit,
455 2795 496 2834 ubi
513 2794 592 2844 potius
609 2794 643 2835 est
660 2805 737 2834 sermo
755 2787 783 2834 de
802 2794 997 2835 «iust'ficationis

151 2857 248 2908 gratia»
276 2857 318 2908 (ΒΖ
336 2860 377 2898 808
395 2859 454 2897 8133
472 2859 512 2898 827
530 2857 589 2907 840).
615 2857 673 2897 Eius
697 2857 807 2897 naturam
825 2868 855 2897 ex
872 2849 997 2898 effectibus

152 2919 296 2960 formalibus
315 2930 370 2960 mox
390 2919 523 2960 distinctius
542 2930 710 2970 cognoscemus
732 2919 773 2971 (th.
795 2920 858 2970 ils).
878 2920 925 2961 Isia
944 2921 997 2960 doc-
