2214 3350
171 212 212 249 432
249 212 320 248 Sectio
331 213 354 247 V.
369 211 414 248 Art.
430 212 445 248 Ι.
460 208 566 248 Doctrina
578 211 635 248 cath.
651 210 677 246 de
690 209 746 255 grat.
761 210 829 247 suffic.
843 186 864 246 et
878 210 961 247 efficaci
980 208 982 211 '

170 320 242 356 huius
257 319 431 363 misericordiae,
450 319 496 355 scii.
516 320 626 364 quaedam
644 316 827 364 «obduratio»
841 317 903 354 >recte
920 320 965 354 Deo
983 318 1021 354 ad·

170 373 285 414 scribitur,
298 372 332 407 uti
344 373 460 418 Scriptura
471 373 498 409 de
509 373 627 408 Pica-raone
639 370 746 407 testatun
754 371 884 416 Theologi
895 370 1016 417 explicant:

171 426 233 462 Deus
249 425 345 461 obdurat
361 426 529 461 occasionaliter
542 424 563 460 et
577 424 712 469 permissive.
730 424 756 460 id
772 434 797 460 eo
813 424 903 460 facilius
918 424 1021 459 terminis

174 478 275 524 positivis
290 479 384 525 exprimi
398 480 476 526 potest,
493 479 546 524 quia
560 477 678 513 obduratio
692 476 797 523 praevisa
811 478 832 512 et
845 477 956 522 permissa
970 486 1023 513 con-¹

170 532 291 577 sequenter
301 531 327 567 fit
338 528 446 569 obiectum
458 531 565 577 positivae
577 530 690 566 volitionis
703 530 792 566 divinae
805 540 836 574 eo,
850 532 909 576 quod
919 532 978 566 Deus
991 530 1020 566 ad

174 585 286 630 sapientes
298 586 353 630 fines
369 595 418 621 eam
433 584 526 627 ordinat,
542 585 567 619 ut
581 585 628 619 iam
641 584 749 619 inserviat
763 584 821 619 bono
837 583 956 620 electorum
971 593 1019 629 pro-

174 639 283 674 movendo
301 639 322 675 et
339 639 449 684 imprimis
464 636 621 682 glorificationi
638 637 736 672 nominis
754 636 831 673 divini.
851 637 887 674 Sic
905 636 960 673 haec
979 638 1020 672 ter-

169 692 297 738 ·minologia
312 693 431 736 theotonice
445 691 580 736 instificetur
597 690 631 736 (ci.
649 690 813 726 Knabenbaner
828 690 853 726 in
868 690 891 726 Is
900 690 924 735 ,6‚
941 689 979 736 10).
996 708 1020 715 -

172 747 277 782 Ceterum
288 747 392 782 veteres
405 745 521 781 semitae
531 753 577 779 non
588 744 684 779 muitum
697 743 834 788 distinguere
847 743 948 780 solebant
960 743 1019 779 inter

169 800 311 835 voluntatem
322 799 362 835 Dei
375 797 509 841 efficientem,
523 797 702 844 praecipientem,
718 798 885 843 approbantem,
900 798 1018 833 conceden-

169 854 224 896 tem,
235 852 399 899 permittentem
409 852 456 895 eta,
468 851 507 887 sed
518 860 575 896 quae
586 851 661 896 atiquo
672 850 737 886 modo
747 851 865 896 referenda
875 852 927 887 sunt
938 852 968 887 ad
978 852 1018 887 Dei

173 908 317 949 voluntatem,
337 915 363 942 ea
380 907 450 941 Deum
464 905 519 940 00110
537 904 603 940 facile
621 904 730 948 dicebant,
750 905 807 940 sicut
825 905 893 940 etiam
911 914 943 948 ea,
962 913 1019 949 quae

169 969 212 1005 per
226 968 306 995 causas
322 958 431 994 secundas
444 957 508 1000 fiunt,
525 958 648 1003 saepe'ip'si
662 958 708 993 Deo
723 957 855 1000 attribuunt;
872 958 898 994 ci.
917 958 1018 993 Conda-

114 1020 116 1023 ⁴
168 1014 236 1055 min,
254 1013 283 1047 Le
302 1012 355 1047 tiore
373 1011 391 1046 d’
399 1012 457 1046 isaie
475 1020 496 1056 p.
515 1009 546 1055 46;
565 1011 618 1046 J.-B.
638 1011 707 1055 Frey
724 1011 748 1046 in
763 1011 815 1047 Rev.
834 1011 891 1046 Bibt.
912 1010 966 1055 1916,
981 1010 1017 1053 523

171 1066 236 1101 Prat
251 1065 276 1100 in
289 1065 373 1100 Etndes
389 1064 424 1101 135
440 1062 496 1110 (1913
511 1064 541 1109 ΙΙ)
557 1062 595 1100 212
602 1073 618 1099 s.
634 1082 658 1089 -
670 1064 749 1099 Posset
764 1064 833 1108 igitur
848 1064 911 1100 iuxta
926 1064 1017 1099 modum
1037 1067 1039 1071 '

167 1118 276 1164 ‘loquendi
288 1117 443 1153 Israelitarum
453 1126 473 1152 v,
489 1116 512 1152 tr
524 1115 618 1163 ἐξήγειρά
635 1129 657 1153 σε
672 1117 720 1152 sine
734 1125 807 1152 errore
820 1117 943 1162 theologico
955 1117 1018 1153 intei-

166 1172 226 1216 1ος11
254 1170 365 1207 «incitavi
382 1171 403 1205 te
422 1170 450 1205 ad
466 1169 630 1215 peccandum»,
649 1171 688 1206 sed
705 1170 843 1216 probabilius
868 1180 946 1206 sensus
970 1170 1013 1206 est:

171 1237 183 1257 0
191 1225 256 1270 posui
268 1224 289 1260 te
301 1225 326 1259 in
339 1224 417 1259 throno
429 1223 523 1268 Aepppti
531 1235 548 1259 0.
562 1243 586 1249 -
597 1225 620 1260 V.
636 1223 659 1259 18
671 1224 743 1259 denuo
757 1223 881 1259 libertatern
890 1225 930 1261 Dei
943 1224 1017 1268 quoad

167 1280 297 1322 utrumque,
309 1278 410 1313 misereri
421 1277 442 1313 et
454 1277 570 1321 obdurare,
583 1277 687 1313 eiiert.‘—
696 1277 720 1313 V.
735 1276 759 1313 19
770 1277 840 1313 oritur
850 1285 920 1313 nova
930 1277 1017 1312 obiec-

170 1331 221 1367 tio:
242 1333 302 1367 Deus
321 1331 340 1366 si
357 1332 405 1376 ipse
423 1330 522 1372 indurat,
543 1330 596 1375 qnid
614 1330 714 1365 homines
731 1331 853 1376 vituperat?
871 1351 895 1356 —
912 1330 963 1375 Non
982 1332 1017 1368 ob-

168 1384 245 1419 stante
266 1384 310 1420 hac
333 1383 478 1419 obduratione
496 1392 521 1419 ex
536 1383 600 1428 parte
615 1383 655 1419 Dei
669 1381 825 1432 infidelitatem
847 1383 936 1420 Iudaeis
959 1384 1017 1419 iuste

171 1436 279 1483 imputari
294 1435 412 1481 Apostolus
428 1436 528 1471 ostendet
543 1445 590 1481 cap.
609 1435 638 1477 10,
656 1437 752 1472 maxime
767 1446 787 1472 v.
804 1435 885 1474 11-211
904 1437 963 1473 Deus
980 1446 1016 1472 eos

129 1489 130 1492 ’
166 1500 209 1536 001
224 1490 414 1536 praedicationem
430 1489 540 1534 evangeiii
556 1489 695 1535 sufficienter
708 1491 800 1526 vocavit.
819 1490 894 1526 Etiam
909 1490 927 1533 9,
945 1490 1016 1527 aa-rt

165 1546 208 1580 'Dei
219 1544 330 1580 rationem
341 1544 422 1589 agendi
433 1543 573 1589 explanando
584 1544 687 1580 defendit.
702 1545 744 1581 Sed
755 1554 774 1579 v.
786 1544 827 1580 205
838 1545 938 1580 nondum
949 1544 1016 1580 datur

164 1598 250 1634 solutio
265 1598 406 1634 obiectionis.'
415 1598 494 1634 Potius
507 1598 625 1644 Apostolus
638 1598 730 1633 interim
743 1608 768 1634 os
783 1598 897 1634 obicientis
912 1598 1013 1642 obstruit,

165 1652 353 1687 :similitudine
381 1652 464 1696 tiguii
494 1660 544 1687 01110
569 1651 667 1696 graviter
694 1660 793 1696 monens,
823 1661 850 1689 ne
880 1653 1015 1688 condicionis

168 1715 222 1741 snae
233 1706 258 1741 in
269 1706 388 1752 conspectu
397 1706 438 1742 Dei
449 1706 555 1741 creatoris
568 1706 725 1752 omnipotentis
736 1707 765 1742 sit
776 1707 897 1743 immemor.
910 1726 934 1732 -
943 1705 1015 1743 22—24

163 1756 528 1796 00115111101100010000010110·εο
549 1760 632 1796 Sensus
649 1761 771 1796 secundum
789 1757 882 1806 Cornelp
900 1761 943 1798 est:
971 1760 1014 1797 «Si

167 1815 233 1857 Deus,
248 1822 383 1859 quamquam
394 1814 442 1858 vult
454 1814 569 1863 ostendere
578 1815 648 1850 iram.
658 1841 677 1850 ..
688 1843 692 1858 ,
705 1814 808 1850 toleravit
819 1815 843 1850 in
855 1814 1014 1858 [0011010000-
1073 1860 1075 1863 Α

167 1867 270 1903 nimitate
287 1877 343 1903 vasa
359 1867 461 1910 irae.;.,
480 1868 502 1903 et
519 1868 537 1903 si
554 1868 620 1911 Deus,
638 1869 664 1904 ut
681 1868 806 1904 ostenderet
821 1867 911 1904 divitias
929 1868 1014 1912 gloriae

163 1930 222 1956 *suae
237 1921 263 1956 in
277 1930 333 1957 vasa
348 1921 569 1965 misericordiae...,
593 1931 620 1958 ea
641 1931 687 1957 0011
703 1921 792 1957 tantum
815 1932 840 1958 ex
860 1922 957 1963 Iudaeis,
975 1920 1014 1956 sed

164 1975 236 2010 etiarn
250 1984 276 2010 ex
288 1974 391 2019 gentibus
405 1974 477 2020 elegit,
491 1975 544 2020 qnid
557 1977 608 2010 tunc
623 1975 694 2011 dices?
706 1977 766 2012 Num
778 1975 830 2011 tunc
844 1983 930 2018 quoque
943 1975 1014 2010 Deum

166 2027 293 2073 peccatores
314 2028 432 2063 induratos
453 2029 607 2074 increpantem
626 2028 751 2064 iniustitiae
774 2036 867 2072 arguere
889 2028 993 2063 audebis?
1001 2040 1012 2060 0

162 2081 212 2116 ‘Vox
229 2075 312 2127 ἤνεγκεν
332 2081 422 2126 propter
441 2081 542 2117 additum
560 2081 582 2117 ἐν
595 2075 801 2130 001100000000010
820 2081 887 2125 exigit
909 2089 1011 2126 sensum:

169 2133 301 2176 «sustinuit,
314 2133 443 2175 toleravit»,
457 2142 514 2169 non:
531 2146 542 2166 (t
551 2133 632 2177 attulit,
648 2134 740 2169 adduxit
755 2133 787 2179 <in
798 2133 921 2178 interitum)
931 2145 951 2177 )›;
964 2143 1013 2180 pro-

162 2186 270 2222 babiliter
283 2196 328 2231 qua
342 2187 438 2222 aoristns
452 2187 567 2230 qnomicns
581 2186 645 2223 dicit:
661 2198 671 2217 «
680 2188 738 2222 Deus
753 2186 808 2222 solet
821 2187 852 2222 sic
866 2188 983 2235 procedere
992 2199 1009 2221 0.

166 2259 191 2264 —-
203 2239 353 2285 κατηρτισμένα,
367 2241 412 2275 sive
428 2239 460 2275 est
476 2238 574 2275 medinm
592 2239 677 2284 (oquae
693 2249 716 2274 se
732 2242 865 2284 aptaverant
888 2241 916 2276 ad
938 2240 1014 2276 interi-

168 2292 244 2337 tum»)
262 2292 307 2328 sive
322 2293 438 2337 passivam
451 2291 474 2337 γ(α
483 2301 539 2337 quae
555 2294 633 2337 aptata
649 2294 727 2337 sant»,
740 2289 799 2338 'quin
812 2293 905 2337 dicatur,
922 2304 937 2329 a
953 2294 1011 2341 quc),

161 2344 319 2390 :significanter
337 2344 482 2389 distinguitur
500 2355 513 2381 a
532 2346 677 2391 προητοίμασεν
696 2346 762 2392 (Dens
779 2356 809 2382 ea.
823 2345 890 2383 antea
906 2347 1010 2394 paravit).

160 2417 188 2424 --
203 2398 375 2444 impoenitentes
390 2398 460 2443 igitur
475 2398 573 2445 ternpore
590 2409 604 2435 a
620 2400 665 2435 Deo
681 2399 782 2444 agendae
795 2399 945 2445 poenitentiae
962 2409 1012 2435 con-

164 2460 228 2487 cesso
244 2451 367 2487 abutuntur
384 2451 418 2496 (ct.
434 2452 452 2493 2,
468 2452 496 2498 4).
513 2453 571 2488 Deus
587 2453 668 2495 autem,
685 2454 724 2497 qui
738 2453 828 2488 nonnisi
844 2453 1013 2489 occasionaliter

164 2505 188 2540 et
203 2505 334 2550 permissive
351 2504 451 2547 obdurat,
469 2514 515 2539 non
530 2505 613 2540 iniuste
629 2514 664 2541 eos
681 2506 793 2550 vituperat
811 2508 830 2542 et
847 2508 917 2552 punit.
936 2508 1011 2552 Neque

165 2557 213 2592 ulla
226 2557 351 2593 iniustitiae
365 2557 448 2603 species
462 2556 540 2593 101100
555 2558 659 2601 cernitur,
676 2559 735 2603 quod
748 2560 808 2595 Deus
822 2559 912 2596 divitias
927 2560 1011 2604 gloriae

162 2618 221 2645 vsuae
235 2610 283 2645 vult
300 2611 414 2646 ostendere
428 2611 453 2646 in
468 2612 528 2647 nasis
544 2612 647 2657 specialis
662 2612 833 2656 misericordiae,
850 2622 906 2658 quae
921 2614 970 2658 ipse
986 2623 1012 2649 ex
1057 2635 1069 2640 x

166 2662 256 2698 Iudaeis
270 2664 290 2698 et
304 2663 407 2708 gentibus
421 2664 487 2708 elegit
501 2665 522 2699 et
535 2665 565 2700 ad
578 2664 636 2701 hanc
650 2665 746 2709 gloriam
758 2665 825 2701 antea
838 2666 932 2711 paravit.
948 2667 972 2702 V.
987 2666 1011 2703 23

160 2717 198 2752 'bis
214 2715 310 2752 occurrit
325 2715 379 2762 δόξα,
390 2723 451 2762 ‘quae
467 2726 508 2753 vox
523 2726 569 2752 non
586 2718 694 2754 esctnsioe
717 2718 828 2763 significat
852 2719 1012 2755 beatitudinem

167 2770 357 2815 eschaioioqicam.
374 2772 451 2807 Priore
465 2770 513 2810 ioco
526 2771 562 2806 hic
577 2770 688 2816 significat
702 2766 824 2808 secundum
839 2774 910 2809 Zcreli
926 2774 1012 2817 «largi-

159 2822 234 2858 tatem
248 2823 347 2858 divinam
360 2833 386 2859 ac
399 2823 576 2859 misericordiam
589 2822 705 2860 nobiscum
719 2834 761 2860 sua
774 2826 833 2861 bona
846 2827 1009 2862 communican-

164 2878 209 2912 tem
217 2889 236 2920 »,
249 2878 345 2913 secundo
356 2877 403 2913 1000
415 2878 493 2914 eadem
502 2879 561 2914 bona
572 2878 676 2923 largitate
690 2880 711 2915 et
722 2879 876 2916 misericordia
887 2882 927 2917 Dei
938 2882 1011 2917 nobis-

159 2940 214 2967 ·cum
226 2932 417 2976 communicanda,
430 2933 444 2968 i.
458 2942 475 2968 e.
489 2941 534 2967 non
543 2932 638 2977 gloriam
649 2934 767 2970 caelestem
778 2936 877 2980 praecise
889 2935 1009 2982 sumptam,

161 2986 204 3022 sed
218 2985 275 3021 bona
289 2986 374 3030 pratiae
388 2989 408 3022 et
421 2987 510 3031 pieriae.
