2214 3350
186 161 212 197 ao
295 161 349 196 Sect
364 161 380 195 1,
394 160 437 195 Art.
453 161 480 195 Π.
495 160 531 204 §2
546 159 603 202 Quid
615 142 698 194 natiua
709 158 774 203 lapsa
785 166 831 192 non
842 158 912 203 possit

170 261 273 312 >haheat
290 270 398 311 naturale
416 269 583 311 inclinatorium
601 270 624 310 et
641 269 761 320 quendam
778 267 918 310 instinctum
936 267 1031 308 natura-

183 335 234 376 lem
250 332 468 376 remurmurantem
485 334 565 375 contra
581 333 681 373 malum.
698 359 729 364 —u
745 334 766 383 c>
784 332 840 379 Ideo
856 332 891 373 est
906 331 975 373 tertia
991 331 1030 371 via

185 401 312 442 medium
334 401 422 448 tenens,
444 400 508 451 quod
529 410 572 438 nec
593 399 659 438 oraui
679 399 758 448 posset
778 396 902 454 tentationi
923 397 1030 453 resistere

182 467 283 517 propter
296 477 365 506 suam
379 463 557 506 instabilitatem
570 464 594 505 et
607 463 779 510 infirmitatem,
796 474 839 502 nec
853 473 947 503 necesse
956 462 1030 514 ‘habe-
1082 487 1084 489 -

183 531 224 572 :ret
239 530 306 570 curui
321 530 443 571 tentationi
460 528 620 568 succumbere.

181 657 240 710 Ιἰ51.
277 668 381 709 Thomas
393 667 479 713 iunior,
493 666 520 707 ln
533 666 546 707 2
560 666 582 706 d.
597 669 623 708 28
637 679 656 707 a.
670 667 789 716 &Homo
800 667 881 716 lapsus
894 677 942 706 non
955 663 1030 717 potest

185 734 268 774 omma
285 733 380 784 peccata
396 732 499 774 venialia
518 730 735 783 (semideliberata),
754 732 796 772 sed
813 730 890 782 potest
906 729 1029 781 peccatum

186 798 287 839 mortale
303 798 348 839 hoo
363 798 388 839 et
404 797 465 837 illud
481 797 505 837 et
521 796 593 837 etiam
609 796 698 845 omnia,
718 797 748 837 ad
766 796 862 847 tempus
878 796 901 836 et
919 796 968 844 diu,
987 806 1030 847 per

182 863 289 904 liberum
307 862 432 903 arbitrium
450 862 499 902 aine
516 861 594 912 gratia
612 861 746 913 (habituali)
765 861 848 910 vitare,
867 873 915 901 non
931 861 1029 912 quidem

186 929 215 968 de
232 926 304 975 facili,
322 928 349 968 ut
364 927 417 968 ante
433 927 555 977 peccatum
572 925 695 977 originale,
713 928 753 967 sed
771 925 902 967 difficulter.
923 927 968 966 «ln
985 926 1029 967 hoc

185 991 280 1032 errabat
299 992 410 1042 Peluqr'us
430 989 558 1032 aestimans
578 991 701 1032 hominem
722 991 827 1042 propriis
846 991 959 1041 operibus
970 990 1029 1031 ¹sine

185 1056 262 1107 gratia
276 1067 344 1106 posse
362 1067 385 1096 se
402 1068 416 1095 a
431 1055 533 1106 peccatis
547 1055 681 1106 praeteritis
691 1051 821 1097 absolvere
837 1055 1031 1095 satisfaciendo1.¹

184 1121 310 1161 Peccatum
323 1120 403 1161 autem
418 1119 615 1160 committendum
629 1121 704 1172 potest
714 1120 788 1161 homo
803 1120 878 1161 vitare
892 1120 963 1161 etiam
978 1120 1028 1160 sine

180 1185 268 1236 gratia,
286 1185 506 1236 quantumcumque
523 1185 548 1224 iu
565 1184 660 1235 peccato
676 1184 771 1225 mortali
789 1184 893 1233 exsistat
912 1185 931 1225 si
949 1184 1028 1225 tamen

180 1250 260 1301 gratia
276 1250 427 1301 intellegatur
444 1249 531 1301 aliquis
549 1249 644 1290 babitus
661 1249 756 1290 infusus
772 1251 796 1291 et
811 1260 861 1289 non
877 1249 929 1300 ipsa
946 1249 1028 1290 divina

185 1316 302 1362 uoluntas,
320 1326 363 1365 per
380 1326 452 1365 quam
469 1315 549 1355 omnia
566 1315 629 1355 heria
646 1315 774 1355 caueantur
791 1315 814 1355 et
830 1317 893 1355 maia
911 1315 1027 1365 repellun-

185 1381 231 1421 tur.
241 1393 251 1412 v>
270 1405 302 1410 —
319 1392 339 1420 a.
359 1383 384 1420 3:
408 1379 554 1431 «Praecepta
570 1379 631 1430 legi-s
648 1379 767 1430 quantum
784 1380 814 1420 ad
834 1379 873 1429 id,
893 1380 967 1430 quod
987 1380 1027 1420 di-

186 1444 260 1485 recte
282 1446 333 1485 sub
355 1444 507 1495 praecepto
526 1444 614 1493 cadit,
642 1444 718 1495 potest
745 1443 834 1495 aliquis
859 1444 959 1495 implere
985 1456 1028 1496 per

181 1509 289 1550 'liberum
302 1509 429 1550 arbitrium
445 1510 496 1549 siue
509 1509 585 1559 qratia
599 1509 672 1559 qratia
681 1509 742 1551 ,data
757 1510 795 1550 uel
808 1515 905 1560 oratam
918 1509 1025 1560 jaciente

181 1575 205 1614 ‘si
219 1575 298 1615 tamen
312 1573 388 1624 gratia
401 1574 532 1629 accipiatur
544 1585 589 1624 pro
602 1573 682 1624 aliquo
697 1574 780 1614 babitu
794 1575 884 1625 insuam
898 1573 1027 1625 sedzquan‘-

181 1639 237 1679 tum
253 1639 284 1679 ad
301 1637 491 1679 intentionem
507 1632 687 1689 legislatoris
704 1637 755 1679 sine
771 1633 961 1689 gratia'impuri
979 1651 1027 1680 non

184 1703 283 1753 possunt
299 1697 398 1744 ..Q'Sed
413 1705 433 1744 si
448 1703 524 1753 gratia
538 1714 583 1754 pro
597 1703 680 1744 diuina
695 1704 815 1744 uoluntate
829 1704 904 1754 gratis
918 1704 942 1744 in
958 1704 1033 1744 nohis*

183 1766 265 1808 omnia
278 1769 342 1808 bona
357 1768 468 1809 causante
482 1767 620 1818 accipiatur,
637 1767 693 1808 tunc
717 1799 752 1807 ...
770 1769 855 1809 neutro
869 1769 941 1809 modo
956 1769 1026 1810 homo

184 1834 234 1873 sine
249 1833 326 1883 gratia
340 1833 465 1883 praecepta
481 1832 580 1883 implere
596 1832 680 1883 catech
697 1833 720 1873 et
735 1833 787 1874 ideo
803 1832 914 1883 Pelaqr'us
930 1834 1024 1881 erravit,

184 1898 225 1948 qui
244 1898 383 1948 cinrplicc'ter
402 1897 498 1948 impleri
515 1898 642 1949 praecepta
659 1897 719 1947 legis
736 1908 803 1948 posse
824 1897 874 1939 sine
892 1898 969 1949 gratia
986 1895 1025 1949 po-

129 1982 131 1984 >
181 1962 251 2002 vcuit.»
262 1987 294 1992 -
302 1962 412 2003 Dubitari
422 1961 504 2013 potest,
516 1973 576 2002 num
586 1962 647 2003 illud
658 1954 783 2010 auxilium,
796 1963 860 2013 quod
871 1962 927 2003 tuno
938 1962 1026 2014 tempo-

185 2026 218 2066 ris
234 2027 364 2076 requisivit,
383 2027 414 2067 sit
429 2027 529 2077 speciale
547 2026 572 2065 in
589 2039 659 2068 sensu
677 2028 769 2068 nostrae
786 2027 867 2068 thesis.
885 2053 916 2057 —
933 2028 983 2068 Iam
1001 2028 1026 2067 in

184 2090 234 2140 00.
244 2090 311 2143 'diso
329 2092 358 2132 de
372 2083 421 2132 uer.
440 2084 699 2132 nurtavit'sententiam
716 2093 746 2132 de
762 2084 916 2142 possibilitate
934 2092 1026 2133 vitandi

184 2155 305 2205 paccatum
316 2156 415 2196 mortale
426 2156 476 2196 sine
486 2155 563 2207 gratia
572 2146 697 2211 habituali.
709 2158 736 2213 Q.
748 2160 774 2198 22
785 2169 805 2197 a.
818 2160 831 2198 5
843 2158 873 2198 ad
882 2160 904 2206 73
915 2170 937 2208 q.
946 2161 973 2198 24
984 2149 1025 2198 at

183 2220 214 2260 ad
229 2222 255 2259 10
267 2220 291 2260 et
305 2221 334 2261 ad
350 2224 375 2261 12
390 2221 468 2261 adhuc
483 2221 605 2272 triplicem,
619 2212 757 2271 opinionem
769 2223 888 2273 proponit
905 2224 945 2264 sed
959 2228 982 2274 q.
999 2225 1026 2264 24

180 2296 204 2328 a.
221 2287 246 2324 12
258 2296 287 2324 ex
300 2286 406 2335 professo
419 2285 444 2325 in
458 2287 519 2325 hanc
533 2297 583 2326 rem
598 2285 705 2337 inquirit.
721 2287 789 2327 Nunc
803 2287 921 2327 haeresim
935 2288 1026 2339 Pelagii

180 2348 244 2389 recte
261 2349 350 2390 indicat
366 2350 388 2391 et
405 2349 545 2391 catholicam
564 2350 646 2399 iidem,
665 2351 744 2392 media
761 2352 800 2392 via
817 2351 879 2391 inter
896 2352 1025 2392 contrarias

183 2415 291 2453 haereses
312 2415 467 2463 incedentem,
492 2415 605 2463 defendit,
629 2415 774 2457 ostendendo
797 2428 842 2467 per
863 2417 1024 2458 necessitatem

183 2478 296 2528 peccandi
314 2479 364 2518 siue
382 2480 458 2530 gratia
477 2479 611 2531 (habituali)
632 2491 679 2520 non
698 2479 749 2520 tolli
767 2480 871 2521 liberum
882 2481 1022 2522 arbitrium.

182 2543 218 2583 Er
243 2542 334 2593 abacta
359 2544 475 2593 passuras
502 2544 696 2585 deliberationem
714 2542 888 2596 ''praeveniente
915 2547 1025 2588 oriuntur

177 2607 277 2658 peccata
294 2608 402 2657 venialia,
420 2620 480 2659 quae
497 2620 544 2649 non
561 2610 660 2659 possunt
676 2608 754 2649 vitari.
773 2608 893 2650 Similiter
905 2612 975 2661 quasi
990 2624 1024 2651 rc.

181 2678 251 2722 pente
268 2683 297 2711 ea
312 2672 464 2713 inclinatione
480 2673 583 2722 liabitas,
601 2675 641 2715 aed
657 2686 706 2714 uon
722 2675 772 2715 siue
788 2675 831 2715 illa
847 2665 1022 2723 deliberatione,

182 2748 243 2788 quae
261 2735 347 2776 sufficit
363 2738 392 2776 ad
410 2736 513 2788 graviter
530 2738 685 2787 peccandum,
705 2739 775 2798 homo
799 2739 825 2778 in
850 2738 911 2795 statu
935 2736 1023 2790 peccati

249 2895 256 2914 1
274 2892 373 2927 Revera
387 2892 491 2936 Pelagius
505 2893 602 2937 gratiam
618 2877 755 2929 remissionis
769 2894 910 2939 peccatorum
927 2895 1026 2930 commis-

178 2950 256 2976 ·sorum
275 2942 408 2986 agnoscebat
428 2945 454 2987 (n.
473 2950 493 2981 n.
513 2941 552 2986 35).
1019 2942 1020 2945 ’
