2214 3350
189 134 225 192 210
324 157 378 192 secr.
394 157 421 192 Π.
437 157 482 192 Art.
498 157 525 193 Π.
541 158 571 192 ne
586 155 798 201 supernaturaurau
811 149 898 211 granas

188 266 272 306 ordine
288 266 386 315 physico
404 277 454 306 esse
470 266 521 307 eius
537 264 696 316 perfeetionis,
715 264 741 304 ut
758 262 851 304 interno
868 262 949 303 valore
965 263 1050 318 adae-'

189 328 263 379 quent
275 328 391 370 visionem
404 327 549 370 beatificam.
563 354 595 359 —
607 328 627 379 o)
644 327 742 368 Gratia
756 326 955 375 sanctificans,
972 320 1033 377 quae

138 387 140 390 ’
189 392 241 442 ipsa
264 392 315 432 sine
339 392 411 433 dubio
435 392 470 433 est
492 390 612 431 ent'tative
630 391 653 432 et
670 390 811 440 simpliciter
837 389 1030 440 supernaturalis,

189 455 227 495 his
251 456 350 504 actibus,
376 456 498 505 tamquam
528 453 664 494 ultimum
693 452 770 494 vitae
801 452 1033 504 supernaturalis

189 518 366 569 principium
390 529 454 568 quo,
480 515 602 567 propriam
626 516 876 567 supernaturalitatem
901 516 1033 557 eommuni-

189 582 233 622 oat.
250 582 310 622 Nam
324 582 377 632 ipsa
390 580 523 621 formaliter
537 579 606 620 efficit
619 580 725 630 aliquam
741 578 950 630 regenerationem,
966 590 1032 619 reno-

190 644 315 693 vationem,
336 655 423 684 novant
447 643 589 684 creationem
607 642 718 691 hominis,
745 654 844 693 eamque
868 643 961 683 ordinis
984 654 1033 683 non

190 718 254 747 mere
268 708 372 754 moralis7
387 708 428 747 sed
444 707 516 746 enam
527 706 628 757 physici,
643 706 667 747 et
681 705 714 746 sie
729 706 764 746 est
777 705 891 747 ultimum
906 706 1033 757 physicum

190 769 335 820 principium
353 780 398 820 quo
416 768 485 809 ist-ius
503 780 577 809 novae
595 769 657 810 vitae
675 764 862 822 supernaturalis
882 769 912 819 (v.
932 769 965 809 th.
986 770 1030 820 13).

190 832 343 883 Operationes
358 832 431 882 igitur
445 832 537 879 vitales,
555 844 615 882 quae
630 843 660 872 ex
675 832 719 872 hoo
735 832 854 883 principio
869 831 937 873 vitali
953 844 1033 883 prooe-

189 895 255 943 dunt,
277 890 326 935 sine
345 895 417 935 dubio
435 896 561 936 versantur
580 895 604 935 in
622 896 705 935 eodem
724 895 808 936 ordine
826 894 962 936 entitativae
980 907 1034 945 per

188 950 297 998 iectionis
313 958 383 1009 atque
401 959 480 1008 ipsum
498 958 644 1008 prineipiunr
661 956 740 1007 uitale,
759 959 774 997 i.
794 970 813 998 e.
833 959 858 998 in
875 958 959 998 ordine
977 959 1032 997 sim-

188 1020 283 1071 plioiter
298 1021 474 1071 supernaturali
490 1022 513 1061 et
528 1021 616 1061 divino.
634 1047 665 1051 -
680 1021 779 1061 Patres
795 1021 829 1061 ita
844 1021 964 1072 explicant
979 1033 1033 1061 eou-

189 1083 288 1124 sortium
305 1083 400 1125 divinae
418 1084 515 1124 naturae
533 1085 556 1124 et
572 1084 768 1124 inhabitationem
787 1085 811 1125 S.
832 1084 942 1135 Spiritus,
960 1085 986 1125 ut
1003 1096 1033 1124 ex

189 1146 339 1194 deificatione
355 1147 453 1187 naturae
470 1146 598 1197 sequantur
615 1147 696 1187 divina
712 1158 806 1197 quoque
823 1158 902 1197 opera3
920 1147 949 1186 oi.
968 1147 1033 1203 thgr)

177 1209 243 1259 ‚Cpr
260 1210 326 1249 nter.
342 1210 366 1251 et
380 1210 440 1260 naq.
460 1211 491 1261 (n.
509 1212 550 1251 275
565 1222 619 1251 oum
635 1211 692 1250 nota
706 1211 729 1251 et
744 1212 822 1262 280s);
838 1210 895 1251 item
912 1212 1033 1251 Thomas

129 1293 131 1296 ν
190 1284 290 1323 sequens
304 1274 482 1322 Areopopr'tom:
502 1273 610 1313 Essentia
623 1272 716 1313 animae
731 1274 756 1313 in
773 1275 893 1324 quoddam
907 1285 956 1315 esse
973 1272 1032 1314 divi-

182 1347 249 1375 num
268 1336 379 1384 elevat-ur,
400 1335 427 1375 ut
445 1336 532 1389 idonea
550 1336 626 1388 sit-ad
647 1336 739 1376 divinas
759 1336 913 1386 operationes.
934 1338 1031 1384 Natura,

189 1398 290 1439 affectus
301 1399 325 1438 et
335 1409 406 1448 oraora
419 1398 532 1453 elevanda
546 1399 606 1447 aunt,
620 1399 716 1439 utfinis
728 1399 916 1449 supernaturalis
928 1400 958 1440 sit
970 1410 1031 1439 eom-

189 1460 278 1513 petens,
296 1459 433 1511 appetibilis
453 1461 477 1501 et
498 1454 640 1511 attingiliilis
664 1462 702 1513 (ei.
721 1473 744 1501 n.
762 1465 803 1503 283
820 1463 848 1502 ln
864 1465 877 1503 2
894 1463 916 1503 et
931 1463 965 1502 De
982 1473 1030 1502 aer.

189 1524 340 1575 umam

125 1700 128 1704 ¹
188 1653 242 1693 301.
278 1656 298 1692 2.
320 1652 407 1693 Omnes
427 1652 502 1698 actus,
525 1651 612 1703 quiex
631 1650 750 1692 habitibus
770 1661 811 1702 per
830 1662 856 1691 se
874 1650 959 1691 infusis
979 1661 1030 1703 μοι

189 1717 298 1758 ueduata
323 1717 391 1757 Certo
409 1716 534 1757 virtutes
554 1715 732 1765 theologicae
753 1716 809 1756 sunt-
828 1715 929 1755 habitus.
944 1715 987 1766 per
1008 1726 1031 1756 se

189 1783 263 1822 infusi
284 1783 325 1833 (th.
347 1782 390 1832 13).
412 1781 473 1822 Sunt
491 1782 570 1822 autem
589 1781 685 1821 habitus
702 1781 812 1831 proxime
830 1781 951 1831 operatior,
973 1782 988 1820 i.
1010 1792 1029 1821 e.

188 1848 263 1888 direot
275 1847 388 1887 tendunt
400 1847 425 1886 in
437 1846 602 1897 producendos
614 1846 687 1887 aetus.
701 1846 773 1896 Atqui
787 1846 867 1886 nulla
880 1845 954 1887 ratio
965 1857 1032 1887 exco-

188 1913 258 1962 gitari
281 1912 363 1961 potest⁷
382 1922 425 1951 our
441 1911 499 1951 tales
516 1911 612 1951 habitus
635 1911 751 1951 diuinitus
774 1910 934 1950 infundantur
956 1913 979 1951 et
1002 1923 1031 1951 ex

187 1977 254 2027 parte
270 1977 342 2016 etiam
357 1967 446 2016 amissa
460 1974 537 2026 gratia
553 1974 716 2016 sanctificante
732 1976 847 2016 informes
863 1975 1033 2016 conserventur

184 2040 233 2091 „ltin
249 2041 292 2091 lt),
309 2041 355 2080 nisi
368 2042 433 2089 liaeo,
448 2040 478 2081 ut
491 2039 653 2080 inserviant
665 2040 820 2081 eliciendis
834 2039 946 2081 antibus
959 2040 1032 2080 enti-

188 2106 276 2146 tatire
291 2105 574 2156 supernaturalibus.
592 2106 653 2155 Ergo
668 2105 695 2145 et
709 2105 788 2145 aetus
804 2116 848 2155 ope
862 2106 948 2145 horum
964 2105 1032 2146 habi-

188 2170 257 2210 tuum
273 2171 382 2220 producti
399 2170 426 2210 et
442 2171 496 2221 ipsi
515 2170 632 2210 habit-us
649 2170 771 2220 tamquam
790 2181 872 2210 pausae
892 2170 1005 2221 supernat
1022 2196 1031 2202 -

187 2233 287 2275 ralitatis
300 2235 395 2275 actuum
408 2231 464 2275 sunt
475 2234 597 2275 entitative
608 2235 807 2285 supernaturales.
819 2261 850 2266 ——
862 2235 945 2275 Prot).
960 2236 1029 2274 min.

190 2300 230 2349 (uf.
251 2301 299 2350 arg.
320 2300 347 2350 l).
368 2300 435 2340 Mera
455 2300 536 2339 diuino
556 2291 684 2350 acceptorio
702 2300 848 2340 inlusionem
867 2299 964 2341 habitus
982 2311 1031 2340 non

187 2363 358 2404 rationabiliter
375 2365 401 2405 ut
417 2364 579 2405 condicionem
595 2364 791 2415 praerequireret.
809 2365 917 2416 Dipnz'lus
933 2365 1031 2405 morulis

187 2428 267 2478 potius
277 2430 386 2478 provenit
397 2441 426 2469 ex
438 2429 521 2470 habitu
534 2428 657 2469 entitativo
667 2430 757 2480 grat-iae
769 2428 947 2470 sanctificantis.
962 2429 1032 2470 Certa

187 2493 318 2541 interutras,
337 2495 428 2533 diuortio
444 2495 487 2535 ete.
506 2506 554 2534 non
570 2495 673 2544 erigitur
688 2495 717 2543 et,
736 2495 756 2534 si
771 2493 911 2545 exigeretur,
930 2496 976 2535 alia
992 2495 1032 2535 via

188 2559 321 2609 comparari
338 2560 416 2608 posset
435 2560 441 2609 (
457 2560 473 2599 t.
493 2570 516 2598 n.
535 2559 592 2609 298).
612 2558 749 2610 Difficultas
767 2570 831 2598 ruere
849 2560 946 2599 moralis
963 2559 1031 2600 actus

187 2634 258 2673 saepe
271 2634 319 2662 non
333 2624 367 2663 est
380 2623 452 2670 tauta,
468 2624 494 2664 ut
508 2634 555 2662 non
569 2623 644 2674 possit
657 2623 762 2673 potentia
776 2623 880 2664 naturali
895 2624 931 2664 vel
946 2623 1030 2665 habitu

187 2688 236 2728 sive
251 2687 367 2738 acquisito
382 2687 429 2728 sive
445 2699 487 2738 per
501 2687 610 2729 enuidens
625 2688 705 2728 infuso
720 2687 834 2739 superari.
852 2689 952 2738 Insuper
967 2689 1031 2730 theo

186 2751 235 2803 logi
249 2752 334 2793 donent
347 2753 441 2793 eosdem
455 2752 553 2793 habitus
566 2752 636 2793 etiam
652 2752 764 2803 angelis
776 2753 801 2794 et
813 2752 916 2803 primis
931 2765 1030 2804 peren-

249 2903 256 2923 1
273 2902 312 2937 Est
328 2902 418 2936 unicum
435 2901 597 2946 argumentum,
615 2902 673 2945 quod
690 2901 820 2937 Schiflinl
839 2900 867 2945 (n.
888 2901 929 2947 146)
947 2902 972 2936 ut
989 2901 1031 2937 effi-

187 2958 227 2985 oax
244 2949 346 2985 admittit.
