<?xml version="1.0" encoding="UTF-8"?>
<!DOCTYPE html PUBLIC "-//W3C//DTD XHTML 1.0 Transitional//EN"
    "http://www.w3.org/TR/xhtml1/DTD/xhtml1-transitional.dtd">
<html xmlns="http://www.w3.org/1999/xhtml" xml:lang="en" lang="en">
 <head>
  <title>
</title>
<meta http-equiv="Content-Type" content="text/html;charset=utf-8" />
  <meta name='ocr-system' content='tesseract 3.04.00' />
  <meta name='ocr-capabilities' content='ocr_page ocr_carea ocr_par ocr_line ocrx_word'/>
</head>
<body>
  <div class='ocr_page' id='page_1' title='image "./MN41637ucmf_2_0409.png"; bbox 0 0 2214 3350; ppageno 0'>
   <div class='ocr_carea' id='block_1_1' title="bbox 254 195 940 258">
    <p class='ocr_par' dir='ltr' id='par_1_1' title="bbox 254 195 940 258">
     <span class='ocr_line' id='line_1_1' title="bbox 254 195 940 258; baseline -0.007 -8"><span class='ocrx_word' id='word_1_1' title='bbox 254 215 331 250; x_wconf 86' lang='lat' dir='ltr'><strong>Thesis</strong></span> <span class='ocrx_word' id='word_1_2' title='bbox 347 214 375 251; x_wconf 85' lang='lat'><strong>18.</strong></span> <span class='ocrx_word' id='word_1_3' title='bbox 394 214 557 250; x_wconf 80' lang='lat' dir='ltr'><strong>illustrationes</strong></span> <span class='ocrx_word' id='word_1_4' title='bbox 574 215 594 249; x_wconf 88' lang='lat' dir='ltr'><strong>et</strong></span> <span class='ocrx_word' id='word_1_5' title='bbox 610 212 769 258; x_wconf 76' lang='lat' dir='ltr'><strong>inspirationes</strong></span> <span class='ocrx_word' id='word_1_6' title='bbox 874 195 876 198; x_wconf 29' lang='grc'><strong>”</strong></span> <span class='ocrx_word' id='word_1_7' title='bbox 903 209 940 246; x_wconf 85' lang='grc'><strong>375</strong></span> 
     </span>
    </p>
   </div>
   <div class='ocr_carea' id='block_1_2' title="bbox 64 320 939 1819">
    <p class='ocr_par' dir='ltr' id='par_1_2' title="bbox 64 320 939 1819">
     <span class='ocr_line' id='line_1_2' title="bbox 89 320 938 374; baseline -0.002 -11"><span class='ocrx_word' id='word_1_8' title='bbox 89 322 180 363; x_wconf 88' lang='lat' dir='ltr'><strong>tionem</strong></span> <span class='ocrx_word' id='word_1_9' title='bbox 200 321 223 362; x_wconf 93' lang='lat' dir='ltr'><strong>et</strong></span> <span class='ocrx_word' id='word_1_10' title='bbox 240 323 385 371; x_wconf 70' lang='lat' dir='ltr'><strong>aditionem,</strong></span> <span class='ocrx_word' id='word_1_11' title='bbox 406 334 467 374; x_wconf 85' lang='lat' dir='ltr'><strong>quae</strong></span> <span class='ocrx_word' id='word_1_12' title='bbox 484 322 616 362; x_wconf 89' lang='lat' dir='ltr'><strong>secundum</strong></span> <span class='ocrx_word' id='word_1_13' title='bbox 634 321 698 372; x_wconf 84' lang='lat' dir='ltr'><strong>leges</strong></span> <span class='ocrx_word' id='word_1_14' title='bbox 717 320 896 372; x_wconf 79' lang='lat' dir='ltr'><strong>psychologicas</strong></span> <span class='ocrx_word' id='word_1_15' title='bbox 914 320 938 361; x_wconf 88' lang='lat' dir='ltr'><strong>et</strong></span> 
     </span>
     <span class='ocr_line' id='line_1_3' title="bbox 90 382 938 436; baseline -0.004 -11"><span class='ocrx_word' id='word_1_16' title='bbox 90 396 134 436; x_wconf 85' lang='lat' dir='ltr'><strong>per</strong></span> <span class='ocrx_word' id='word_1_17' title='bbox 150 384 214 426; x_wconf 83' lang='lat' dir='ltr'><strong>uires</strong></span> <span class='ocrx_word' id='word_1_18' title='bbox 234 386 332 427; x_wconf 87' lang='lat' dir='ltr'><strong>naturae</strong></span> <span class='ocrx_word' id='word_1_19' title='bbox 356 386 504 427; x_wconf 69' lang='lat' dir='ltr'><strong>auditionem</strong></span> <span class='ocrx_word' id='word_1_20' title='bbox 528 383 607 424; x_wconf 89' lang='lat' dir='ltr'><strong>nuntii</strong></span> <span class='ocrx_word' id='word_1_21' title='bbox 634 383 745 424; x_wconf 88' lang='lat' dir='ltr'><strong>salutaris</strong></span> <span class='ocrx_word' id='word_1_22' title='bbox 763 384 896 433; x_wconf 87' lang='lat' dir='ltr'><strong>sequuntur</strong></span> <span class='ocrx_word' id='word_1_23' title='bbox 914 382 938 424; x_wconf 92' lang='lat' dir='ltr'><strong>et</strong></span> 
     </span>
     <span class='ocr_line' id='line_1_4' title="bbox 88 444 935 499; baseline -0.005 -10"><span class='ocrx_word' id='word_1_24' title='bbox 88 447 157 498; x_wconf 87' lang='lat' dir='ltr'><strong>sequi</strong></span> <span class='ocrx_word' id='word_1_25' title='bbox 169 448 275 498; x_wconf 86' lang='lat' dir='ltr'><strong>possunt.</strong></span> <span class='ocrx_word' id='word_1_26' title='bbox 288 449 371 490; x_wconf 84' lang='lat' dir='ltr'><strong>Potius</strong></span> <span class='ocrx_word' id='word_1_27' title='bbox 383 447 513 499; x_wconf 70' lang='lat' dir='ltr'><strong>requiritur</strong></span> <span class='ocrx_word' id='word_1_28' title='bbox 524 448 619 487; x_wconf 79' lang='lat' dir='ltr'><strong>interno</strong></span> <span class='ocrx_word' id='word_1_29' title='bbox 632 446 716 488; x_wconf 88' lang='lat' dir='ltr'><strong>tractio</strong></span> <span class='ocrx_word' id='word_1_30' title='bbox 727 458 757 487; x_wconf 77' lang='lat' dir='ltr'><strong>eir</strong></span> <span class='ocrx_word' id='word_1_31' title='bbox 770 447 836 497; x_wconf 84' lang='lat' dir='ltr'><strong>parte</strong></span> <span class='ocrx_word' id='word_1_32' title='bbox 850 444 935 487; x_wconf 86' lang='lat' dir='ltr'><strong>Patris.</strong></span> 
     </span>
     <span class='ocr_line' id='line_1_5' title="bbox 90 509 937 563; baseline -0.002 -12"><span class='ocrx_word' id='word_1_33' title='bbox 90 512 150 551; x_wconf 83' lang='lat' dir='ltr'><strong>Eam</strong></span> <span class='ocrx_word' id='word_1_34' title='bbox 165 510 274 551; x_wconf 82' lang='lat' dir='ltr'><strong>Christus</strong></span> <span class='ocrx_word' id='word_1_35' title='bbox 286 513 389 563; x_wconf 79' lang='lat' dir='ltr'><strong>explicat</strong></span> <span class='ocrx_word' id='word_1_36' title='bbox 403 525 425 553; x_wconf 83' lang='grc'><strong>1,</strong></span> <span class='ocrx_word' id='word_1_37' title='bbox 443 514 482 552; x_wconf 82' lang='lat'><strong>45:</strong></span> <span class='ocrx_word' id='word_1_38' title='bbox 505 511 565 551; x_wconf 71' lang='lat' dir='ltr'><strong>«Est</strong></span> <span class='ocrx_word' id='word_1_39' title='bbox 580 509 695 560; x_wconf 87' lang='lat' dir='ltr'><strong>scriptum</strong></span> <span class='ocrx_word' id='word_1_40' title='bbox 712 510 738 549; x_wconf 90' lang='grc'><strong>111</strong></span> <span class='ocrx_word' id='word_1_41' title='bbox 753 509 887 560; x_wconf 89' lang='lat' dir='ltr'><strong>prophetis:</strong></span> <span class='ocrx_word' id='word_1_42' title='bbox 907 509 937 549; x_wconf 84' lang='lat' dir='ltr'><strong>Et</strong></span> 
     </span>
     <span class='ocr_line' id='line_1_6' title="bbox 86 572 937 633; baseline -0.002 -20"><span class='ocrx_word' id='word_1_43' title='bbox 86 573 367 616; x_wconf 86' lang='lat' dir='ltr'><strong>eruntomnesdocibiles</strong></span> <span class='ocrx_word' id='word_1_44' title='bbox 377 575 419 615; x_wconf 90' lang='lat' dir='ltr'><strong>Dei</strong></span> <span class='ocrx_word' id='word_1_45' title='bbox 431 574 546 633; x_wconf 76' lang='grc' dir='ltr'><strong><em>[διδακτοὶ</em></strong></span> <span class='ocrx_word' id='word_1_46' title='bbox 558 574 619 615; x_wconf 76' lang='grc' dir='ltr'><em>θεοῦ</em></span> <span class='ocrx_word' id='word_1_47' title='bbox 631 572 731 613; x_wconf 86' lang='lat' dir='ltr'><strong>-docti</strong></span> <span class='ocrx_word' id='word_1_48' title='bbox 742 584 757 613; x_wconf 87' lang='lat' dir='ltr'><strong>a</strong></span> <span class='ocrx_word' id='word_1_49' title='bbox 766 572 833 631; x_wconf 89' lang='lat' dir='ltr'><strong>Deo].</strong></span> <span class='ocrx_word' id='word_1_50' title='bbox 846 572 937 618; x_wconf 88' lang='lat' dir='ltr'><strong>Omnis,</strong></span> 
     </span>
     <span class='ocr_line' id='line_1_7' title="bbox 91 634 939 687; baseline -0.002 -11"><span class='ocrx_word' id='word_1_51' title='bbox 91 636 133 687; x_wconf 87' lang='lat' dir='ltr'><strong>qui</strong></span> <span class='ocrx_word' id='word_1_52' title='bbox 145 636 237 678; x_wconf 78' lang='lat' dir='ltr'><strong>audiuit</strong></span> <span class='ocrx_word' id='word_1_53' title='bbox 247 649 262 678; x_wconf 90' lang='lat' dir='ltr'><strong>a</strong></span> <span class='ocrx_word' id='word_1_54' title='bbox 272 638 341 678; x_wconf 89' lang='lat' dir='ltr'><strong>Patre</strong></span> <span class='ocrx_word' id='word_1_55' title='bbox 353 638 376 679; x_wconf 88' lang='lat' dir='ltr'><strong>et</strong></span> <span class='ocrx_word' id='word_1_56' title='bbox 387 638 477 686; x_wconf 86' lang='lat' dir='ltr'><strong>didicit,</strong></span> <span class='ocrx_word' id='word_1_57' title='bbox 491 636 557 679; x_wconf 80' lang='lat' dir='ltr'><strong>venit</strong></span> <span class='ocrx_word' id='word_1_58' title='bbox 568 637 599 677; x_wconf 87' lang='lat' dir='ltr'><strong>ad</strong></span> <span class='ocrx_word' id='word_1_59' title='bbox 611 647 657 676; x_wconf 87' lang='lat' dir='ltr'><strong>me.</strong></span> <span class='ocrx_word' id='word_1_60' title='bbox 668 653 677 672; x_wconf 72' lang='grc'><strong>1</strong></span> <span class='ocrx_word' id='word_1_61' title='bbox 691 661 723 666; x_wconf 83' lang='lat'><em>-</em></span> <span class='ocrx_word' id='word_1_62' title='bbox 734 637 797 686; x_wconf 81' lang='lat' dir='ltr'><strong>Ergo</strong></span> <span class='ocrx_word' id='word_1_63' title='bbox 808 634 855 676; x_wconf 87' lang='lat' dir='ltr'><strong>nisi</strong></span> <span class='ocrx_word' id='word_1_64' title='bbox 866 635 939 675; x_wconf 90' lang='lat' dir='ltr'><strong>homo</strong></span> 
     </span>
     <span class='ocr_line' id='line_1_8' title="bbox 91 697 939 751; baseline -0.001 -12"><span class='ocrx_word' id='word_1_65' title='bbox 91 699 182 740; x_wconf 84' lang='lat' dir='ltr'><strong>interne</strong></span> <span class='ocrx_word' id='word_1_66' title='bbox 200 700 267 740; x_wconf 90' lang='lat' dir='ltr'><strong>audit</strong></span> <span class='ocrx_word' id='word_1_67' title='bbox 283 701 360 741; x_wconf 89' lang='lat' dir='ltr'><strong>Deum</strong></span> <span class='ocrx_word' id='word_1_68' title='bbox 378 701 423 741; x_wconf 90' lang='lat' dir='ltr'><strong>sibi</strong></span> <span class='ocrx_word' id='word_1_69' title='bbox 440 699 585 751; x_wconf 86' lang='lat' dir='ltr'><strong>loquentem,</strong></span> <span class='ocrx_word' id='word_1_70' title='bbox 606 710 629 740; x_wconf 90' lang='lat' dir='ltr'><strong>se</strong></span> <span class='ocrx_word' id='word_1_71' title='bbox 648 699 779 747; x_wconf 88' lang='lat' dir='ltr'><strong>docentem,</strong></span> <span class='ocrx_word' id='word_1_72' title='bbox 796 708 845 739; x_wconf 89' lang='lat' dir='ltr'><strong>non</strong></span> <span class='ocrx_word' id='word_1_73' title='bbox 862 697 939 749; x_wconf 90' lang='lat' dir='ltr'><strong>potest</strong></span> 
     </span>
     <span class='ocr_line' id='line_1_9' title="bbox 88 754 937 812; baseline -0.004 -9"><span class='ocrx_word' id='word_1_74' title='bbox 88 763 187 811; x_wconf 87' lang='lat' dir='ltr'><strong>discere,</strong></span> <span class='ocrx_word' id='word_1_75' title='bbox 200 764 215 804; x_wconf 90' lang='lat' dir='ltr'><strong>i.</strong></span> <span class='ocrx_word' id='word_1_76' title='bbox 229 774 248 803; x_wconf 87' lang='lat' dir='ltr'><strong>e.</strong></span> <span class='ocrx_word' id='word_1_77' title='bbox 263 764 364 804; x_wconf 86' lang='lat' dir='ltr'><strong>credere.</strong></span> <span class='ocrx_word' id='word_1_78' title='bbox 379 764 422 805; x_wconf 89' lang='lat' dir='ltr'><strong>Hic</strong></span> <span class='ocrx_word' id='word_1_79' title='bbox 435 765 504 804; x_wconf 84' lang='lat' dir='ltr'><strong>obuio</strong></span> <span class='ocrx_word' id='word_1_80' title='bbox 517 774 589 803; x_wconf 79' lang='lat' dir='ltr'><strong>sensu</strong></span> <span class='ocrx_word' id='word_1_81' title='bbox 602 761 746 803; x_wconf 71' lang='lat' dir='ltr'><strong>describitur</strong></span> <span class='ocrx_word' id='word_1_82' title='bbox 758 754 848 812; x_wconf 87' lang='lat' dir='ltr'><strong>aliquis</strong></span> <span class='ocrx_word' id='word_1_83' title='bbox 860 767 937 801; x_wconf 82' lang='lat' dir='ltr'><strong>actuu-</strong></span> 
     </span>
     <span class='ocr_line' id='line_1_10' title="bbox 89 823 936 876; baseline -0.002 -11"><span class='ocrx_word' id='word_1_84' title='bbox 89 826 120 870; x_wconf 81' lang='lat' dir='ltr'><strong>iis</strong></span> <span class='ocrx_word' id='word_1_85' title='bbox 136 826 243 876; x_wconf 71' lang='lat' dir='ltr'><strong>influxus</strong></span> <span class='ocrx_word' id='word_1_86' title='bbox 259 827 310 875; x_wconf 90' lang='lat' dir='ltr'><strong>Dei,</strong></span> <span class='ocrx_word' id='word_1_87' title='bbox 328 826 437 867; x_wconf 88' lang='lat' dir='ltr'><strong>internus</strong></span> <span class='ocrx_word' id='word_1_88' title='bbox 451 826 475 867; x_wconf 90' lang='lat' dir='ltr'><strong>et</strong></span> <span class='ocrx_word' id='word_1_89' title='bbox 488 825 613 876; x_wconf 84' lang='lat' dir='ltr'><strong>gratuitus,</strong></span> <span class='ocrx_word' id='word_1_90' title='bbox 638 836 684 875; x_wconf 89' lang='lat' dir='ltr'><strong>quo</strong></span> <span class='ocrx_word' id='word_1_91' title='bbox 709 825 780 866; x_wconf 86' lang='lat' dir='ltr'><strong>horno</strong></span> <span class='ocrx_word' id='word_1_92' title='bbox 805 823 936 865; x_wconf 84' lang='lat' dir='ltr'><strong>necessario</strong></span> 
     </span>
     <span class='ocr_line' id='line_1_11' title="bbox 88 886 937 938; baseline -0.001 -10"><span class='ocrx_word' id='word_1_93' title='bbox 88 888 209 929; x_wconf 75' lang='lat' dir='ltr'><strong>iurandus</strong></span> <span class='ocrx_word' id='word_1_94' title='bbox 223 888 264 938; x_wconf 86' lang='lat' dir='ltr'><strong>est,</strong></span> <span class='ocrx_word' id='word_1_95' title='bbox 280 890 307 930; x_wconf 92' lang='lat' dir='ltr'><strong>ut</strong></span> <span class='ocrx_word' id='word_1_96' title='bbox 320 889 431 931; x_wconf 78' lang='lat' dir='ltr'><strong>ueritates</strong></span> <span class='ocrx_word' id='word_1_97' title='bbox 444 901 459 930; x_wconf 92' lang='lat' dir='ltr'><strong>a</strong></span> <span class='ocrx_word' id='word_1_98' title='bbox 474 889 569 930; x_wconf 83' lang='lat' dir='ltr'><strong>Christo</strong></span> <span class='ocrx_word' id='word_1_99' title='bbox 582 888 705 936; x_wconf 87' lang='lat' dir='ltr'><strong>revelatas,</strong></span> <span class='ocrx_word' id='word_1_100' title='bbox 723 888 785 929; x_wconf 88' lang='lat' dir='ltr'><strong>sicut</strong></span> <span class='ocrx_word' id='word_1_101' title='bbox 799 886 891 937; x_wconf 82' lang='lat' dir='ltr'><strong>oportet</strong></span> <span class='ocrx_word' id='word_1_102' title='bbox 905 887 937 928; x_wconf 85' lang='lat' dir='ltr'><strong>ad</strong></span> 
     </span>
     <span class='ocr_line' id='line_1_12' title="bbox 88 949 936 1003; baseline -0.001 -12"><span class='ocrx_word' id='word_1_103' title='bbox 88 951 198 1000; x_wconf 86' lang='lat' dir='ltr'><strong>salutem,</strong></span> <span class='ocrx_word' id='word_1_104' title='bbox 224 963 322 993; x_wconf 84' lang='lat' dir='ltr'><strong>assensu</strong></span> <span class='ocrx_word' id='word_1_105' title='bbox 345 952 403 993; x_wconf 79' lang='lat' dir='ltr'><strong>fidei</strong></span> <span class='ocrx_word' id='word_1_106' title='bbox 427 952 591 1003; x_wconf 68' lang='lat' dir='ltr'><strong>amplectatur,</strong></span> <span class='ocrx_word' id='word_1_107' title='bbox 612 954 627 992; x_wconf 90' lang='lat' dir='ltr'><strong>i.</strong></span> <span class='ocrx_word' id='word_1_108' title='bbox 648 963 667 992; x_wconf 84' lang='lat' dir='ltr'><strong>e.</strong></span> <span class='ocrx_word' id='word_1_109' title='bbox 688 950 833 991; x_wconf 82' lang='lat' dir='ltr'><strong>describitur</strong></span> <span class='ocrx_word' id='word_1_110' title='bbox 854 949 936 1000; x_wconf 89' lang='lat' dir='ltr'><strong>aliqua</strong></span> 
     </span>
     <span class='ocr_line' id='line_1_13' title="bbox 89 1012 936 1066; baseline -0.001 -12"><span class='ocrx_word' id='word_1_111' title='bbox 89 1014 183 1055; x_wconf 86' lang='lat' dir='ltr'><strong>interna</strong></span> <span class='ocrx_word' id='word_1_112' title='bbox 193 1014 216 1055; x_wconf 90' lang='lat' dir='ltr'><strong>et</strong></span> <span class='ocrx_word' id='word_1_113' title='bbox 227 1014 417 1065; x_wconf 88' lang='lat' dir='ltr'><strong>supernaturalis</strong></span> <span class='ocrx_word' id='word_1_114' title='bbox 426 1014 503 1066; x_wconf 80' lang='lat' dir='ltr'><strong>gratia</strong></span> <span class='ocrx_word' id='word_1_115' title='bbox 514 1014 620 1063; x_wconf 85' lang='lat' dir='ltr'><strong>actualis,</strong></span> <span class='ocrx_word' id='word_1_116' title='bbox 634 1026 682 1066; x_wconf 87' lang='lat' dir='ltr'><strong>qua</strong></span> <span class='ocrx_word' id='word_1_117' title='bbox 693 1014 733 1055; x_wconf 89' lang='lat' dir='ltr'><strong>via</strong></span> <span class='ocrx_word' id='word_1_118' title='bbox 745 1013 830 1055; x_wconf 88' lang='lat' dir='ltr'><strong>salutis</strong></span> <span class='ocrx_word' id='word_1_119' title='bbox 841 1012 936 1053; x_wconf 79' lang='lat' dir='ltr'><strong>inchoa</strong></span> 
     </span>
     <span class='ocr_line' id='line_1_14' title="bbox 89 1075 937 1128; baseline -0.001 -11"><span class='ocrx_word' id='word_1_120' title='bbox 89 1077 136 1118; x_wconf 88' lang='lat' dir='ltr'><strong>tur.</strong></span> <span class='ocrx_word' id='word_1_121' title='bbox 154 1103 186 1108; x_wconf 81' lang='lat'>—</span> <span class='ocrx_word' id='word_1_122' title='bbox 204 1079 226 1118; x_wconf 86' lang='lat' dir='ltr'><strong>Is</strong></span> <span class='ocrx_word' id='word_1_123' title='bbox 243 1080 278 1126; x_wconf 83' lang='lat'><strong>54,</strong></span> <span class='ocrx_word' id='word_1_124' title='bbox 298 1080 332 1126; x_wconf 88' lang='lat'><strong>13,</strong></span> <span class='ocrx_word' id='word_1_125' title='bbox 352 1078 470 1128; x_wconf 81' lang='lat' dir='ltr'><strong>adquam</strong></span> <span class='ocrx_word' id='word_1_126' title='bbox 489 1077 580 1118; x_wconf 81' lang='lat' dir='ltr'><strong>textum</strong></span> <span class='ocrx_word' id='word_1_127' title='bbox 599 1078 717 1118; x_wconf 84' lang='lat' dir='ltr'><strong>Dominus</strong></span> <span class='ocrx_word' id='word_1_128' title='bbox 735 1077 855 1127; x_wconf 87' lang='lat' dir='ltr'><strong>provocat,</strong></span> <span class='ocrx_word' id='word_1_129' title='bbox 876 1075 937 1116; x_wconf 87' lang='lat' dir='ltr'><strong>sicut</strong></span> 
     </span>
     <span class='ocr_line' id='line_1_15' title="bbox 89 1139 935 1191; baseline 0 -11"><span class='ocrx_word' id='word_1_130' title='bbox 89 1141 126 1180; x_wconf 91' lang='lat' dir='ltr'><strong>Ier</strong></span> <span class='ocrx_word' id='word_1_131' title='bbox 139 1143 173 1188; x_wconf 86' lang='lat'><strong>31,</strong></span> <span class='ocrx_word' id='word_1_132' title='bbox 188 1143 222 1188; x_wconf 80' lang='lat'><strong>34,</strong></span> <span class='ocrx_word' id='word_1_133' title='bbox 239 1140 306 1181; x_wconf 90' lang='lat' dir='ltr'><strong>docet</strong></span> <span class='ocrx_word' id='word_1_134' title='bbox 320 1139 466 1191; x_wconf 73' lang='lat' dir='ltr'><strong>peculiarem</strong></span> <span class='ocrx_word' id='word_1_135' title='bbox 479 1140 669 1191; x_wconf 80' lang='lat' dir='ltr'><strong>praerogativam</strong></span> <span class='ocrx_word' id='word_1_136' title='bbox 683 1140 743 1181; x_wconf 90' lang='lat' dir='ltr'><strong>Novi</strong></span> <span class='ocrx_word' id='word_1_137' title='bbox 758 1139 870 1180; x_wconf 78' lang='lat' dir='ltr'><strong>Foederis</strong></span> <span class='ocrx_word' id='word_1_138' title='bbox 884 1141 935 1180; x_wconf 86' lang='lat' dir='ltr'><strong>iore</strong></span> 
     </span>
     <span class='ocr_line' id='line_1_16' title="bbox 64 1202 935 1254; baseline 0 -12"><span class='ocrx_word' id='word_1_139' title='bbox 64 1221 66 1227; x_wconf 43' lang='grc' dir='ltr'><em>ν</em></span> <span class='ocrx_word' id='word_1_140' title='bbox 89 1203 210 1243; x_wconf 88' lang='lat' dir='ltr'><strong>internum</strong></span> <span class='ocrx_word' id='word_1_141' title='bbox 227 1203 349 1254; x_wconf 87' lang='lat' dir='ltr'><strong>quoddam</strong></span> <span class='ocrx_word' id='word_1_142' title='bbox 372 1203 414 1243; x_wconf 91' lang='lat' dir='ltr'><strong>Dei</strong></span> <span class='ocrx_word' id='word_1_143' title='bbox 438 1202 610 1254; x_wconf 80' lang='lat' dir='ltr'><strong>magisterium.</strong></span> <span class='ocrx_word' id='word_1_144' title='bbox 634 1229 665 1234; x_wconf 88' lang='lat'><strong>—-</strong></span> <span class='ocrx_word' id='word_1_145' title='bbox 687 1207 699 1244; x_wconf 93' lang='lat'><strong>1</strong></span> <span class='ocrx_word' id='word_1_146' title='bbox 718 1203 764 1244; x_wconf 84' lang='lat' dir='ltr'><strong>Cor</strong></span> <span class='ocrx_word' id='word_1_147' title='bbox 779 1205 800 1251; x_wconf 82' lang='lat'><strong>3,</strong></span> <span class='ocrx_word' id='word_1_148' title='bbox 818 1205 844 1244; x_wconf 80' lang='lat'><strong>7:</strong></span> <span class='ocrx_word' id='word_1_149' title='bbox 868 1220 878 1239; x_wconf 83' lang='grc'>«</span> <span class='ocrx_word' id='word_1_150' title='bbox 886 1203 935 1253; x_wconf 80' lang='lat' dir='ltr'><strong>Ego</strong></span> 
     </span>
     <span class='ocr_line' id='line_1_17' title="bbox 88 1265 936 1316; baseline 0 -11"><span class='ocrx_word' id='word_1_151' title='bbox 88 1265 203 1316; x_wconf 82' lang='lat' dir='ltr'><strong>plantavi,</strong></span> <span class='ocrx_word' id='word_1_152' title='bbox 220 1265 305 1316; x_wconf 78' lang='lat' dir='ltr'><strong>Apollo</strong></span> <span class='ocrx_word' id='word_1_153' title='bbox 325 1265 419 1316; x_wconf 81' lang='lat' dir='ltr'><strong>rigavit,</strong></span> <span class='ocrx_word' id='word_1_154' title='bbox 441 1266 482 1306; x_wconf 90' lang='lat' dir='ltr'><strong>sed</strong></span> <span class='ocrx_word' id='word_1_155' title='bbox 501 1267 565 1306; x_wconf 89' lang='lat' dir='ltr'><strong>Deus</strong></span> <span class='ocrx_word' id='word_1_156' title='bbox 583 1266 757 1307; x_wconf 87' lang='lat' dir='ltr'><strong>incrementum</strong></span> <span class='ocrx_word' id='word_1_157' title='bbox 777 1265 869 1306; x_wconf 73' lang='lat' dir='ltr'><strong>dedit.»</strong></span> <span class='ocrx_word' id='word_1_158' title='bbox 891 1266 936 1305; x_wconf 80' lang='lat' dir='ltr'><strong>Ex-</strong></span> 
     </span>
     <span class='ocr_line' id='line_1_18' title="bbox 88 1328 935 1379; baseline -0.001 -11"><span class='ocrx_word' id='word_1_159' title='bbox 88 1329 168 1369; x_wconf 89' lang='lat' dir='ltr'><strong>ternae</strong></span> <span class='ocrx_word' id='word_1_160' title='bbox 190 1328 323 1379; x_wconf 85' lang='lat' dir='ltr'><strong>operationi</strong></span> <span class='ocrx_word' id='word_1_161' title='bbox 346 1329 473 1369; x_wconf 90' lang='lat' dir='ltr'><strong>hominum</strong></span> <span class='ocrx_word' id='word_1_162' title='bbox 496 1328 625 1379; x_wconf 85' lang='lat' dir='ltr'><strong>opponitur</strong></span> <span class='ocrx_word' id='word_1_163' title='bbox 645 1328 740 1369; x_wconf 86' lang='lat' dir='ltr'><strong>interna</strong></span> <span class='ocrx_word' id='word_1_164' title='bbox 762 1328 868 1378; x_wconf 85' lang='lat' dir='ltr'><strong>operatio</strong></span> <span class='ocrx_word' id='word_1_165' title='bbox 892 1328 935 1368; x_wconf 91' lang='lat' dir='ltr'><strong>Dei</strong></span> 
     </span>
     <span class='ocr_line' id='line_1_19' title="bbox 86 1390 937 1447; baseline -0.002 -14"><span class='ocrx_word' id='word_1_166' title='bbox 86 1391 110 1447; x_wconf 83' lang='grc' dir='ltr'><strong>(ὁ</strong></span> <span class='ocrx_word' id='word_1_167' title='bbox 125 1390 234 1442; x_wconf 71' lang='grc' dir='ltr'><em>αὐξάνων</em></span> <span class='ocrx_word' id='word_1_168' title='bbox 247 1391 319 1446; x_wconf 73' lang='grc' dir='ltr'><strong>θεός),</strong></span> <span class='ocrx_word' id='word_1_169' title='bbox 338 1403 398 1442; x_wconf 85' lang='lat' dir='ltr'><strong>quae</strong></span> <span class='ocrx_word' id='word_1_170' title='bbox 413 1391 449 1432; x_wconf 87' lang='lat' dir='ltr'><strong>est</strong></span> <span class='ocrx_word' id='word_1_171' title='bbox 462 1391 569 1432; x_wconf 89' lang='lat' dir='ltr'><strong>absolute</strong></span> <span class='ocrx_word' id='word_1_172' title='bbox 583 1392 723 1439; x_wconf 87' lang='lat' dir='ltr'><strong>necessaria,</strong></span> <span class='ocrx_word' id='word_1_173' title='bbox 739 1392 767 1432; x_wconf 91' lang='lat' dir='ltr'><strong>ut</strong></span> <span class='ocrx_word' id='word_1_174' title='bbox 782 1390 899 1432; x_wconf 84' lang='lat' dir='ltr'><strong>Corinthii</strong></span> <span class='ocrx_word' id='word_1_175' title='bbox 914 1390 937 1431; x_wconf 90' lang='lat' dir='ltr'><strong>et</strong></span> 
     </span>
     <span class='ocr_line' id='line_1_20' title="bbox 87 1453 935 1506; baseline -0.002 -11"><span class='ocrx_word' id='word_1_176' title='bbox 87 1455 187 1495; x_wconf 89' lang='lat' dir='ltr'><strong>credant</strong></span> <span class='ocrx_word' id='word_1_177' title='bbox 204 1454 227 1496; x_wconf 91' lang='lat' dir='ltr'><strong>et</strong></span> <span class='ocrx_word' id='word_1_178' title='bbox 242 1455 371 1495; x_wconf 89' lang='lat' dir='ltr'><strong>oboediant</strong></span> <span class='ocrx_word' id='word_1_179' title='bbox 392 1454 514 1505; x_wconf 79' lang='lat' dir='ltr'><strong>evangelio</strong></span> <span class='ocrx_word' id='word_1_180' title='bbox 542 1455 580 1506; x_wconf 85' lang='lat' dir='ltr'><strong>(ci.</strong></span> <span class='ocrx_word' id='word_1_181' title='bbox 600 1455 677 1495; x_wconf 81' lang='lat' dir='ltr'><strong>Palm.</strong></span> <span class='ocrx_word' id='word_1_182' title='bbox 697 1467 721 1506; x_wconf 87' lang='lat' dir='ltr'><strong>p.</strong></span> <span class='ocrx_word' id='word_1_183' title='bbox 740 1453 786 1505; x_wconf 81' lang='lat'>29).</span> <span class='ocrx_word' id='word_1_184' title='bbox 811 1453 935 1494; x_wconf 82' lang='lat' dir='ltr'><strong>Eiusmodi</strong></span> 
     </span>
     <span class='ocr_line' id='line_1_21' title="bbox 87 1517 935 1568; baseline -0.001 -10"><span class='ocrx_word' id='word_1_185' title='bbox 87 1517 192 1568; x_wconf 88' lang='lat' dir='ltr'><strong>operatio</strong></span> <span class='ocrx_word' id='word_1_186' title='bbox 207 1518 290 1558; x_wconf 86' lang='lat' dir='ltr'><strong>divina</strong></span> <span class='ocrx_word' id='word_1_187' title='bbox 305 1517 461 1567; x_wconf 88' lang='lat' dir='ltr'><strong>supponenda</strong></span> <span class='ocrx_word' id='word_1_188' title='bbox 475 1518 510 1558; x_wconf 89' lang='lat' dir='ltr'><strong>est</strong></span> <span class='ocrx_word' id='word_1_189' title='bbox 524 1517 650 1558; x_wconf 76' lang='lat' dir='ltr'><strong>consistere</strong></span> <span class='ocrx_word' id='word_1_190' title='bbox 663 1518 689 1557; x_wconf 91' lang='lat' dir='ltr'><strong>in</strong></span> <span class='ocrx_word' id='word_1_191' title='bbox 704 1517 856 1558; x_wconf 81' lang='lat' dir='ltr'><strong>conferendis</strong></span> <span class='ocrx_word' id='word_1_192' title='bbox 869 1517 935 1558; x_wconf 80' lang='lat' dir='ltr'><strong>auxi-</strong></span> 
     </span>
     <span class='ocr_line' id='line_1_22' title="bbox 87 1576 935 1631; baseline 0 -11"><span class='ocrx_word' id='word_1_193' title='bbox 87 1580 128 1620; x_wconf 89' lang='lat' dir='ltr'><strong>liis</strong></span> <span class='ocrx_word' id='word_1_194' title='bbox 143 1577 282 1620; x_wconf 75' lang='lat' dir='ltr'><strong>actualibus.</strong></span> <span class='ocrx_word' id='word_1_195' title='bbox 299 1606 331 1611; x_wconf 84' lang='lat'>—</span> <span class='ocrx_word' id='word_1_196' title='bbox 345 1580 389 1620; x_wconf 89' lang='lat' dir='ltr'><strong>Act</strong></span> <span class='ocrx_word' id='word_1_197' title='bbox 404 1583 437 1628; x_wconf 83' lang='grc'><strong>16,</strong></span> <span class='ocrx_word' id='word_1_198' title='bbox 447 1582 485 1621; x_wconf 75' lang='grc' dir='ltr'><strong>11ῑ</strong></span> <span class='ocrx_word' id='word_1_199' title='bbox 505 1580 627 1630; x_wconf 81' lang='lat' dir='ltr'><strong>Quaedam</strong></span> <span class='ocrx_word' id='word_1_200' title='bbox 643 1579 732 1621; x_wconf 88' lang='lat' dir='ltr'><strong>mulier</strong></span> <span class='ocrx_word' id='word_1_201' title='bbox 747 1576 844 1621; x_wconf 86' lang='lat' dir='ltr'><strong>nomine</strong></span> <span class='ocrx_word' id='word_1_202' title='bbox 860 1580 935 1631; x_wconf 73' lang='lat' dir='ltr'><strong>Lydio</strong></span> 
     </span>
     <span class='ocr_line' id='line_1_23' title="bbox 88 1642 935 1694; baseline -0.001 -11"><span class='ocrx_word' id='word_1_203' title='bbox 88 1643 208 1694; x_wconf 82' lang='lat' dir='ltr'><strong>Philippis</strong></span> <span class='ocrx_word' id='word_1_204' title='bbox 225 1642 318 1683; x_wconf 84' lang='lat' dir='ltr'><strong>audivit</strong></span> <span class='ocrx_word' id='word_1_205' title='bbox 333 1644 406 1684; x_wconf 82' lang='lat' dir='ltr'><strong>verba</strong></span> <span class='ocrx_word' id='word_1_206' title='bbox 422 1643 499 1690; x_wconf 88' lang='lat' dir='ltr'><strong>Pauli,</strong></span> <span class='ocrx_word' id='word_1_207' title='bbox 527 1643 614 1683; x_wconf 81' lang='lat' dir='ltr'><strong>«cuius</strong></span> <span class='ocrx_word' id='word_1_208' title='bbox 637 1643 755 1683; x_wconf 84' lang='lat' dir='ltr'><strong>Dominus</strong></span> <span class='ocrx_word' id='word_1_209' title='bbox 779 1644 873 1694; x_wconf 79' lang='lat' dir='ltr'><strong>aperuit</strong></span> <span class='ocrx_word' id='word_1_210' title='bbox 895 1655 935 1683; x_wconf 78' lang='grc'><strong>001</strong></span> 
     </span>
     <span class='ocr_line' id='line_1_24' title="bbox 87 1704 931 1757; baseline -0.001 -12"><span class='ocrx_word' id='word_1_211' title='bbox 87 1706 210 1747; x_wconf 84' lang='lat' dir='ltr'><strong>intendere</strong></span> <span class='ocrx_word' id='word_1_212' title='bbox 222 1706 267 1754; x_wconf 91' lang='lat' dir='ltr'><strong>his,</strong></span> <span class='ocrx_word' id='word_1_213' title='bbox 281 1717 341 1757; x_wconf 91' lang='lat' dir='ltr'><strong>quae</strong></span> <span class='ocrx_word' id='word_1_214' title='bbox 354 1705 494 1747; x_wconf 83' lang='lat' dir='ltr'><strong>dicebantur</strong></span> <span class='ocrx_word' id='word_1_215' title='bbox 505 1718 520 1746; x_wconf 88' lang='lat' dir='ltr'><strong>a</strong></span> <span class='ocrx_word' id='word_1_216' title='bbox 530 1705 605 1746; x_wconf 90' lang='lat' dir='ltr'><strong>Paulo</strong></span> <span class='ocrx_word' id='word_1_217' title='bbox 614 1720 633 1744; x_wconf 74' lang='lat'><strong>11.</strong></span> <span class='ocrx_word' id='word_1_218' title='bbox 650 1731 681 1736; x_wconf 88' lang='lat'><em>—</em></span> <span class='ocrx_word' id='word_1_219' title='bbox 694 1704 731 1747; x_wconf 88' lang='lat' dir='ltr'><strong>Mt</strong></span> <span class='ocrx_word' id='word_1_220' title='bbox 744 1709 778 1755; x_wconf 94' lang='lat'><strong>11,</strong></span> <span class='ocrx_word' id='word_1_221' title='bbox 793 1708 828 1755; x_wconf 82' lang='lat'><strong>25;</strong></span> <span class='ocrx_word' id='word_1_222' title='bbox 844 1708 876 1754; x_wconf 84' lang='grc'><strong>16,</strong></span> <span class='ocrx_word' id='word_1_223' title='bbox 892 1707 931 1745; x_wconf 85' lang='lat'><strong>17:</strong></span> 
     </span>
     <span class='ocr_line' id='line_1_25' title="bbox 88 1767 774 1819; baseline 0 -11"><span class='ocrx_word' id='word_1_224' title='bbox 88 1769 158 1809; x_wconf 88' lang='lat' dir='ltr'><strong>Pater</strong></span> <span class='ocrx_word' id='word_1_225' title='bbox 172 1769 290 1819; x_wconf 78' lang='lat' dir='ltr'><strong>quaedam</strong></span> <span class='ocrx_word' id='word_1_226' title='bbox 305 1768 396 1809; x_wconf 88' lang='lat' dir='ltr'><strong>interne</strong></span> <span class='ocrx_word' id='word_1_227' title='bbox 409 1767 523 1809; x_wconf 83' lang='lat' dir='ltr'><strong>revelavit</strong></span> <span class='ocrx_word' id='word_1_228' title='bbox 537 1768 645 1819; x_wconf 86' lang='lat' dir='ltr'><strong>parvulis</strong></span> <span class='ocrx_word' id='word_1_229' title='bbox 659 1769 683 1809; x_wconf 92' lang='lat' dir='ltr'><strong>et</strong></span> <span class='ocrx_word' id='word_1_230' title='bbox 697 1769 774 1809; x_wconf 86' lang='lat' dir='ltr'><strong>Petro.</strong></span> 
     </span>
    </p>
   </div>
   <div class='ocr_carea' id='block_1_3' title="bbox 85 1898 964 2589">
    <p class='ocr_par' dir='ltr' id='par_1_3' title="bbox 85 1898 964 2589">
     <span class='ocr_line' id='line_1_26' title="bbox 86 1898 934 1950; baseline 0 -11"><span class='ocrx_word' id='word_1_231' title='bbox 86 1899 143 1939; x_wconf 79' lang='grc'>498.</span> <span class='ocrx_word' id='word_1_232' title='bbox 180 1898 222 1939; x_wconf 89' lang='grc'><strong>111.</strong></span> <span class='ocrx_word' id='word_1_233' title='bbox 240 1898 325 1939; x_wconf 84' lang='lat' dir='ltr'><strong>Patres</strong></span> <span class='ocrx_word' id='word_1_234' title='bbox 343 1899 382 1949; x_wconf 77' lang='lat' dir='ltr'><strong>(ci,</strong></span> <span class='ocrx_word' id='word_1_235' title='bbox 399 1910 422 1937; x_wconf 91' lang='lat' dir='ltr'><strong>n.</strong></span> <span class='ocrx_word' id='word_1_236' title='bbox 439 1900 497 1938; x_wconf 76' lang='lat' dir='ltr'><strong>45ss</strong></span> <span class='ocrx_word' id='word_1_237' title='bbox 511 1899 574 1949; x_wconf 68' lang='grc'>675).</span> <span class='ocrx_word' id='word_1_238' title='bbox 591 1898 782 1949; x_wconf 80' lang='lat' dir='ltr'><strong>Augustinus,</strong></span> <span class='ocrx_word' id='word_1_239' title='bbox 799 1900 874 1950; x_wconf 80' lang='lat' dir='ltr'><strong>Epist.</strong></span> <span class='ocrx_word' id='word_1_240' title='bbox 894 1899 934 1950; x_wconf 82' lang='lat' dir='ltr'><strong>(ad</strong></span> 
     </span>
     <span class='ocr_line' id='line_1_27' title="bbox 87 1960 934 2013; baseline 0 -12"><span class='ocrx_word' id='word_1_241' title='bbox 87 1962 191 2013; x_wconf 77' lang='lat' dir='ltr'><strong>Siccium)</strong></span> <span class='ocrx_word' id='word_1_242' title='bbox 220 1964 266 2009; x_wconf 78' lang='lat'><strong>191,</strong></span> <span class='ocrx_word' id='word_1_243' title='bbox 288 1964 309 2008; x_wconf 76' lang='lat'><strong>1,</strong></span> <span class='ocrx_word' id='word_1_244' title='bbox 331 1963 364 2009; x_wconf 87' lang='lat'><strong>18,</strong></span> <span class='ocrx_word' id='word_1_245' title='bbox 391 1960 517 2011; x_wconf 81' lang='lat' dir='ltr'><strong>distinguit</strong></span> <span class='ocrx_word' id='word_1_246' title='bbox 540 1961 630 2011; x_wconf 82' lang='lat' dir='ltr'><strong>duplex</strong></span> <span class='ocrx_word' id='word_1_247' title='bbox 655 1960 803 2002; x_wconf 85' lang='lat' dir='ltr'><strong>adiutorium</strong></span> <span class='ocrx_word' id='word_1_248' title='bbox 830 1961 934 2012; x_wconf 87' lang='lat' dir='ltr'><strong>Spiritus</strong></span> 
     </span>
     <span class='ocr_line' id='line_1_28' title="bbox 87 2023 932 2073; baseline -0.004 -8"><span class='ocrx_word' id='word_1_249' title='bbox 87 2025 181 2065; x_wconf 83' lang='lat' dir='ltr'><strong>Sancti:</strong></span> <span class='ocrx_word' id='word_1_250' title='bbox 201 2024 295 2064; x_wconf 83' lang='lat' dir='ltr'><strong>«Aliter</strong></span> <span class='ocrx_word' id='word_1_251' title='bbox 306 2024 404 2064; x_wconf 84' lang='lat' dir='ltr'><strong>adiuvat</strong></span> <span class='ocrx_word' id='word_1_252' title='bbox 418 2024 526 2064; x_wconf 89' lang='lat' dir='ltr'><strong>nondum</strong></span> <span class='ocrx_word' id='word_1_253' title='bbox 541 2023 686 2073; x_wconf 83' lang='lat' dir='ltr'><strong>inhabitans,</strong></span> <span class='ocrx_word' id='word_1_254' title='bbox 703 2024 773 2065; x_wconf 86' lang='lat' dir='ltr'><strong>aliter</strong></span> <span class='ocrx_word' id='word_1_255' title='bbox 787 2023 932 2064; x_wconf 80' lang='lat' dir='ltr'><strong>inhabitans.</strong></span> 
     </span>
     <span class='ocr_line' id='line_1_29' title="bbox 88 2087 935 2138; baseline 0 -10"><span class='ocrx_word' id='word_1_256' title='bbox 88 2089 149 2129; x_wconf 89' lang='lat' dir='ltr'><strong>Nam</strong></span> <span class='ocrx_word' id='word_1_257' title='bbox 168 2089 276 2129; x_wconf 88' lang='lat' dir='ltr'><strong>nondum</strong></span> <span class='ocrx_word' id='word_1_258' title='bbox 292 2087 429 2128; x_wconf 88' lang='lat' dir='ltr'><strong>inhabitans</strong></span> <span class='ocrx_word' id='word_1_259' title='bbox 446 2087 556 2137; x_wconf 84' lang='lat' dir='ltr'><strong>adiuvat,</strong></span> <span class='ocrx_word' id='word_1_260' title='bbox 572 2089 598 2129; x_wconf 89' lang='lat' dir='ltr'><strong>ut</strong></span> <span class='ocrx_word' id='word_1_261' title='bbox 618 2088 665 2130; x_wconf 87' lang='lat' dir='ltr'><strong>sint</strong></span> <span class='ocrx_word' id='word_1_262' title='bbox 683 2088 775 2138; x_wconf 80' lang='lat' dir='ltr'><strong>fideles,</strong></span> <span class='ocrx_word' id='word_1_263' title='bbox 797 2088 935 2129; x_wconf 84' lang='lat' dir='ltr'><strong>inhabitans</strong></span> 
     </span>
     <span class='ocr_line' id='line_1_30' title="bbox 88 2151 935 2206; baseline 0 -14"><span class='ocrx_word' id='word_1_264' title='bbox 88 2153 186 2193; x_wconf 82' lang='lat' dir='ltr'><strong>adiuvat</strong></span> <span class='ocrx_word' id='word_1_265' title='bbox 204 2153 253 2193; x_wconf 88' lang='lat' dir='ltr'><strong>iam</strong></span> <span class='ocrx_word' id='word_1_266' title='bbox 270 2151 361 2206; x_wconf 86' lang='lat' dir='ltr'><strong>fideles.</strong></span> <span class='ocrx_word' id='word_1_267' title='bbox 371 2169 380 2187; x_wconf 70' lang='grc'><strong>1</strong></span> <span class='ocrx_word' id='word_1_268' title='bbox 407 2151 479 2192; x_wconf 85' lang='lat' dir='ltr'><strong>Prius</strong></span> <span class='ocrx_word' id='word_1_269' title='bbox 503 2151 651 2193; x_wconf 85' lang='lat' dir='ltr'><strong>adiutorium</strong></span> <span class='ocrx_word' id='word_1_270' title='bbox 675 2151 771 2193; x_wconf 81' lang='lat' dir='ltr'><strong>videtur</strong></span> <span class='ocrx_word' id='word_1_271' title='bbox 796 2153 888 2204; x_wconf 86' lang='lat' dir='ltr'><strong>concipi</strong></span> <span class='ocrx_word' id='word_1_272' title='bbox 909 2153 935 2192; x_wconf 91' lang='lat' dir='ltr'><strong>ut</strong></span> 
     </span>
     <span class='ocr_line' id='line_1_31' title="bbox 88 2215 934 2267; baseline 0.001 -11"><span class='ocrx_word' id='word_1_273' title='bbox 88 2228 152 2257; x_wconf 92' lang='lat' dir='ltr'><strong>mere</strong></span> <span class='ocrx_word' id='word_1_274' title='bbox 167 2216 265 2257; x_wconf 84' lang='lat' dir='ltr'><strong>actuale.</strong></span> <span class='ocrx_word' id='word_1_275' title='bbox 281 2242 312 2246; x_wconf 86' lang='lat'>—</span> <span class='ocrx_word' id='word_1_276' title='bbox 327 2215 462 2256; x_wconf 83' lang='lat' dir='ltr'><strong>Generatim</strong></span> <span class='ocrx_word' id='word_1_277' title='bbox 476 2215 604 2266; x_wconf 79' lang='lat' dir='ltr'><strong>explicatio</strong></span> <span class='ocrx_word' id='word_1_278' title='bbox 618 2216 646 2258; x_wconf 90' lang='lat' dir='ltr'><strong>de</strong></span> <span class='ocrx_word' id='word_1_279' title='bbox 662 2217 739 2267; x_wconf 80' lang='lat' dir='ltr'><strong>gratia</strong></span> <span class='ocrx_word' id='word_1_280' title='bbox 754 2216 841 2257; x_wconf 90' lang='lat' dir='ltr'><strong>actuali</strong></span> <span class='ocrx_word' id='word_1_281' title='bbox 857 2229 934 2258; x_wconf 83' lang='lat' dir='ltr'><strong>neces</strong></span> 
     </span>
     <span class='ocr_line' id='line_1_32' title="bbox 86 2280 934 2332; baseline 0.001 -12"><span class='ocrx_word' id='word_1_282' title='bbox 86 2281 151 2321; x_wconf 88' lang='lat' dir='ltr'><strong>saria</strong></span> <span class='ocrx_word' id='word_1_283' title='bbox 165 2280 207 2329; x_wconf 90' lang='lat' dir='ltr'><strong>est,</strong></span> <span class='ocrx_word' id='word_1_284' title='bbox 224 2280 423 2332; x_wconf 82' lang='lat' dir='ltr'><strong>quandocumque</strong></span> <span class='ocrx_word' id='word_1_285' title='bbox 440 2280 582 2321; x_wconf 88' lang='lat' dir='ltr'><strong>describitur</strong></span> <span class='ocrx_word' id='word_1_286' title='bbox 596 2282 676 2331; x_wconf 82' lang='lat' dir='ltr'><strong>prima</strong></span> <span class='ocrx_word' id='word_1_287' title='bbox 693 2280 758 2332; x_wconf 71' lang='lat' dir='ltr'><strong>oripo</strong></span> <span class='ocrx_word' id='word_1_288' title='bbox 776 2281 841 2329; x_wconf 84' lang='lat' dir='ltr'><strong>fidei,</strong></span> <span class='ocrx_word' id='word_1_289' title='bbox 859 2282 934 2322; x_wconf 90' lang='lat' dir='ltr'><strong>bonae</strong></span> 
     </span>
     <span class='ocr_line' id='line_1_33' title="bbox 85 2343 932 2395; baseline -0.001 -11"><span class='ocrx_word' id='word_1_290' title='bbox 85 2343 237 2395; x_wconf 81' lang='lat' dir='ltr'><strong>cogitationis</strong></span> <span class='ocrx_word' id='word_1_291' title='bbox 249 2344 272 2385; x_wconf 88' lang='lat' dir='ltr'><strong>et</strong></span> <span class='ocrx_word' id='word_1_292' title='bbox 284 2343 404 2384; x_wconf 74' lang='lat' dir='ltr'><strong>volitionis</strong></span> <span class='ocrx_word' id='word_1_293' title='bbox 417 2344 573 2395; x_wconf 79' lang='lat' dir='ltr'><strong>pergratiam</strong></span> <span class='ocrx_word' id='word_1_294' title='bbox 586 2344 787 2395; x_wconf 86' lang='lat' dir='ltr'><strong>praevenientem,</strong></span> <span class='ocrx_word' id='word_1_295' title='bbox 801 2344 932 2393; x_wconf 79' lang='lat' dir='ltr'><strong>uocantem,</strong></span> 
     </span>
     <span class='ocr_line' id='line_1_34' title="bbox 88 2407 933 2460; baseline 0 -12"><span class='ocrx_word' id='word_1_296' title='bbox 88 2408 237 2457; x_wconf 81' lang='lat' dir='ltr'><strong>excitantem,</strong></span> <span class='ocrx_word' id='word_1_297' title='bbox 255 2407 434 2448; x_wconf 88' lang='lat' dir='ltr'><strong>delectationem</strong></span> <span class='ocrx_word' id='word_1_298' title='bbox 450 2408 626 2457; x_wconf 61' lang='lat' dir='ltr'><strong>infundentem</strong></span> <span class='ocrx_word' id='word_1_299' title='bbox 639 2422 661 2449; x_wconf 85' lang='grc'><strong>1,</strong></span> <span class='ocrx_word' id='word_1_300' title='bbox 679 2422 701 2460; x_wconf 78' lang='lat' dir='ltr'><strong>g.</strong></span> <span class='ocrx_word' id='word_1_301' title='bbox 718 2411 755 2450; x_wconf 83' lang='lat' dir='ltr'><strong>Ad</strong></span> <span class='ocrx_word' id='word_1_302' title='bbox 771 2410 858 2460; x_wconf 67' lang='lat' dir='ltr'><strong>Simpl,</strong></span> <span class='ocrx_word' id='word_1_303' title='bbox 876 2413 895 2458; x_wconf 93' lang='lat'><strong>1,</strong></span> <span class='ocrx_word' id='word_1_304' title='bbox 912 2411 933 2456; x_wconf 80' lang='lat'><strong>2,</strong></span> 
     </span>
     <span class='ocr_line' id='line_1_35' title="bbox 88 2471 964 2524; baseline 0.001 -13"><span class='ocrx_word' id='word_1_305' title='bbox 88 2474 122 2512; x_wconf 85' lang='lat'><strong>31.</strong></span> <span class='ocrx_word' id='word_1_306' title='bbox 140 2473 218 2513; x_wconf 82' lang='lat' dir='ltr'><strong>Etiam</strong></span> <span class='ocrx_word' id='word_1_307' title='bbox 236 2473 359 2513; x_wconf 78' lang='lat' dir='ltr'><strong>caritatem</strong></span> <span class='ocrx_word' id='word_1_308' title='bbox 374 2471 523 2521; x_wconf 81' lang='lat' dir='ltr'><strong>Augustinus</strong></span> <span class='ocrx_word' id='word_1_309' title='bbox 540 2473 681 2524; x_wconf 88' lang='lat' dir='ltr'><strong>plerumque</strong></span> <span class='ocrx_word' id='word_1_310' title='bbox 699 2473 824 2523; x_wconf 87' lang='lat' dir='ltr'><strong>tamquam</strong></span> <span class='ocrx_word' id='word_1_311' title='bbox 842 2473 934 2514; x_wconf 90' lang='lat' dir='ltr'><strong>motum</strong></span> <span class='ocrx_word' id='word_1_312' title='bbox 953 2479 964 2501; x_wconf 74' lang='grc'><strong>’-</strong></span> 
     </span>
     <span class='ocr_line' id='line_1_36' title="bbox 88 2535 834 2589; baseline 0.003 -13"><span class='ocrx_word' id='word_1_313' title='bbox 88 2536 205 2576; x_wconf 89' lang='lat' dir='ltr'><strong>actualem</strong></span> <span class='ocrx_word' id='word_1_314' title='bbox 220 2536 298 2576; x_wconf 90' lang='lat' dir='ltr'><strong>cordis</strong></span> <span class='ocrx_word' id='word_1_315' title='bbox 313 2548 327 2576; x_wconf 86' lang='lat' dir='ltr'><strong>a</strong></span> <span class='ocrx_word' id='word_1_316' title='bbox 340 2536 388 2575; x_wconf 91' lang='lat' dir='ltr'><strong>Deo</strong></span> <span class='ocrx_word' id='word_1_317' title='bbox 403 2535 532 2577; x_wconf 79' lang='lat' dir='ltr'><strong>excitatum</strong></span> <span class='ocrx_word' id='word_1_318' title='bbox 549 2537 661 2577; x_wconf 84' lang='lat' dir='ltr'><strong>describit</strong></span> <span class='ocrx_word' id='word_1_319' title='bbox 678 2538 717 2589; x_wconf 80' lang='lat' dir='ltr'><strong>(ci.</strong></span> <span class='ocrx_word' id='word_1_320' title='bbox 734 2548 758 2577; x_wconf 88' lang='lat' dir='ltr'><strong>n.</strong></span> <span class='ocrx_word' id='word_1_321' title='bbox 775 2537 834 2587; x_wconf 82' lang='grc'>383).</span> 
     </span>
    </p>
   </div>
   <div class='ocr_carea' id='block_1_4' title="bbox 85 2665 934 3038">
    <p class='ocr_par' dir='ltr' id='par_1_4' title="bbox 85 2665 934 3038">
     <span class='ocr_line' id='line_1_37' title="bbox 86 2665 933 2719; baseline 0.002 -14"><span class='ocrx_word' id='word_1_322' title='bbox 86 2666 143 2707; x_wconf 70' lang='lat' dir='ltr'><strong>eea.</strong></span> <span class='ocrx_word' id='word_1_323' title='bbox 180 2667 218 2708; x_wconf 86' lang='lat' dir='ltr'><strong>IV.</strong></span> <span class='ocrx_word' id='word_1_324' title='bbox 239 2665 361 2717; x_wconf 78' lang='lat' dir='ltr'><strong>Theologl.</strong></span> <span class='ocrx_word' id='word_1_325' title='bbox 380 2665 494 2706; x_wconf 90' lang='lat' dir='ltr'><strong>Summa</strong></span> <span class='ocrx_word' id='word_1_326' title='bbox 514 2666 728 2707; x_wconf 84' lang='lat' dir='ltr'><strong>Sententiarum</strong></span> <span class='ocrx_word' id='word_1_327' title='bbox 748 2667 810 2707; x_wconf 80' lang='lat' dir='ltr'><strong>dona</strong></span> <span class='ocrx_word' id='word_1_328' title='bbox 829 2668 933 2719; x_wconf 79' lang='lat' dir='ltr'><strong>Spiritus</strong></span> 
     </span>
     <span class='ocr_line' id='line_1_38' title="bbox 87 2729 934 2783; baseline 0.001 -13"><span class='ocrx_word' id='word_1_329' title='bbox 87 2731 169 2772; x_wconf 79' lang='lat' dir='ltr'><strong>Sancti</strong></span> <span class='ocrx_word' id='word_1_330' title='bbox 182 2731 299 2782; x_wconf 82' lang='lat' dir='ltr'><strong>intellegit</strong></span> <span class='ocrx_word' id='word_1_331' title='bbox 312 2730 402 2771; x_wconf 76' lang='lat' dir='ltr'><strong>auxilia</strong></span> <span class='ocrx_word' id='word_1_332' title='bbox 414 2729 517 2772; x_wconf 87' lang='lat' dir='ltr'><strong>actualia</strong></span> <span class='ocrx_word' id='word_1_333' title='bbox 530 2732 619 2782; x_wconf 81' lang='lat' dir='ltr'><strong>gratiae</strong></span> <span class='ocrx_word' id='word_1_334' title='bbox 634 2731 820 2783; x_wconf 81' lang='lat' dir='ltr'><strong>praevenientis:</strong></span> <span class='ocrx_word' id='word_1_335' title='bbox 841 2732 934 2772; x_wconf 79' lang='lat' dir='ltr'><strong>«Primi</strong></span> 
     </span>
     <span class='ocr_line' id='line_1_39' title="bbox 85 2794 932 2849; baseline -0.001 -15"><span class='ocrx_word' id='word_1_336' title='bbox 85 2796 166 2836; x_wconf 87' lang='lat' dir='ltr'><strong>motus</strong></span> <span class='ocrx_word' id='word_1_337' title='bbox 180 2796 206 2835; x_wconf 91' lang='lat' dir='ltr'><strong>in</strong></span> <span class='ocrx_word' id='word_1_338' title='bbox 221 2797 290 2836; x_wconf 87' lang='lat' dir='ltr'><strong>corde</strong></span> <span class='ocrx_word' id='word_1_339' title='bbox 306 2794 374 2846; x_wconf 87' lang='lat' dir='ltr'><strong>quasi</strong></span> <span class='ocrx_word' id='word_1_340' title='bbox 388 2795 506 2843; x_wconf 82' lang='lat' dir='ltr'><strong>quaedam</strong></span> <span class='ocrx_word' id='word_1_341' title='bbox 522 2795 615 2836; x_wconf 87' lang='lat' dir='ltr'><strong>semina</strong></span> <span class='ocrx_word' id='word_1_342' title='bbox 629 2795 765 2836; x_wconf 77' lang='lat' dir='ltr'><strong>virtutum»</strong></span> <span class='ocrx_word' id='word_1_343' title='bbox 784 2797 814 2847; x_wconf 57' lang='lat' dir='ltr'><strong>(v,</strong></span> <span class='ocrx_word' id='word_1_344' title='bbox 832 2808 855 2837; x_wconf 83' lang='lat' dir='ltr'><strong>n,</strong></span> <span class='ocrx_word' id='word_1_345' title='bbox 873 2798 932 2849; x_wconf 76' lang='grc'><strong>460),</strong></span> 
     </span>
     <span class='ocr_line' id='line_1_40' title="bbox 88 2859 930 2912; baseline 0.001 -12"><span class='ocrx_word' id='word_1_346' title='bbox 88 2883 119 2889; x_wconf 77' lang='lat'>—</span> <span class='ocrx_word' id='word_1_347' title='bbox 130 2861 153 2900; x_wconf 89' lang='lat' dir='ltr'><strong>S.</strong></span> <span class='ocrx_word' id='word_1_348' title='bbox 166 2860 341 2907; x_wconf 85' lang='lat' dir='ltr'><strong>Bernardus,</strong></span> <span class='ocrx_word' id='word_1_349' title='bbox 353 2859 455 2908; x_wconf 61' lang='lat' dir='ltr'><strong>Deerat.</strong></span> <span class='ocrx_word' id='word_1_350' title='bbox 469 2865 491 2899; x_wconf 85' lang='lat' dir='ltr'><strong>et</strong></span> <span class='ocrx_word' id='word_1_351' title='bbox 502 2860 543 2899; x_wconf 83' lang='lat' dir='ltr'><strong>lit.</strong></span> <span class='ocrx_word' id='word_1_352' title='bbox 557 2861 607 2900; x_wconf 76' lang='lat' dir='ltr'><strong>orb.</strong></span> <span class='ocrx_word' id='word_1_353' title='bbox 621 2860 930 2912; x_wconf 76' lang='lat' dir='ltr'><strong>11,tcs(ML182,1026):</strong></span> 
     </span>
     <span class='ocr_line' id='line_1_41' title="bbox 90 2921 932 2974; baseline 0.005 -14"><span class='ocrx_word' id='word_1_354' title='bbox 90 2921 170 2963; x_wconf 84' lang='lat' dir='ltr'><strong>Gratia</strong></span> <span class='ocrx_word' id='word_1_355' title='bbox 182 2923 338 2974; x_wconf 85' lang='lat' dir='ltr'><strong>praeveniens</strong></span> <span class='ocrx_word' id='word_1_356' title='bbox 353 2921 473 2962; x_wconf 84' lang='lat' dir='ltr'><strong>«seminat</strong></span> <span class='ocrx_word' id='word_1_357' title='bbox 486 2923 643 2974; x_wconf 76' lang='lat' dir='ltr'><strong>cogitatum».</strong></span> <span class='ocrx_word' id='word_1_358' title='bbox 658 2949 689 2955; x_wconf 36' lang='grc' dir='ltr'><strong><em>ἡ</em></strong></span> <span class='ocrx_word' id='word_1_359' title='bbox 704 2923 852 2974; x_wconf 84' lang='lat' dir='ltr'><strong>Magister,</strong></span> <span class='ocrx_word' id='word_1_360' title='bbox 867 2925 932 2965; x_wconf 80' lang='lat' dir='ltr'><strong>Seni.</strong></span> 
     </span>
     <span class='ocr_line' id='line_1_42' title="bbox 87 2984 933 3038; baseline 0.007 -16"><span class='ocrx_word' id='word_1_361' title='bbox 87 2984 104 3023; x_wconf 94' lang='grc'><strong>1.</strong></span> <span class='ocrx_word' id='word_1_362' title='bbox 122 2988 285 3037; x_wconf 66' lang='grc'><strong>2012601111.</strong></span> <span class='ocrx_word' id='word_1_363' title='bbox 304 2989 336 3026; x_wconf 76' lang='lat' dir='ltr'><strong>ds</strong></span> <span class='ocrx_word' id='word_1_364' title='bbox 353 2986 396 3037; x_wconf 83' lang='lat' dir='ltr'><strong>[ed.</strong></span> <span class='ocrx_word' id='word_1_365' title='bbox 416 2986 487 3035; x_wconf 81' lang='lat' dir='ltr'><strong>Quar.</strong></span> <span class='ocrx_word' id='word_1_366' title='bbox 505 2997 529 3026; x_wconf 91' lang='lat' dir='ltr'><strong>n.</strong></span> <span class='ocrx_word' id='word_1_367' title='bbox 547 2988 628 3038; x_wconf 79' lang='lat' dir='ltr'><strong>237s):</strong></span> <span class='ocrx_word' id='word_1_368' title='bbox 655 2988 802 3038; x_wconf 65' lang='lat' dir='ltr'><strong>Aucustinus</strong></span> <span class='ocrx_word' id='word_1_369' title='bbox 825 2987 933 3029; x_wconf 88' lang='lat' dir='ltr'><strong>distincte</strong></span> 
     </span>
    </p>
   </div>
   <div class='ocr_carea' id='block_1_5' title="bbox 0 0 1112 3350">
    <p class='ocr_par' dir='ltr' id='par_1_5' title="bbox 0 0 1112 3350">
     <span class='ocr_line' id='line_1_43' title="bbox 0 0 1112 3350; baseline 0 0"><span class='ocrx_word' id='word_1_370' title='bbox 0 0 1112 3350; x_wconf 95' lang='lat' dir='ltr'><strong> </strong></span> 
     </span>
    </p>
   </div>
  </div>
 </body>
</html>
