2214 3350
250 196 251 199 ’
295 197 412 233 &ebolium
430 196 508 233 Gratia
520 169 616 231 ¹actualis
631 195 741 230 iustorum
906 192 942 228 405

96 304 200 355 Struppl
217 305 283 353 Viva,
298 305 385 345 Beroia
401 306 433 356 (n.
448 304 483 355 98)
500 304 606 353 aliosque
619 302 703 343 saliem
716 301 788 343 etiam
804 314 832 342 ec
844 301 943 352 influxu

95 367 197 418 physico
211 368 338 408 habituum
354 368 498 415 inlusarum3
518 366 650 407 secundum
667 364 756 406 Billot
772 366 790 406 ii
806 364 940 411 instinctus,

96 430 184 481 quibus
198 441 252 470 rere
268 432 380 483 competit
393 431 454 471 ratio
467 431 523 470 novi
539 428 631 477 auxilii,
648 428 799 469 condistincti
815 429 840 468 in
856 438 942 478 genere

96 493 152 533 doni
168 504 182 533 a
199 493 276 543 gratia
298 494 423 543 habituali,
441 494 466 533 in
484 492 555 532 iustis
570 491 703 543 procedunt
726 502 754 531 ea
779 491 941 532 habitantibus

96 556 164 596 clanis
185 556 289 606 Spiritus
312 557 393 597 Sancti
419 557 457 608 (ci.
472 568 497 595 n.
517 556 574 596 tiit
590 555 649 603 aar).
673 580 704 585 -
727 553 828 594 Videtur
843 555 941 594 omnino

96 619 248 659 dicendum
265 619 358 660 labitur
374 621 466 671 infusos
485 620 537 671 (per
552 630 576 659 se
590 617 688 658 habitus
702 619 828 665 uirtutum,
845 623 942 657 concur·-

96 681 203 721 rentibus
227 682 325 723 fortasse
350 682 444 732 saepius
466 683 535 722 danis
555 681 579 721 S.
597 680 709 732 Spiritus)
736 680 761 720 in
786 680 942 720 elevationem

95 744 182 784 horum
200 745 295 786 actuum
313 745 525 786 indeliberatorurn
541 743 640 795 physice
657 744 769 793 influere.
788 743 849 783 Nam
866 742 942 782 omni-

95 807 141 847 bus
156 807 286 848 latentibus
300 807 400 848 virtutes
416 808 509 848 infusae
525 807 647 848 entitatire
663 806 758 847 elevant
772 805 839 846 actus
855 805 942 845 delibe-

96 876 158 909 ratos
174 872 205 922 (n.
221 871 279 922 301).
294 871 366 921 Atqui
380 871 437 911 satis
450 870 540 911 mirum
553 869 621 918 esset,
637 870 656 909 si
670 881 692 909 v.
707 880 729 919 g.
745 880 774 909 ex
785 868 870 909 habitu
884 868 942 908 cari-

95 933 150 973 tatis
164 933 258 974 infusae
273 934 380 984 prodiret
393 933 491 984 quidem
508 933 569 973 liber
584 933 652 974 actus
666 931 844 973 misericordiae
862 942 942 982 super-

95 995 218 1045 naturalis,
243 996 414 1036 indat-iberatur
437 1007 494 1036 vero
518 994 598 1036 motus
622 995 730 1036 eiusdem
754 994 940 1041 misericordiae,

58 1087 63 1095 .
95 1069 167 1109 quem
179 1058 288 1109 aspectus
298 1058 412 1109 pauperis
422 1058 515 1107 excitat,
528 1070 577 1099 nou
590 1058 686 1099 deberet
696 1058 754 1099 huic
766 1057 860 1099 habitui
873 1068 941 1098 suam

94 1121 257 1162 elevationem.
274 1121 312 1161 Sic
325 1121 389 1161 enim
403 1120 499 1161 habitus
513 1120 618 1161 caritatis
630 1122 709 1171 quoad
722 1121 861 1172 specificam
872 1120 942 1161 ratio-

68 1227 70 1233 )
95 1194 150 1224 uem
164 1183 419 1224 huiusrirtutisnihil
434 1184 548 1232 conterre,
566 1185 606 1224 sed
621 1176 791 1234 quoad'solam
806 1185 942 1234 penericam
969 1200 971 1203 ’

96 1246 212 1287 rationem
227 1246 345 1286 libertatis
359 1246 452 1296 aliquid
465 1246 544 1287 valere
560 1246 688 1286 videretur.

96 1383 150 1425 534.
187 1386 207 1424 4.
227 1384 273 1424 Sed
289 1385 309 1424 si
326 1382 392 1424 actus
408 1382 586 1431 indeliberatus‚
605 1382 630 1422 in
646 1394 693 1432 quo
711 1382 850 1432 reponimus
865 1392 942 1423 essen-

96 1446 155 1486 tiam
169 1446 260 1497 gratiae
276 1445 382 1494 actualis,
401 1456 430 1486 ex
446 1445 531 1487 habitu
549 1445 629 1486 inluso
647 1444 748 1493 elicitur,
768 1456 816 1486 non
835 1446 941 1496 apparet,

96 1521 142 1560 quo
158 1508 325 1556 inceduntur,
342 1509 406 1559 quod
422 1508 516 1559 patroni
539 1508 667 1549 sententiae
690 1508 832 1549 affirmantis
852 1509 943 1560 passim

96 1571 186 1620 dicunt,
207 1570 256 1612 scil.
283 1572 374 1622 requiri
398 1572 500 1621 pralium
525 1572 643 1611 actualem
661 1581 709 1612 non
729 1571 828 1621 quidem
845 1570 943 1622 propter

96 1633 252 1674 elevationem
275 1631 348 1681 actus,
373 1634 414 1674 sed
436 1640 534 1684 propter
558 1635 723 1675 oscitationem
748 1635 843 1676 babitus
868 1635 898 1686 (v.
918 1647 941 1686 g.

96 1699 114 1738 Ρ
129 1709 152 1738 n.
168 1697 227 1749 112).
242 1697 343 1738 Habitus
356 1697 420 1738 enirn
434 1697 531 1738 deberet
543 1699 592 1738 iam
607 1703 675 1738 antea
690 1698 788 1739 excitari
803 1699 833 1739 ad
849 1697 942 1739 elicien-

97 1763 155 1802 dum
173 1762 253 1802 actum
270 1761 462 1809 indeliberatum,
482 1761 505 1801 et
522 1760 579 1801 haec
595 1761 700 1801 anterior
717 1761 828 1802 excitatio
843 1763 942 1802 omnino

96 1824 201 1866 sufficere
215 1824 323 1873 videtur‚'
332 1825 360 1864 ut
373 1823 493 1874 perveniri
508 1824 627 1873 possitae
643 1825 723 1865 actum
738 1824 897 1866 deliberatum
913 1838 943 1867 ex

96 1889 180 1929 habitu
194 1888 307 1929 elicitum.
322 1913 353 1918 —
367 1888 489 1935 Quomodo
504 1887 578 1937 igitur
592 1887 687 1928 halitus
702 1890 817 1928 excitatur
832 1889 942 1929 ademit

96 1952 196 1992 tendum
209 1952 289 1992 actum
303 1950 585 2003 indeliberatumrltatio
600 1951 645 1992 Dei
657 1953 756 2001 praeuia
770 1962 818 1992 non
833 1952 943 1993 cohaeret

35 2062 38 2066 ¹
96 2028 151 2056 cum
164 2016 257 2067 reliqua
269 2015 376 2056 doctrina
388 2014 549 2066 plurimorum
561 2016 648 2056 horum
662 2016 794 2057 auctorum.
808 2016 942 2057 Concursus

96 2080 253 2120 simultaneus
270 2078 457 2130 supernaturalis
471 2090 519 2119 non
535 2080 570 2120 est
584 2079 701 2128 excitatio,
720 2091 775 2120 curn
790 2091 839 2120 non
855 2080 943 2133 influat

97 2145 122 2183 in
137 2144 268 2195 potentiam
282 2144 306 2184 et
320 2142 436 2192 habitum,
454 2143 496 2184 sed
512 2142 583 2184 simul
600 2155 654 2184 cum
669 2144 701 2184 iis
713 2144 739 2185 in
755 2145 858 2186 acturul.

165 2244 185 2282 5.
203 2241 295 2281 Passim
312 2240 410 2280 dicitur:
430 2240 549 2291 Quoniam
565 2241 667 2282 facultas
682 2242 837 2283 habitualiter
852 2243 943 2284 eleuata

97 2305 256 2346 nihilominus
271 2310 348 2356 potest
365 2305 445 2345 adbuc
461 2305 602 2345 naturaliter
621 2317 697 2357 apere,
716 2305 814 2348 aliunde
833 2308 943 2347 determi

96 2371 150 2410 nari
163 2370 239 2418 debet,
255 2376 282 2410 ut
296 2375 350 2419 aaut
363 2370 584 2419 supernaturaliter.
602 2371 650 2411 Hoc
665 2370 746 2412 autem
761 2371 816 2412 tieri
831 2372 915 2423 nequit
929 2385 943 2414 a

157 2508 165 2535 1
178 2508 257 2543 Posset
269 2506 368 2542 absolute
382 2507 425 2542 dici
438 2516 549 2543 concursu
561 2507 729 2554 supernaturali
741 2507 834 2553 produci
847 2509 943 2554 spectem

95 2555 230 2600 impressam
242 2553 435 2599 supernaturalem
448 2554 474 2589 in
486 2554 607 2598 intellectu,
622 2563 678 2599 quae
692 2556 776 2601 species
790 2555 868 2591 excitet
882 2555 943 2591 habi-

96 2603 145 2637 tum
158 2602 259 2637 intusum
273 2602 293 2637 et
307 2609 356 2636 cum
371 2610 396 2636 eo
409 2602 518 2646 producat
532 2602 627 2647 speciem
641 2610 769 2647 expressam
782 2602 943 2639 indeliberatae

96 2649 231 2693 cognitionis
247 2647 431 2695 supernaturalis,
451 2649 517 2694 atque
534 2650 584 2695 post
600 2649 658 2685 hanc
674 2650 771 2695 primam
788 2649 943 2686 excitationem

96 2696 259 2742 principiorum
275 2695 481 2741 supernaturalium
497 2698 559 2741 sequi
575 2698 600 2732 in
615 2696 730 2733 voluntate
747 2697 944 2743 correspondentes

97 2744 160 2780 actus
175 2742 362 2789 supernaturales.
381 2743 423 2778 Sed
437 2743 472 2779 ita
485 2744 625 2789 refugeretur
639 2745 669 2780 ad
683 2753 731 2780 rem
745 2744 809 2780 ualde
827 2745 944 2781 obscuram

98 2792 118 2825 et
133 2791 202 2835 pratis
218 2792 332 2833 assertam,
346 2799 417 2835 neque
431 2791 534 2828 auctores
548 2791 652 2827 videntur
664 2791 774 2837 cogitasse
789 2792 872 2829 dehac
887 2792 944 2828 solu-

97 2838 164 2882 tione,
180 2847 230 2873 cum
244 2840 332 2881 suarez,
348 2837 439 2881 Melina,
456 2839 561 2884 vazquez,
576 2839 656 2883 Bauer,
674 2840 742 2884 Lupo,
758 2839 856 2884 Ripalda
870 2838 943 2875 etalii

98 2887 153 2921 satis
169 2886 314 2921 communiter
329 2886 406 2920 contra
420 2894 505 2930 paucos
522 2885 642 2931 (monada,
658 2887 767 2931 Hurtaac,
785 2887 848 2933 Viva)
862 2889 943 2932 negent

97 2933 127 2968 ad
141 2932 303 2969 illustrationes
318 2932 443 2968 intellectus
459 2933 641 2979 supernaturales
658 2934 708 2970 dari
725 2935 809 2980 species
822 2935 944 2981 impressas

98 2981 281 3025 supernaturales
299 2982 326 3026 (V.
343 2980 392 3015 Ber.
409 2988 430 3015 n.
449 2978 506 3026 aas).
