2214 3350
81 211 83 213 -
150 185 187 228 ι408
340 192 410 227 sectio
426 192 461 228 IV.
479 194 510 228 De
526 183 608 227 netum
624 190 709 236 gratiae
726 190 821 226 actualis

149 300 269 345 Aquinatis
284 293 307 335 Se
322 298 417 336 fideliter
431 299 575 345 interpretari
590 298 716 345 opinantur.
733 318 757 324 -
773 299 929 344 Capreolus,
946 299 993 344 Des.

151 352 181 387 m.
195 351 246 388 1112
257 352 276 387 d.
290 351 314 388 27
327 351 371 388 ast
386 352 474 398 (Toron.
488 350 535 388 1903
546 351 562 387 t.
575 352 618 397 ep.
632 350 689 397 273J:
706 352 794 387 «Omne
807 360 862 397 opus
874 351 997 397 procedens

151 413 177 438 en
195 403 287 448 speciali
305 404 402 439 motione
422 404 517 449 Spiritus
529 402 614 438 ¹Someii
634 403 654 438 et
673 401 752 438 habitu
771 403 925 439 deiformativo
945 411 995 439 oon-

150 455 243 499 dignum
256 455 290 490 est
301 455 382 492 fini...
398 456 441 492 Sed
453 463 517 490 omne
532 463 588 500 opus
600 453 739 490 meritorium
750 454 776 490 in
788 455 883 491 habente
898 454 995 500 gretiam

150 507 184 543 esi
197 506 334 551 huiusmodi,
350 507 408 553 quod
422 506 467 542 soil.
483 506 583 552 procedit
598 517 612 542 a
627 505 711 551 Spiritu
725 506 746 542 et
761 516 775 542 a
789 506 864 551 gratia
878 506 996 543 deiforme-

150 559 197 594 tiva
218 559 240 594 ei
262 559 379 595 ordinatur
401 558 458 594 sicut
480 559 510 594 ad
531 557 599 593 finem
615 559 644 594 ad
658 557 779 602 gronam.»
802 578 826 583 -
846 559 996 605 Dionysius

150 611 250 653 Certim,
264 612 313 647 In2
326 612 344 647 d.
358 612 369 648 5
381 620 399 655 q.
413 609 485 647 3fin:
502 623 512 643 a
520 610 554 645 Ad
566 610 640 646 aetum
651 609 790 645 meritorium
800 612 888 657 praeter
899 611 995 646 liberum

150 662 270 699 arbitrium
284 661 464 707 habitualemque
478 661 576 706 gratiam
591 671 630 697 seu
645 661 761 698 caritatem
774 661 896 707 requiritur
911 664 932 698 et
946 670 995 698 oon-

149 714 220 750 currit
234 714 329 750 actualis
343 713 452 758 quaedam
464 714 532 761 motio
546 714 643 758 Spiritus
657 714 739 750 Sancti.
750 727 760 747 »
774 733 798 739 -
812 715 855 751 Sed
868 716 949 758 vega,
963 715 995 750 De

118 773 121 790 ²
149 766 219 811 iusi's.
239 775 258 811 q.
277 766 300 802 14
316 765 383 801 oonol.
404 764 425 800 1:
447 777 458 798 α
466 766 551 802 Tamen
568 765 657 801 obtenta
674 766 721 801 iam
738 765 813 810 gretia
829 765 996 802 iustificationis

149 826 195 852 non
210 827 287 853 omnes
303 816 405 853 catholici
420 817 539 853 senserunt
554 816 686 862 requisitum
702 826 749 853 esse
764 813 875 853 ‘auxilium
891 817 993 863 speciale,

148 869 217 904 immo
231 869 356 914 oppositum
369 869 402 904 esi
415 869 538 904 eommunis
553 869 626 913 opinio
641 868 755 905 doctorum
769 868 964 905 scholasticorum.
973 865 993 905 ,ζ

148 921 176 955 Et
188 921 352 966 expressissime
364 920 405 955 hoo
416 920 496 956 asserit
507 922 588 957 Doetor
600 921 714 957 subitis.»
726 940 750 947 —
760 920 815 957 Iride
828 931 842 957 a
853 922 896 967 fine
910 921 995 957 soronii

149 972 199 1008 XVI
215 972 327 1008 sententia
349 972 495 1008 affirmans
517 972 579 1008 facte
596 972 628 1009 est
647 974 834 1017 communissima,
853 974 891 1009 sed
908 973 996 1008 ultimis

150 1024 263 1059 decenniis
278 1023 388 1060 sententia
402 1032 505 1068 negans
519 1023 601 1059 iterum
615 1023 716 1060 invainit.

218 1109 319 1150 Maioris
336 1110 450 1150 momenti
469 1121 541 1160 quom
560 1110 624 1151 hoeo
637 1110 796 1151 controversie
813 1110 941 1151 theoretico
960 1110 996 1152 est

149 1172 182 1220 id,
205 1173 270 1223 quod
290 1172 394 1213 Ecclesia
415 1172 482 1213 dooet
503 1184 633 1224 omnesque
653 1174 794 1215 admittunt:
819 1174 896 1216 Etiam
916 1174 995 1215 iustus

150 1234 268 1275 auxilium
284 1234 396 1276 'divinum
411 1237 527 1276 instanter
543 1235 672 1287 implorare
689 1236 766 1285 dehet,
783 1237 811 1278 ut
827 1236 902 1288 possit
918 1237 995 1278 vitore

149 1297 242 1337 molum
258 1298 282 1338 et
297 1298 373 1339 iecere
389 1299 480 1339 bouum
493 1299 541 1354 (th.
559 1299 590 1349 6),
608 1300 677 1349 eique
694 1300 769 1341 mulio
787 1299 870 1350 magis,
888 1300 916 1341 ut
931 1299 993 1340 iliud
1008 1303 1011 1307 '

96 1378 98 1381 ⁴
148 1370 231 1410 reapse
243 1360 308 1409 vitet,
323 1360 393 1411 idque
404 1362 583 1411 perseveranter
594 1364 711 1413 usquead
725 1363 799 1404 finem
812 1363 874 1404 vitoe
890 1364 932 1415 (th.
946 1362 994 1413 21).
