2214 3350
154 180 178 214 51-
288 179 342 215 5111,
357 180 435 215 11111.
451 180 478 215 11.
494 182 503 226 ς
518 156 534 216 1.
550 180 608 224 Quo
620 181 703 215 natura
715 179 782 225 lapsa:
794 179 864 224 possit

155 287 217 338 Ergo
233 286 284 327 tide
300 299 383 330 carens
398 288 461 328 nihil
476 289 534 329 boni
551 289 627 329 fecere
644 287 726 338 potest,
745 288 786 328 sed
803 287 829 327 in
845 288 913 327 omni
928 298 998 338 opere

154 351 241 401 peccet,
257 351 284 392 id
297 353 360 403 quod
375 351 486 404 explicite
498 346 585 393 dicitur
599 363 667 402 prop.
681 355 707 392 48
724 351 766 402 (Dz
781 351 857 402 team:
875 351 926 393 sibe
940 352 998 393 fidei

154 415 246 456 lumine
259 416 321 457 nihil
334 417 400 458 eliud
413 428 464 458 esse
475 427 602 467 possumus
614 416 661 456 nisi
674 416 795 463 tenebrae,
806 415 932 465 aberratio,
947 427 998 467 peo-

154 479 242 528 catum;
259 480 283 521 et
296 493 363 532 prop.
380 484 408 522 42
425 481 467 532 (Dz
484 480 560 531 1392lz
580 480 630 520 sine
647 479 765 520 sacrificio
787 480 845 520 fidei
867 480 929 520 nihil
951 479 998 521 nisi

154 544 283 596 impuritas
299 546 322 587 et
337 545 474 596 indignitas.

154 670 194 713 95.
227 671 420 724 Augustiflenses
435 672 484 712 suis
497 670 686 712 resinotionibus
698 672 721 712 et
733 670 927 713 distinctionibus
939 671 998 713 obti-

149 737 266 784 nuerunt,
285 747 313 776 ne
329 736 367 775 his
383 735 578 776 damnationibus
595 735 718 777 feriantur.
737 737 791 778 Sed
802 747 839 777 res
855 748 898 787 per
915 747 998 777 eorum

154 800 336 851 explicationem
351 801 417 841 haud
434 799 538 841 multum
554 801 667 842 mutatur.
685 800 768 841 Manet
784 801 847 842 enim
864 802 916 849 hoc,
934 802 998 851 quod

154 865 267 905 infideles
281 876 364 905 verum
381 866 457 906 Deum
474 864 611 916 ignorantes
626 864 709 906 saltem
726 865 830 915 practice
845 866 911 906 omni
928 877 999 916 opere

153 929 256 979 peccent,
275 930 299 970 et
313 929 414 970 minoris
431 930 545 971 momenti
563 940 612 970 esse
629 929 730 978 videtur,
749 929 813 971 unde
831 931 891 971 ratio
908 931 997 980 peccet-i

153 994 284 1044 proveniet⁴
307 994 469 1035 Alexander
486 994 541 1034 VIII
563 993 729 1035 universaliter
752 995 876 1036 damnavit
898 1006 965 1046 prop.
984 998 998 1035 8

154 1059 198 1108 (Da
212 1059 288 1110 leem:
308 1076 318 1095 «
326 1060 424 1099 Necesse
438 1059 472 1100 est
486 1058 610 1099 infidelem
625 1060 651 1099 iu
664 1060 729 1115 omni
744 1069 814 1109 opere
829 1070 932 1111 peccare.
942 1077 951 1095 n
966 1083 999 1088 —

152 1123 230 1174 Magis
246 1123 327 1164 cutem
342 1122 499 1164 adversantur
515 1124 700 1175 Augustinenses
718 1125 825 1174 sequenti
842 1124 911 1165 tliesi.
946 1164 948 1167 ,

152 1252 192 1293 96.
227 1252 260 1293 11.
276 1250 404 1305 Scriptura.
428 1254 447 1293 1.
463 1251 524 1299 Rom
537 1253 560 1300 2,
577 1252 674 1300 12-16,
691 1253 796 1294 maxime
808 1263 830 1294 v.
848 1252 884 1301 14,
900 1252 998 1304 ponitur
1038 1276 1041 1283 ι

153 1329 232 1358 casus:
252 1335 263 1354 1
271 1317 332 1357 Caua
344 1318 410 1357 euim
421 1323 509 1368 acates,
524 1328 584 1368 quae
597 1317 674 1369 leuem
686 1329 734 1357 nou
748 1317 848 1367 habeut,
857 1318 997 1359 naturaliter

153 1393 187 1429 ca,
206 1393 268 1432 quae
283 1382 341 1432 leuis
357 1387 420 1430 suut,
439 1382 531 1432 jactura
539 1395 558 1421 1.
575 1382 619 1422 Hic
635 1383 724 1434 egitur:

220 1472 243 1522 a]
264 1472 293 1512 de
317 1483 383 1512 casu
407 1483 462 1512 non
486 1471 594 1520 lineali,
614 1473 655 1512 sed
675 1472 769 1522 sceptus
787 1472 917 1513 verificeto,
938 1471 996 1513 Con-

120 1586 125 1591 1
151 1536 243 1577 iunctio
261 1536 317 1577 ὅταν
335 1536 463 1577 adhibetur
483 1537 527 1576 «tn
546 1536 668 1577 sententiis
686 1536 885 1587 generalibusde
905 1548 931 1578 ro
949 1548 997 1577 non

152 1600 226 1642 semel
239 1601 303 1655 certo
314 1601 419 1651 tempore
432 1600 562 1649 eveniente,
577 1601 617 1641 sed
631 1612 692 1652 quoe
705 1601 743 1641 oei
757 1612 838 1641 reuera
850 1601 945 1652 saepius
957 1601 994 1653 sit,

152 1665 195 1706 nbi
209 1666 304 1717 temnus
319 1666 342 1706 et
356 1665 447 1706 occasio
463 1666 516 1714 fert,
534 1666 572 1706 oei
587 1667 681 1716 saepius
696 1665 752 1716 lieri
766 1673 849 1716 potest,
872 1688 891 1702 =
912 1678 996 1717 quan-

152 1731 308 1782 docunque,
324 1730 462 1781 siquando,
479 1731 595 1781 quotiens²
612 1731 631 1771 si
639 1748 650 1766 ι)
669 1731 773 1782 (Zoreli).

220 1820 245 1871 b)
260 1821 289 1860 de
301 1820 420 1870 operibus,
434 1831 495 1871 quoe
507 1831 562 1860 non
574 1820 641 1860 511111
652 1820 767 1870 pecc-ote
780 1820 802 1860 et
814 1831 874 1870 quae
888 1819 996 1859 iaciendo

151 1882 223 1922 bomo
233 1893 282 1923 non
293 1882 384 1933 peccat:
397 1885 426 1924 τὰ
436 1891 478 1924 τοῦ
487 1884 562 1935 νόμου
574 1910 597 1916 -
613 1898 623 1918 «
631 1893 666 1931 ea,
679 1894 739 1933 quae
752 1882 809 1933 leuis
822 1888 906 1930 suram
920 1894 997 1933 «opus

151 1945 210 1995 leqis
225 1945 342 1995 scriptum
355 1946 382 1985 iu
396 1946 535 1995 cordibus»,
552 1945 578 1986 in
593 1945 736 1987 conscientie
751 1946 850 1986 naturae
864 1946 994 1993 rationulis,

153 2019 213 2059 queo
224 2008 281 2048 boni
291 2008 314 2049 et
324 2007 381 2049 mali
392 2019 503 2049 normam
514 2008 617 2049 exhibet.
628 2009 691 2059 Ergo
700 2007 736 2049 est
748 2018 825 2049 sermo
836 2009 866 2049 de
875 2008 995 2059 operibus,

152 2082 213 2121 quoe
228 2082 326 2111 normae
343 2070 484 2111 moralitatis
502 2071 633 2122 conformia
651 2071 712 2111 sunt.
732 2072 913 2120 Testimonium,
932 2074 996 2122 quod

153 2134 295 2174 ecusueutia
310 2135 338 2175 de
354 2135 392 2175 his
407 2134 521 2185 operibus
536 2134 620 2183 reddit,
639 2135 700 2176 certe
715 2134 822 2176 consistit
836 2136 862 2175 in
879 2135 997 2185 1011111110-

152 2195 223 2235 uibus
240 2196 423 2247 defendentibus
440 2198 464 2237 in
481 2197 520 2237 die
537 2196 619 2238 indicii
639 2198 670 2248 (v.
688 2198 752 2249 155).

221 2291 242 2340 0)
265 2291 419 2343 degentibus
433 2289 618 2337 infidelibus,
633 2300 683 2335 11011
697 2289 726 2328 de
743 2290 860 2329 conuersis
875 2289 906 2329 ad
921 2288 996 2329 iidem
1063 2318 1065 2320 .

152 2356 314 2397 cinistiouum¹
329 2358 378 2397 Hco
390 2356 452 2398 certo
465 2356 580 2406 probatur
593 2368 623 2396 ex
636 2355 777 2395 contextu.
794 2354 849 2406 Cap.
866 2355 886 2393 11
902 2354 936 2394 est
949 2364 995 2395 ser-

151 2434 191 2463 mo
205 2422 234 2463 de
249 2421 387 2463 infidelibus
401 2422 519 2474 gentibus.
536 2421 592 2472 Gap.
607 2423 629 2461 2⁰
644 2420 795 2462 contenditur
809 2420 881 2461 etiem
896 2419 995 2460 Iudaeos

87 2505 88 2509 ¹
151 2499 201 2529 esse
212 2488 351 2537 peccatores.
364 2489 417 2528 Non
429 2487 521 2528 sufficit
532 2488 618 2527 habere
629 2488 706 2537 legem
718 2485 838 2537 seriptum,
852 2485 893 2526 sed
905 2485 997 2536 oportet

151 2555 228 2605 legem
239 2554 344 2604 implere,
357 2554 406 2595 sive
417 2554 447 2595 sit
456 2555 544 2605 scripta
554 2554 591 2594 teu
602 2553 712 2601 mosaica,
725 2553 774 2594 sive
785 2564 819 2601 ee,
831 2562 904 2603 quem
915 2552 996 2602 gentes

151 2620 242 2661 babent
256 2621 367 2670 scripum
381 2621 408 2660 iu
422 2620 540 2660 cordibus.
557 2620 608 2659 Non
624 2619 751 2667 auditores,
767 2619 808 2659 sed
821 2618 922 2669 factores
936 2615 997 2667 legis

151 2688 177 2727 in
189 2686 278 2728 iudicio
289 2686 491 2738 iustificabuatur,
506 2687 522 2726 1.
535 2698 555 2726 e.
568 2685 727 2734 absolventur,
742 2696 791 2724 non
803 2683 995 2725 condemnabun-

149 2751 195 2792 tur⁴
209 2751 237 2791 In
250 2751 294 2790 hoa
305 2751 415 2792 contextu
427 2751 555 2801 Apostolus
565 2749 672 2801 loquitur
683 2750 712 2790 de
723 2748 841 2800 gentibue,
853 2758 914 2800 quae
922 2748 997 2801 φύσει,

149 2815 167 2856 i.
186 2827 204 2857 e.
222 2820 309 2854 natura
324 2815 383 2856 duce
399 2821 423 2855 at
437 2814 558 2866 mactum,
576 2814 601 2854 in
617 2813 765 2865 oppositione
782 2813 812 2853 011
829 2813 929 2853 ludaeos
944 2810 996 2862 lege

151 2881 234 2922 dlvine
248 2879 348 2932 positive
362 2880 466 2921 revelata
481 2879 608 2928 institutos,
625 2879 716 2920 fuciunt
729 2890 765 2927 eu,
782 2889 844 2928 quoe
857 2877 917 2927 legis
931 2876 994 2917 sunt.

151 2945 276 2988 Eiusmodi
295 2956 349 2986 non
368 2946 424 2987 sunt
441 2945 527 2996 gentes
541 2946 572 2986 ed
591 2945 665 2986 tidem
685 2944 840 2986 christianum
861 2953 996 2991 conversae·
