<?xml version="1.0" encoding="UTF-8"?>
<!DOCTYPE html PUBLIC "-//W3C//DTD XHTML 1.0 Transitional//EN"
    "http://www.w3.org/TR/xhtml1/DTD/xhtml1-transitional.dtd">
<html xmlns="http://www.w3.org/1999/xhtml" xml:lang="en" lang="en">
 <head>
  <title>
</title>
<meta http-equiv="Content-Type" content="text/html;charset=utf-8" />
  <meta name='ocr-system' content='tesseract 3.04.00' />
  <meta name='ocr-capabilities' content='ocr_page ocr_carea ocr_par ocr_line ocrx_word'/>
</head>
<body>
  <div class='ocr_page' id='page_1' title='image "./MN41637ucmf_2_0403.png"; bbox 0 0 2214 3350; ppageno 0'>
   <div class='ocr_carea' id='block_1_1' title="bbox 254 189 938 238">
    <p class='ocr_par' dir='ltr' id='par_1_1' title="bbox 254 189 938 238">
     <span class='ocr_line' id='line_1_1' title="bbox 254 189 938 238; baseline -0.007 -8"><span class='ocrx_word' id='word_1_1' title='bbox 254 196 331 231; x_wconf 79' lang='lat' dir='ltr'><strong>Thesis</strong></span> <span class='ocrx_word' id='word_1_2' title='bbox 347 194 375 231; x_wconf 86' lang='grc'><strong>18.</strong></span> <span class='ocrx_word' id='word_1_3' title='bbox 393 193 557 230; x_wconf 85' lang='lat' dir='ltr'><strong>illustrationes</strong></span> <span class='ocrx_word' id='word_1_4' title='bbox 573 193 594 228; x_wconf 86' lang='lat' dir='ltr'><strong>et</strong></span> <span class='ocrx_word' id='word_1_5' title='bbox 609 191 768 238; x_wconf 77' lang='lat' dir='ltr'>inspirationes</span> <span class='ocrx_word' id='word_1_6' title='bbox 902 189 938 226; x_wconf 68' lang='lat'><strong>369</strong></span> 
     </span>
    </p>
   </div>
   <div class='ocr_carea' id='block_1_2' title="bbox 89 297 936 534">
    <p class='ocr_par' dir='ltr' id='par_1_2' title="bbox 89 297 936 534">
     <span class='ocr_line' id='line_1_2' title="bbox 166 297 935 351; baseline -0.01 -5"><span class='ocrx_word' id='word_1_7' title='bbox 166 301 266 346; x_wconf 81' lang='lat' dir='ltr'><strong>Tlresr&#39;s</strong></span> <span class='ocrx_word' id='word_1_8' title='bbox 280 304 321 347; x_wconf 84' lang='grc'><strong>18.</strong></span> <span class='ocrx_word' id='word_1_9' title='bbox 354 303 479 345; x_wconf 80' lang='lat' dir='ltr'><strong>Exsistunt</strong></span> <span class='ocrx_word' id='word_1_10' title='bbox 494 300 581 342; x_wconf 82' lang='lat' dir='ltr'><strong>auxilia</strong></span> <span class='ocrx_word' id='word_1_11' title='bbox 595 297 700 341; x_wconf 82' lang='lat' dir='ltr'><strong>actualia</strong></span> <span class='ocrx_word' id='word_1_12' title='bbox 713 299 806 351; x_wconf 79' lang='lat' dir='ltr'><strong>gratiae</strong></span> <span class='ocrx_word' id='word_1_13' title='bbox 820 299 935 345; x_wconf 86' lang='lat' dir='ltr'><strong>internae,</strong></span> 
     </span>
     <span class='ocr_line' id='line_1_3' title="bbox 89 361 936 417; baseline -0.006 -12"><span class='ocrx_word' id='word_1_14' title='bbox 89 374 152 417; x_wconf 79' lang='lat' dir='ltr'><strong>quae</strong></span> <span class='ocrx_word' id='word_1_15' title='bbox 168 375 183 405; x_wconf 89' lang='lat' dir='ltr'><strong>a</strong></span> <span class='ocrx_word' id='word_1_16' title='bbox 198 365 304 407; x_wconf 83' lang='lat' dir='ltr'><strong>lontibus</strong></span> <span class='ocrx_word' id='word_1_17' title='bbox 320 366 460 407; x_wconf 84' lang='lat' dir='ltr'><strong>exhibentur</strong></span> <span class='ocrx_word' id='word_1_18' title='bbox 477 364 599 415; x_wconf 83' lang='lat' dir='ltr'><strong>tamquam</strong></span> <span class='ocrx_word' id='word_1_19' title='bbox 615 361 785 403; x_wconf 80' lang='lat' dir='ltr'><strong>illustrationes</strong></span> <span class='ocrx_word' id='word_1_20' title='bbox 800 361 936 403; x_wconf 84' lang='lat' dir='ltr'><strong>intellectus</strong></span> 
     </span>
     <span class='ocr_line' id='line_1_4' title="bbox 89 424 935 481; baseline -0.005 -13"><span class='ocrx_word' id='word_1_21' title='bbox 89 428 116 468; x_wconf 89' lang='lat' dir='ltr'><strong>et</strong></span> <span class='ocrx_word' id='word_1_22' title='bbox 140 426 307 480; x_wconf 83' lang='lat' dir='ltr'><strong>inspirationes</strong></span> <span class='ocrx_word' id='word_1_23' title='bbox 332 428 461 481; x_wconf 85' lang='lat' dir='ltr'><strong>voluntatis</strong></span> <span class='ocrx_word' id='word_1_24' title='bbox 486 424 638 467; x_wconf 82' lang='lat' dir='ltr'><strong>immediatae</strong></span> <span class='ocrx_word' id='word_1_25' title='bbox 665 425 840 477; x_wconf 84' lang='lat' dir='ltr'><strong>importantque</strong></span> <span class='ocrx_word' id='word_1_26' title='bbox 867 425 935 466; x_wconf 83' lang='lat' dir='ltr'><strong>attus</strong></span> 
     </span>
     <span class='ocr_line' id='line_1_5' title="bbox 89 489 573 534; baseline -0.002 -4"><span class='ocrx_word' id='word_1_27' title='bbox 89 489 176 531; x_wconf 89' lang='lat' dir='ltr'><strong>vitales</strong></span> <span class='ocrx_word' id='word_1_28' title='bbox 193 489 361 534; x_wconf 84' lang='lat' dir='ltr'><strong>indeliberatos</strong></span> <span class='ocrx_word' id='word_1_29' title='bbox 380 492 405 532; x_wconf 90' lang='lat' dir='ltr'><strong>et</strong></span> <span class='ocrx_word' id='word_1_30' title='bbox 420 490 573 531; x_wconf 86' lang='lat' dir='ltr'><strong>deliberatos.</strong></span> 
     </span>
    </p>
   </div>
   <div class='ocr_carea' id='block_1_3' title="bbox 90 600 933 651">
    <p class='ocr_par' dir='ltr' id='par_1_3' title="bbox 90 600 933 651">
     <span class='ocr_line' id='line_1_6' title="bbox 90 600 933 651; baseline -0.011 -6"><span class='ocrx_word' id='word_1_31' title='bbox 90 605 144 645; x_wconf 73' lang='lat'><strong>491.</strong></span> <span class='ocrx_word' id='word_1_32' title='bbox 184 606 201 640; x_wconf 91' lang='grc' dir='ltr'>Ρ</span> <span class='ocrx_word' id='word_1_33' title='bbox 215 614 247 651; x_wconf 89' lang='lat' dir='ltr'><strong>pr.</strong></span> <span class='ocrx_word' id='word_1_34' title='bbox 265 605 274 640; x_wconf 88' lang='lat'>1</span> <span class='ocrx_word' id='word_1_35' title='bbox 290 606 311 641; x_wconf 90' lang='lat' dir='ltr'><strong>et</strong></span> <span class='ocrx_word' id='word_1_36' title='bbox 323 606 341 642; x_wconf 82' lang='lat'><strong>2.</strong></span> <span class='ocrx_word' id='word_1_37' title='bbox 357 625 380 631; x_wconf 83' lang='lat'>—</span> <span class='ocrx_word' id='word_1_38' title='bbox 394 606 443 641; x_wconf 87' lang='lat' dir='ltr'><strong>Van</strong></span> <span class='ocrx_word' id='word_1_39' title='bbox 456 605 495 641; x_wconf 88' lang='lat' dir='ltr'><strong>der</strong></span> <span class='ocrx_word' id='word_1_40' title='bbox 510 602 610 640; x_wconf 87' lang='lat' dir='ltr'><strong>Meersch</strong></span> <span class='ocrx_word' id='word_1_41' title='bbox 623 612 644 638; x_wconf 88' lang='lat' dir='ltr'><strong>n.</strong></span> <span class='ocrx_word' id='word_1_42' title='bbox 660 601 755 639; x_wconf 60' lang='lat' dir='ltr'><strong>iau-260</strong></span> <span class='ocrx_word' id='word_1_43' title='bbox 768 600 810 637; x_wconf 77' lang='lat'><strong>277.</strong></span> <span class='ocrx_word' id='word_1_44' title='bbox 826 621 849 626; x_wconf 83' lang='lat'><em>—</em></span> <span class='ocrx_word' id='word_1_45' title='bbox 862 601 933 636; x_wconf 85' lang='lat' dir='ltr'><strong>Palm.</strong></span> 
     </span>
    </p>
   </div>
   <div class='ocr_carea' id='block_1_4' title="bbox 0 642 933 705">
    <p class='ocr_par' dir='ltr' id='par_1_4' title="bbox 0 642 933 705">
     <span class='ocr_line' id='line_1_7' title="bbox 0 642 933 705; baseline -0.003 -13"><span class='ocrx_word' id='word_1_46' title='bbox 0 642 11 705; x_wconf 61' lang='lat' dir='ltr'><strong><em>s</em></strong></span> <span class='ocrx_word' id='word_1_47' title='bbox 87 657 119 692; x_wconf 76' lang='lat' dir='ltr'><strong>tu.</strong></span> <span class='ocrx_word' id='word_1_48' title='bbox 132 655 197 692; x_wconf 84' lang='lat' dir='ltr'><strong>c-ro.</strong></span> <span class='ocrx_word' id='word_1_49' title='bbox 209 675 232 681; x_wconf 86' lang='lat'><em>-</em></span> <span class='ocrx_word' id='word_1_50' title='bbox 243 656 308 693; x_wconf 74' lang='lat' dir='ltr'><strong>Maza.</strong></span> <span class='ocrx_word' id='word_1_51' title='bbox 321 667 343 693; x_wconf 81' lang='lat' dir='ltr'><strong>n.</strong></span> <span class='ocrx_word' id='word_1_52' title='bbox 357 657 456 694; x_wconf 75' lang='lat' dir='ltr'><strong>tor-tio.</strong></span> <span class='ocrx_word' id='word_1_53' title='bbox 469 676 493 682; x_wconf 84' lang='lat'>-</span> <span class='ocrx_word' id='word_1_54' title='bbox 502 655 555 692; x_wconf 75' lang='lat' dir='ltr'><strong>Lan.</strong></span> <span class='ocrx_word' id='word_1_55' title='bbox 568 655 598 692; x_wconf 79' lang='lat' dir='ltr'><strong>m,</strong></span> <span class='ocrx_word' id='word_1_56' title='bbox 610 654 663 691; x_wconf 76' lang='lat' dir='ltr'><strong>a—o.</strong></span> <span class='ocrx_word' id='word_1_57' title='bbox 676 673 700 679; x_wconf 94' lang='lat'><em>-</em></span> <span class='ocrx_word' id='word_1_58' title='bbox 711 654 784 691; x_wconf 74' lang='lat' dir='ltr'><strong>schin.</strong></span> <span class='ocrx_word' id='word_1_59' title='bbox 798 663 819 689; x_wconf 80' lang='lat' dir='ltr'><strong>n.</strong></span> <span class='ocrx_word' id='word_1_60' title='bbox 834 651 933 689; x_wconf 79' lang='lat'>131-140.</span> 
     </span>
    </p>
   </div>
   <div class='ocr_carea' id='block_1_5' title="bbox 89 704 860 752">
    <p class='ocr_par' dir='ltr' id='par_1_5' title="bbox 89 704 860 752">
     <span class='ocr_line' id='line_1_8' title="bbox 89 704 860 752; baseline -0.003 -9"><span class='ocrx_word' id='word_1_61' title='bbox 89 727 114 733; x_wconf 81' lang='lat'>-</span> <span class='ocrx_word' id='word_1_62' title='bbox 124 708 173 744; x_wconf 91' lang='lat' dir='ltr'><strong>Ber.</strong></span> <span class='ocrx_word' id='word_1_63' title='bbox 188 717 209 743; x_wconf 93' lang='lat' dir='ltr'><strong>n.</strong></span> <span class='ocrx_word' id='word_1_64' title='bbox 224 707 382 746; x_wconf 50' lang='lat'><strong>4126559-75.</strong></span> <span class='ocrx_word' id='word_1_65' title='bbox 397 729 421 734; x_wconf 83' lang='lat'><em>-</em></span> <span class='ocrx_word' id='word_1_66' title='bbox 432 709 550 751; x_wconf 78' lang='lat' dir='ltr'><strong>schechem,</strong></span> <span class='ocrx_word' id='word_1_67' title='bbox 565 708 642 752; x_wconf 83' lang='lat' dir='ltr'><strong>Dogm.</strong></span> <span class='ocrx_word' id='word_1_68' title='bbox 657 707 697 750; x_wconf 84' lang='lat' dir='ltr'><strong>HI,</strong></span> <span class='ocrx_word' id='word_1_69' title='bbox 712 706 757 742; x_wconf 66' lang='lat' dir='ltr'><strong>tn.</strong></span> <span class='ocrx_word' id='word_1_70' title='bbox 771 704 860 742; x_wconf 76' lang='lat'><strong>31—121,</strong></span> 
     </span>
    </p>
   </div>
   <div class='ocr_carea' id='block_1_6' title="bbox 162 796 937 854">
    <p class='ocr_par' dir='ltr' id='par_1_6' title="bbox 162 796 937 854">
     <span class='ocr_line' id='line_1_9' title="bbox 162 796 937 854; baseline -0.008 -12"><span class='ocrx_word' id='word_1_71' title='bbox 162 797 202 842; x_wconf 78' lang='lat' dir='ltr'><strong>st.</strong></span> <span class='ocrx_word' id='word_1_72' title='bbox 219 810 264 854; x_wconf 85' lang='lat' dir='ltr'><strong>qu.</strong></span> <span class='ocrx_word' id='word_1_73' title='bbox 285 801 304 839; x_wconf 88' lang='lat'><strong>1.</strong></span> <span class='ocrx_word' id='word_1_74' title='bbox 323 798 413 840; x_wconf 74' lang='lat' dir='ltr'><strong>Nesus.</strong></span> <span class='ocrx_word' id='word_1_75' title='bbox 433 799 489 839; x_wconf 80' lang='lat' dir='ltr'><strong>Post</strong></span> <span class='ocrx_word' id='word_1_76' title='bbox 505 797 607 848; x_wconf 80' lang='lat' dir='ltr'><strong>gratiam</strong></span> <span class='ocrx_word' id='word_1_77' title='bbox 626 796 775 838; x_wconf 78' lang='lat' dir='ltr'><strong>habitualem</strong></span> <span class='ocrx_word' id='word_1_78' title='bbox 792 807 890 846; x_wconf 78' lang='lat' dir='ltr'><strong>agemus</strong></span> <span class='ocrx_word' id='word_1_79' title='bbox 908 797 937 836; x_wconf 91' lang='lat' dir='ltr'><strong>de</strong></span> 
     </span>
    </p>
   </div>
   <div class='ocr_carea' id='block_1_7' title="bbox 87 859 935 912">
    <p class='ocr_par' dir='ltr' id='par_1_7' title="bbox 4 855 935 912">
     <span class='ocr_line' id='line_1_10' title="bbox 87 859 935 912; baseline -0.003 -11.267"><span class='ocrx_word' id='word_1_80' title='bbox 87 860 167 912; x_wconf 85' lang='lat' dir='ltr'><strong>gratia</strong></span> <span class='ocrx_word' id='word_1_81' title='bbox 181 861 274 901; x_wconf 83' lang='lat' dir='ltr'><strong>actuali.</strong></span> <span class='ocrx_word' id='word_1_82' title='bbox 289 861 338 902; x_wconf 87' lang='lat' dir='ltr'><strong>Hae</strong></span> <span class='ocrx_word' id='word_1_83' title='bbox 354 861 415 902; x_wconf 81' lang='lat' dir='ltr'><strong>thesi</strong></span> <span class='ocrx_word' id='word_1_84' title='bbox 428 861 507 911; x_wconf 85' lang='lat' dir='ltr'><strong>agitur</strong></span> <span class='ocrx_word' id='word_1_85' title='bbox 521 861 550 902; x_wconf 87' lang='lat' dir='ltr'><strong>de</strong></span> <span class='ocrx_word' id='word_1_86' title='bbox 564 861 617 900; x_wconf 89' lang='lat' dir='ltr'><strong>eius</strong></span> <span class='ocrx_word' id='word_1_87' title='bbox 630 860 766 900; x_wconf 73' lang='lat' dir='ltr'><strong>exsistentia</strong></span> <span class='ocrx_word' id='word_1_88' title='bbox 781 859 804 900; x_wconf 91' lang='lat' dir='ltr'><strong>et</strong></span> <span class='ocrx_word' id='word_1_89' title='bbox 818 859 847 900; x_wconf 89' lang='lat' dir='ltr'><strong>de</strong></span> <span class='ocrx_word' id='word_1_90' title='bbox 859 870 935 898; x_wconf 81' lang='lat' dir='ltr'><strong>essen-</strong></span> 
     </span>
    </p>
   </div>
   <div class='ocr_carea' id='block_1_8' title="bbox 7 922 936 1100">
    <p class='ocr_par' dir='ltr' id='par_1_8' title="bbox 6 922 936 1100">
     <span class='ocr_line' id='line_1_11' title="bbox 7 922 936 974; baseline -0.003 -10"><span class='ocrx_word' id='word_1_91' title='bbox 7 955 9 974; x_wconf 70' lang='lat'><strong>,</strong></span> <span class='ocrx_word' id='word_1_92' title='bbox 91 924 130 971; x_wconf 88' lang='lat' dir='ltr'><strong>tia,</strong></span> <span class='ocrx_word' id='word_1_93' title='bbox 145 923 263 974; x_wconf 80' lang='lat' dir='ltr'><strong>quatenus</strong></span> <span class='ocrx_word' id='word_1_94' title='bbox 276 924 304 964; x_wconf 90' lang='lat' dir='ltr'><strong>de</strong></span> <span class='ocrx_word' id='word_1_95' title='bbox 317 936 346 965; x_wconf 89' lang='lat' dir='ltr'><strong>ea</strong></span> <span class='ocrx_word' id='word_1_96' title='bbox 359 923 516 964; x_wconf 81' lang='lat' dir='ltr'><strong>comniuniter</strong></span> <span class='ocrx_word' id='word_1_97' title='bbox 529 924 592 964; x_wconf 87' lang='lat' dir='ltr'><strong>iuter</strong></span> <span class='ocrx_word' id='word_1_98' title='bbox 605 923 734 964; x_wconf 76' lang='lat' dir='ltr'><strong>hodiernos</strong></span> <span class='ocrx_word' id='word_1_99' title='bbox 748 922 870 973; x_wconf 82' lang='lat' dir='ltr'><strong>theologos</strong></span> <span class='ocrx_word' id='word_1_100' title='bbox 883 932 936 963; x_wconf 86' lang='lat' dir='ltr'><strong>con-</strong></span> 
     </span>
     <span class='ocr_line' id='line_1_12' title="bbox 32 985 935 1037; baseline -0.002 -11.056"><span class='ocrx_word' id='word_1_101' title='bbox 32 1017 35 1022; x_wconf 93' lang='lat'>.</span> <span class='ocrx_word' id='word_1_102' title='bbox 88 986 142 1027; x_wconf 83' lang='lat' dir='ltr'><strong>stat.</strong></span> <span class='ocrx_word' id='word_1_103' title='bbox 156 987 271 1037; x_wconf 76' lang='lat' dir='ltr'><strong>Sequenti</strong></span> <span class='ocrx_word' id='word_1_104' title='bbox 282 987 343 1027; x_wconf 90' lang='lat' dir='ltr'><strong>thesi</strong></span> <span class='ocrx_word' id='word_1_105' title='bbox 357 998 385 1027; x_wconf 89' lang='lat' dir='ltr'><strong>ea</strong></span> <span class='ocrx_word' id='word_1_106' title='bbox 398 986 570 1034; x_wconf 87' lang='lat' dir='ltr'><strong>tractabuntur,</strong></span> <span class='ocrx_word' id='word_1_107' title='bbox 586 986 615 1026; x_wconf 89' lang='lat' dir='ltr'><strong>de</strong></span> <span class='ocrx_word' id='word_1_108' title='bbox 630 986 719 1037; x_wconf 80' lang='lat' dir='ltr'><strong>quibus</strong></span> <span class='ocrx_word' id='word_1_109' title='bbox 733 985 789 1026; x_wconf 87' lang='lat' dir='ltr'><strong>sunt</strong></span> <span class='ocrx_word' id='word_1_110' title='bbox 803 991 935 1025; x_wconf 81' lang='lat' dir='ltr'><strong>contrauer-</strong></span> 
     </span>
     <span class='ocr_line' id='line_1_13' title="bbox 87 1048 303 1100; baseline 0.005 -12"><span class='ocrx_word' id='word_1_111' title='bbox 87 1049 137 1089; x_wconf 79' lang='lat' dir='ltr'><strong>siac</strong></span> <span class='ocrx_word' id='word_1_112' title='bbox 151 1048 303 1100; x_wconf 84' lang='lat' dir='ltr'><strong>theologicae.</strong></span> 
     </span>
    </p>
   </div>
   <div class='ocr_carea' id='block_1_9' title="bbox 3 1157 950 2715">
    <p class='ocr_par' dir='ltr' id='par_1_9' title="bbox 1 1157 950 2715">
     <span class='ocr_line' id='line_1_14' title="bbox 3 1157 936 1214; baseline -0.001 -15"><span class='ocrx_word' id='word_1_113' title='bbox 3 1189 8 1214; x_wconf 48' lang='grc' dir='ltr'>Ξ</span> <span class='ocrx_word' id='word_1_114' title='bbox 87 1160 144 1200; x_wconf 83' lang='grc'><strong>492.</strong></span> <span class='ocrx_word' id='word_1_115' title='bbox 180 1163 201 1200; x_wconf 82' lang='lat'><strong>2.</strong></span> <span class='ocrx_word' id='word_1_116' title='bbox 222 1158 320 1200; x_wconf 85' lang='lat' dir='ltr'><strong>Sensus.</strong></span> <span class='ocrx_word' id='word_1_117' title='bbox 340 1160 367 1199; x_wconf 84' lang='lat' dir='ltr'><strong>A.</strong></span> <span class='ocrx_word' id='word_1_118' title='bbox 388 1159 538 1200; x_wconf 79' lang='lat' dir='ltr'><strong>Exsistunt</strong></span> <span class='ocrx_word' id='word_1_119' title='bbox 556 1157 667 1200; x_wconf 84' lang='lat' dir='ltr'><strong>auxilia</strong></span> <span class='ocrx_word' id='word_1_120' title='bbox 685 1159 717 1199; x_wconf 86' lang='lat' dir='ltr'><strong>ad</strong></span> <span class='ocrx_word' id='word_1_121' title='bbox 735 1157 801 1199; x_wconf 89' lang='lat' dir='ltr'><strong>actus</strong></span> <span class='ocrx_word' id='word_1_122' title='bbox 819 1158 936 1199; x_wconf 87' lang='lat' dir='ltr'><strong>salutares</strong></span> 
     </span>
     <span class='ocr_line' id='line_1_15' title="bbox 65 1214 936 1280; baseline 0 -20"><span class='ocrx_word' id='word_1_123' title='bbox 65 1226 67 1232; x_wconf 77' lang='grc'>’</span> <span class='ocrx_word' id='word_1_124' title='bbox 87 1222 224 1280; x_wconf 62' lang='lat' dir='ltr'><strong>eliciendus,</strong></span> <span class='ocrx_word' id='word_1_125' title='bbox 248 1247 280 1253; x_wconf 91' lang='lat'><strong>—</strong></span> <span class='ocrx_word' id='word_1_126' title='bbox 302 1233 350 1262; x_wconf 92' lang='lat' dir='ltr'><strong>non</strong></span> <span class='ocrx_word' id='word_1_127' title='bbox 367 1222 445 1262; x_wconf 86' lang='lat' dir='ltr'><strong>solum</strong></span> <span class='ocrx_word' id='word_1_128' title='bbox 464 1221 609 1271; x_wconf 72' lang='lat' dir='ltr'><strong>habitantia,</strong></span> <span class='ocrx_word' id='word_1_129' title='bbox 622 1222 672 1261; x_wconf 90' lang='lat' dir='ltr'><strong>scil.</strong></span> <span class='ocrx_word' id='word_1_130' title='bbox 691 1214 813 1271; x_wconf 75' lang='lat' dir='ltr'><strong>imprimis</strong></span> <span class='ocrx_word' id='word_1_131' title='bbox 835 1220 936 1262; x_wconf 84' lang='lat' dir='ltr'><strong>virtutes</strong></span> 
     </span>
     <span class='ocr_line' id='line_1_16' title="bbox 89 1284 934 1336; baseline 0 -12"><span class='ocrx_word' id='word_1_132' title='bbox 89 1285 189 1333; x_wconf 73' lang='lat' dir='ltr'><strong>infusae,</strong></span> <span class='ocrx_word' id='word_1_133' title='bbox 207 1285 235 1325; x_wconf 89' lang='lat' dir='ltr'><strong>de</strong></span> <span class='ocrx_word' id='word_1_134' title='bbox 248 1285 337 1336; x_wconf 84' lang='lat' dir='ltr'><strong>quibus</strong></span> <span class='ocrx_word' id='word_1_135' title='bbox 350 1284 450 1335; x_wconf 67' lang='lat' dir='ltr'><strong>egimus</strong></span> <span class='ocrx_word' id='word_1_136' title='bbox 464 1310 496 1316; x_wconf 80' lang='lat'><strong>—-</strong></span> <span class='ocrx_word' id='word_1_137' title='bbox 509 1285 550 1324; x_wconf 90' lang='lat' dir='ltr'><strong>sed</strong></span> <span class='ocrx_word' id='word_1_138' title='bbox 564 1284 637 1325; x_wconf 88' lang='lat' dir='ltr'><strong>etiam</strong></span> <span class='ocrx_word' id='word_1_139' title='bbox 652 1284 788 1333; x_wconf 86' lang='lat' dir='ltr'><strong>actualia,</strong></span> <span class='ocrx_word' id='word_1_140' title='bbox 804 1285 820 1324; x_wconf 89' lang='lat' dir='ltr'><strong>i.</strong></span> <span class='ocrx_word' id='word_1_141' title='bbox 837 1296 857 1325; x_wconf 78' lang='lat' dir='ltr'><strong>e,</strong></span> <span class='ocrx_word' id='word_1_142' title='bbox 874 1295 934 1335; x_wconf 82' lang='lat' dir='ltr'><strong>quae</strong></span> 
     </span>
     <span class='ocr_line' id='line_1_17' title="bbox 87 1346 934 1399; baseline 0 -13"><span class='ocrx_word' id='word_1_143' title='bbox 87 1358 136 1387; x_wconf 88' lang='lat' dir='ltr'><strong>non</strong></span> <span class='ocrx_word' id='word_1_144' title='bbox 152 1347 279 1388; x_wconf 84' lang='lat' dir='ltr'><strong>conferunt</strong></span> <span class='ocrx_word' id='word_1_145' title='bbox 293 1347 474 1396; x_wconf 82' lang='lat' dir='ltr'><strong>permanentem</strong></span> <span class='ocrx_word' id='word_1_146' title='bbox 491 1353 579 1388; x_wconf 87' lang='lat' dir='ltr'><strong>statum</strong></span> <span class='ocrx_word' id='word_1_147' title='bbox 598 1346 679 1399; x_wconf 50' lang='lat' dir='ltr'><strong>(iustis</strong></span> <span class='ocrx_word' id='word_1_148' title='bbox 690 1346 771 1388; x_wconf 84' lang='lat' dir='ltr'><strong>fidelis</strong></span> <span class='ocrx_word' id='word_1_149' title='bbox 787 1347 839 1399; x_wconf 84' lang='lat' dir='ltr'><strong>etc.)</strong></span> <span class='ocrx_word' id='word_1_150' title='bbox 858 1357 934 1397; x_wconf 81' lang='lat' dir='ltr'><strong>neque</strong></span> 
     </span>
     <span class='ocr_line' id='line_1_18' title="bbox 87 1409 935 1466; baseline -0.001 -16"><span class='ocrx_word' id='word_1_151' title='bbox 87 1410 177 1450; x_wconf 59' lang='lat' dir='ltr'><strong>&gt;dantur</strong></span> <span class='ocrx_word' id='word_1_152' title='bbox 202 1412 233 1451; x_wconf 90' lang='lat' dir='ltr'><strong>ad</strong></span> <span class='ocrx_word' id='word_1_153' title='bbox 260 1416 326 1450; x_wconf 85' lang='lat' dir='ltr'><strong>aetus</strong></span> <span class='ocrx_word' id='word_1_154' title='bbox 353 1409 456 1451; x_wconf 87' lang='lat' dir='ltr'><strong>alicuius</strong></span> <span class='ocrx_word' id='word_1_155' title='bbox 476 1410 571 1466; x_wconf 81' lang='lat' dir='ltr'><strong>virtutis</strong></span> <span class='ocrx_word' id='word_1_156' title='bbox 592 1409 782 1460; x_wconf 86' lang='lat' dir='ltr'><strong>supernaturalis</strong></span> <span class='ocrx_word' id='word_1_157' title='bbox 808 1410 935 1460; x_wconf 72' lang='lat' dir='ltr'><strong>indefinite</strong></span> 
     </span>
     <span class='ocr_line' id='line_1_19' title="bbox 86 1472 934 1524; baseline 0 -12"><span class='ocrx_word' id='word_1_158' title='bbox 86 1474 176 1513; x_wconf 81' lang='lat' dir='ltr'><strong>multas</strong></span> <span class='ocrx_word' id='word_1_159' title='bbox 188 1472 328 1521; x_wconf 81' lang='lat' dir='ltr'><strong>efficiendos,</strong></span> <span class='ocrx_word' id='word_1_160' title='bbox 343 1474 383 1514; x_wconf 88' lang='lat' dir='ltr'><strong>sed</strong></span> <span class='ocrx_word' id='word_1_161' title='bbox 395 1472 502 1524; x_wconf 85' lang='lat' dir='ltr'><strong>spectant</strong></span> <span class='ocrx_word' id='word_1_162' title='bbox 513 1474 544 1514; x_wconf 88' lang='lat' dir='ltr'><strong>ad</strong></span> <span class='ocrx_word' id='word_1_163' title='bbox 555 1473 660 1524; x_wconf 80' lang='lat' dir='ltr'><strong>aliquem</strong></span> <span class='ocrx_word' id='word_1_164' title='bbox 671 1474 841 1523; x_wconf 76' lang='lat' dir='ltr'><strong>particularem</strong></span> <span class='ocrx_word' id='word_1_165' title='bbox 855 1479 934 1513; x_wconf 85' lang='lat' dir='ltr'><strong>aetum</strong></span> 
     </span>
     <span class='ocr_line' id='line_1_20' title="bbox 88 1535 935 1587; baseline -0.001 -11"><span class='ocrx_word' id='word_1_166' title='bbox 88 1536 224 1585; x_wconf 84' lang='lat' dir='ltr'><strong>salutarem,</strong></span> <span class='ocrx_word' id='word_1_167' title='bbox 244 1546 291 1587; x_wconf 79' lang='lat' dir='ltr'><strong>quo</strong></span> <span class='ocrx_word' id='word_1_168' title='bbox 310 1535 387 1576; x_wconf 87' lang='lat' dir='ltr'><strong>elicito</strong></span> <span class='ocrx_word' id='word_1_169' title='bbox 407 1535 482 1576; x_wconf 82' lang='lat' dir='ltr'><strong>tinem</strong></span> <span class='ocrx_word' id='word_1_170' title='bbox 501 1546 571 1576; x_wconf 90' lang='lat' dir='ltr'><strong>suum</strong></span> <span class='ocrx_word' id='word_1_171' title='bbox 590 1535 720 1586; x_wconf 83' lang='lat' dir='ltr'><strong>attigerunt</strong></span> <span class='ocrx_word' id='word_1_172' title='bbox 739 1547 815 1586; x_wconf 85' lang='lat' dir='ltr'><strong>neque</strong></span> <span class='ocrx_word' id='word_1_173' title='bbox 834 1535 935 1576; x_wconf 87' lang='lat' dir='ltr'><strong>ulterius</strong></span> 
     </span>
     <span class='ocr_line' id='line_1_21' title="bbox 87 1598 933 1649; baseline 0 -11"><span class='ocrx_word' id='word_1_174' title='bbox 87 1598 225 1649; x_wconf 87' lang='lat' dir='ltr'><strong>perdurant.</strong></span> <span class='ocrx_word' id='word_1_175' title='bbox 244 1598 306 1640; x_wconf 85' lang='lat' dir='ltr'><strong>Sunt</strong></span> <span class='ocrx_word' id='word_1_176' title='bbox 321 1599 395 1649; x_wconf 85' lang='lat' dir='ltr'><strong>igitur</strong></span> <span class='ocrx_word' id='word_1_177' title='bbox 411 1598 501 1639; x_wconf 80' lang='lat' dir='ltr'><strong>auxilia</strong></span> <span class='ocrx_word' id='word_1_178' title='bbox 516 1598 602 1639; x_wconf 87' lang='lat' dir='ltr'><strong>natura</strong></span> <span class='ocrx_word' id='word_1_179' title='bbox 618 1609 661 1639; x_wconf 88' lang='lat' dir='ltr'><strong>sua</strong></span> <span class='ocrx_word' id='word_1_180' title='bbox 676 1598 824 1639; x_wconf 87' lang='lat' dir='ltr'><strong>transeuntia</strong></span> <span class='ocrx_word' id='word_1_181' title='bbox 840 1600 933 1639; x_wconf 85' lang='lat' dir='ltr'><strong>admo-</strong></span> 
     </span>
     <span class='ocr_line' id='line_1_22' title="bbox 87 1661 934 1712; baseline -0.002 -10"><span class='ocrx_word' id='word_1_182' title='bbox 87 1662 146 1702; x_wconf 87' lang='lat' dir='ltr'><strong>dum</strong></span> <span class='ocrx_word' id='word_1_183' title='bbox 165 1661 274 1702; x_wconf 87' lang='lat' dir='ltr'><strong>motuum</strong></span> <span class='ocrx_word' id='word_1_184' title='bbox 290 1662 339 1702; x_wconf 84' lang='lat' dir='ltr'><strong>sive</strong></span> <span class='ocrx_word' id='word_1_185' title='bbox 356 1662 454 1702; x_wconf 80' lang='lat' dir='ltr'><strong>aetnam</strong></span> <span class='ocrx_word' id='word_1_186' title='bbox 467 1661 571 1705; x_wconf 86' lang='lat' dir='ltr'><strong>animae.</strong></span> <span class='ocrx_word' id='word_1_187' title='bbox 590 1685 623 1690; x_wconf 86' lang='lat'>-</span> <span class='ocrx_word' id='word_1_188' title='bbox 640 1662 772 1712; x_wconf 81' lang='lat' dir='ltr'><strong>Loquimur</strong></span> <span class='ocrx_word' id='word_1_189' title='bbox 790 1662 818 1702; x_wconf 89' lang='lat' dir='ltr'><strong>de</strong></span> <span class='ocrx_word' id='word_1_190' title='bbox 837 1661 934 1702; x_wconf 82' lang='lat' dir='ltr'><strong>auxiliis</strong></span> 
     </span>
     <span class='ocr_line' id='line_1_23' title="bbox 87 1718 934 1775; baseline 0.002 -12"><span class='ocrx_word' id='word_1_191' title='bbox 87 1723 196 1775; x_wconf 83' lang='lat' dir='ltr'><strong>gratiae</strong></span> <span class='ocrx_word' id='word_1_192' title='bbox 220 1724 362 1764; x_wconf 89' lang='lat' dir='ltr'><strong>internae.</strong></span> <span class='ocrx_word' id='word_1_193' title='bbox 389 1718 500 1764; x_wconf 71' lang='lat' dir='ltr'><strong>Iuiluirus</strong></span> <span class='ocrx_word' id='word_1_194' title='bbox 524 1724 674 1765; x_wconf 87' lang='lat' dir='ltr'><strong>transeuntes</strong></span> <span class='ocrx_word' id='word_1_195' title='bbox 695 1724 826 1764; x_wconf 87' lang='lat' dir='ltr'><strong>multarum</strong></span> <span class='ocrx_word' id='word_1_196' title='bbox 852 1735 934 1765; x_wconf 87' lang='lat' dir='ltr'><strong>rerum</strong></span> 
     </span>
     <span class='ocr_line' id='line_1_24' title="bbox 86 1786 933 1838; baseline 0.001 -13"><span class='ocrx_word' id='word_1_197' title='bbox 86 1792 240 1827; x_wconf 79' lang='lat' dir='ltr'><strong>aeternarum</strong></span> <span class='ocrx_word' id='word_1_198' title='bbox 251 1787 366 1827; x_wconf 85' lang='lat' dir='ltr'><strong>adiuvant</strong></span> <span class='ocrx_word' id='word_1_199' title='bbox 377 1787 408 1827; x_wconf 87' lang='lat' dir='ltr'><strong>ad</strong></span> <span class='ocrx_word' id='word_1_200' title='bbox 420 1786 526 1834; x_wconf 87' lang='lat' dir='ltr'><strong>salutem,</strong></span> <span class='ocrx_word' id='word_1_201' title='bbox 541 1787 666 1827; x_wconf 87' lang='lat' dir='ltr'><strong>accedente</strong></span> <span class='ocrx_word' id='word_1_202' title='bbox 678 1786 760 1838; x_wconf 83' lang='lat' dir='ltr'><strong>utique</strong></span> <span class='ocrx_word' id='word_1_203' title='bbox 773 1787 850 1838; x_wconf 85' lang='lat' dir='ltr'><strong>gratia</strong></span> <span class='ocrx_word' id='word_1_204' title='bbox 862 1786 933 1827; x_wconf 86' lang='lat' dir='ltr'><strong>inter-</strong></span> 
     </span>
     <span class='ocr_line' id='line_1_25' title="bbox 87 1849 932 1900; baseline 0.001 -12"><span class='ocrx_word' id='word_1_205' title='bbox 87 1861 125 1898; x_wconf 88' lang='lat' dir='ltr'><strong>na,</strong></span> <span class='ocrx_word' id='word_1_206' title='bbox 145 1850 270 1900; x_wconf 81' lang='lat' dir='ltr'><strong>omnisque</strong></span> <span class='ocrx_word' id='word_1_207' title='bbox 294 1849 445 1899; x_wconf 79' lang='lat' dir='ltr'><strong>prouidentia</strong></span> <span class='ocrx_word' id='word_1_208' title='bbox 462 1850 505 1889; x_wconf 89' lang='lat' dir='ltr'><strong>Dei</strong></span> <span class='ocrx_word' id='word_1_209' title='bbox 523 1850 549 1889; x_wconf 92' lang='lat' dir='ltr'><strong>in</strong></span> <span class='ocrx_word' id='word_1_210' title='bbox 567 1850 612 1890; x_wconf 86' lang='lat' dir='ltr'><strong>hoc</strong></span> <span class='ocrx_word' id='word_1_211' title='bbox 628 1850 711 1890; x_wconf 83' lang='lat' dir='ltr'><strong>ordine</strong></span> <span class='ocrx_word' id='word_1_212' title='bbox 737 1849 836 1891; x_wconf 85' lang='lat' dir='ltr'><strong>inservit</strong></span> <span class='ocrx_word' id='word_1_213' title='bbox 861 1849 932 1890; x_wconf 88' lang='lat' dir='ltr'><strong>saluti</strong></span> 
     </span>
     <span class='ocr_line' id='line_1_26' title="bbox 87 1911 933 1963; baseline 0.001 -12"><span class='ocrx_word' id='word_1_214' title='bbox 87 1912 263 1963; x_wconf 78' lang='lat' dir='ltr'><strong>supernaturali</strong></span> <span class='ocrx_word' id='word_1_215' title='bbox 290 1912 329 1963; x_wconf 84' lang='lat' dir='ltr'><strong>(el.</strong></span> <span class='ocrx_word' id='word_1_216' title='bbox 350 1913 369 1952; x_wconf 91' lang='lat' dir='ltr'>P</span> <span class='ocrx_word' id='word_1_217' title='bbox 388 1912 434 1963; x_wconf 81' lang='lat'>25).</span> <span class='ocrx_word' id='word_1_218' title='bbox 460 1911 506 1953; x_wconf 87' lang='lat' dir='ltr'><strong>Ista</strong></span> <span class='ocrx_word' id='word_1_219' title='bbox 525 1912 623 1953; x_wconf 80' lang='lat' dir='ltr'><strong>externa</strong></span> <span class='ocrx_word' id='word_1_220' title='bbox 642 1911 781 1954; x_wconf 85' lang='lat' dir='ltr'><strong>adiumenta</strong></span> <span class='ocrx_word' id='word_1_221' title='bbox 799 1924 864 1954; x_wconf 90' lang='lat' dir='ltr'><strong>nunc</strong></span> <span class='ocrx_word' id='word_1_222' title='bbox 884 1924 933 1954; x_wconf 88' lang='lat' dir='ltr'><strong>non</strong></span> 
     </span>
     <span class='ocr_line' id='line_1_27' title="bbox 86 1974 933 2025; baseline 0.001 -10"><span class='ocrx_word' id='word_1_223' title='bbox 86 1986 206 2024; x_wconf 87' lang='lat' dir='ltr'><strong>curamus,</strong></span> <span class='ocrx_word' id='word_1_224' title='bbox 225 1975 308 2015; x_wconf 88' lang='lat' dir='ltr'><strong>sedin</strong></span> <span class='ocrx_word' id='word_1_225' title='bbox 325 1975 369 2015; x_wconf 85' lang='lat' dir='ltr'><strong>hac</strong></span> <span class='ocrx_word' id='word_1_226' title='bbox 386 1974 487 2015; x_wconf 73' lang='lat' dir='ltr'><strong>sectione</strong></span> <span class='ocrx_word' id='word_1_227' title='bbox 504 1986 552 2015; x_wconf 88' lang='lat' dir='ltr'><strong>non</strong></span> <span class='ocrx_word' id='word_1_228' title='bbox 569 1974 716 2016; x_wconf 86' lang='lat' dir='ltr'><strong>attendimus</strong></span> <span class='ocrx_word' id='word_1_229' title='bbox 732 1976 779 2015; x_wconf 89' lang='lat' dir='ltr'><strong>nisi</strong></span> <span class='ocrx_word' id='word_1_230' title='bbox 796 1977 827 2017; x_wconf 84' lang='lat' dir='ltr'><strong>ad</strong></span> <span class='ocrx_word' id='word_1_231' title='bbox 844 1976 933 2025; x_wconf 85' lang='lat' dir='ltr'><strong>gratias</strong></span> 
     </span>
     <span class='ocr_line' id='line_1_28' title="bbox 86 2037 932 2090; baseline 0.001 -13"><span class='ocrx_word' id='word_1_232' title='bbox 86 2037 199 2086; x_wconf 83' lang='lat' dir='ltr'><strong>internas,</strong></span> <span class='ocrx_word' id='word_1_233' title='bbox 216 2037 287 2088; x_wconf 87' lang='lat' dir='ltr'><strong>prout</strong></span> <span class='ocrx_word' id='word_1_234' title='bbox 299 2038 332 2078; x_wconf 88' lang='lat' dir='ltr'><strong>th.</strong></span> <span class='ocrx_word' id='word_1_235' title='bbox 350 2040 361 2078; x_wconf 87' lang='grc'><strong>1</strong></span> <span class='ocrx_word' id='word_1_236' title='bbox 377 2038 408 2078; x_wconf 91' lang='grc' dir='ltr'><em>ἃᾶ</em></span> <span class='ocrx_word' id='word_1_237' title='bbox 422 2048 519 2078; x_wconf 87' lang='lat' dir='ltr'><strong>omnem</strong></span> <span class='ocrx_word' id='word_1_238' title='bbox 534 2038 615 2079; x_wconf 90' lang='lat' dir='ltr'><strong>actum</strong></span> <span class='ocrx_word' id='word_1_239' title='bbox 629 2038 757 2079; x_wconf 86' lang='lat' dir='ltr'><strong>salutarem</strong></span> <span class='ocrx_word' id='word_1_240' title='bbox 773 2039 864 2089; x_wconf 82' lang='lat' dir='ltr'><strong>requiri</strong></span> <span class='ocrx_word' id='word_1_241' title='bbox 879 2050 932 2090; x_wconf 88' lang='lat' dir='ltr'><strong>pro-</strong></span> 
     </span>
     <span class='ocr_line' id='line_1_29' title="bbox 85 2100 932 2151; baseline 0 -10"><span class='ocrx_word' id='word_1_242' title='bbox 85 2100 204 2141; x_wconf 78' lang='lat' dir='ltr'><strong>bavimus.</strong></span> <span class='ocrx_word' id='word_1_243' title='bbox 222 2101 286 2140; x_wconf 90' lang='lat' dir='ltr'><strong>Deus</strong></span> <span class='ocrx_word' id='word_1_244' title='bbox 301 2100 325 2141; x_wconf 90' lang='lat' dir='ltr'><strong>et</strong></span> <span class='ocrx_word' id='word_1_245' title='bbox 340 2100 419 2151; x_wconf 84' lang='lat' dir='ltr'><strong>angeli</strong></span> <span class='ocrx_word' id='word_1_246' title='bbox 436 2101 536 2151; x_wconf 88' lang='lat' dir='ltr'><strong>possunt</strong></span> <span class='ocrx_word' id='word_1_247' title='bbox 551 2100 624 2142; x_wconf 89' lang='lat' dir='ltr'><strong>etiam</strong></span> <span class='ocrx_word' id='word_1_248' title='bbox 640 2101 720 2142; x_wconf 88' lang='lat' dir='ltr'><strong>motus</strong></span> <span class='ocrx_word' id='word_1_249' title='bbox 736 2101 842 2143; x_wconf 84' lang='lat' dir='ltr'><strong>internos</strong></span> <span class='ocrx_word' id='word_1_250' title='bbox 859 2103 932 2143; x_wconf 86' lang='lat' dir='ltr'><strong>iacul-</strong></span> 
     </span>
     <span class='ocr_line' id='line_1_30' title="bbox 85 2162 932 2216; baseline 0.002 -13"><span class='ocrx_word' id='word_1_251' title='bbox 85 2162 163 2204; x_wconf 90' lang='lat' dir='ltr'><strong>tatum</strong></span> <span class='ocrx_word' id='word_1_252' title='bbox 177 2163 345 2203; x_wconf 79' lang='lat' dir='ltr'><strong>sensitiuarum</strong></span> <span class='ocrx_word' id='word_1_253' title='bbox 359 2162 462 2204; x_wconf 76' lang='lat' dir='ltr'><strong>excitare</strong></span> <span class='ocrx_word' id='word_1_254' title='bbox 479 2165 505 2216; x_wconf 87' lang='lat' dir='ltr'><strong>(P</strong></span> <span class='ocrx_word' id='word_1_255' title='bbox 520 2164 566 2214; x_wconf 78' lang='grc'>26).</span> <span class='ocrx_word' id='word_1_256' title='bbox 582 2165 674 2204; x_wconf 80' lang='lat' dir='ltr'><strong>Tamen</strong></span> <span class='ocrx_word' id='word_1_257' title='bbox 689 2176 760 2204; x_wconf 86' lang='lat' dir='ltr'><strong>sensu</strong></span> <span class='ocrx_word' id='word_1_258' title='bbox 774 2166 853 2205; x_wconf 81' lang='lat' dir='ltr'><strong>stricte</strong></span> <span class='ocrx_word' id='word_1_259' title='bbox 870 2165 932 2205; x_wconf 78' lang='lat' dir='ltr'><strong>theo-</strong></span> 
     </span>
     <span class='ocr_line' id='line_1_31' title="bbox 85 2225 932 2278; baseline 0.002 -13"><span class='ocrx_word' id='word_1_260' title='bbox 85 2225 162 2277; x_wconf 76' lang='lat' dir='ltr'><strong>lcpieo</strong></span> <span class='ocrx_word' id='word_1_261' title='bbox 174 2225 267 2267; x_wconf 86' lang='lat' dir='ltr'><strong>interna</strong></span> <span class='ocrx_word' id='word_1_262' title='bbox 277 2226 354 2276; x_wconf 85' lang='lat' dir='ltr'><strong>gratia</strong></span> <span class='ocrx_word' id='word_1_263' title='bbox 366 2226 477 2267; x_wconf 81' lang='lat' dir='ltr'><strong>salutaris</strong></span> <span class='ocrx_word' id='word_1_264' title='bbox 488 2226 635 2277; x_wconf 84' lang='lat' dir='ltr'><strong>intellegitur</strong></span> <span class='ocrx_word' id='word_1_265' title='bbox 646 2239 681 2275; x_wconf 85' lang='lat' dir='ltr'><strong>ea,</strong></span> <span class='ocrx_word' id='word_1_266' title='bbox 696 2239 756 2278; x_wconf 84' lang='lat' dir='ltr'><strong>quae</strong></span> <span class='ocrx_word' id='word_1_267' title='bbox 769 2228 932 2278; x_wconf 79' lang='lat' dir='ltr'><strong>superioribus</strong></span> 
     </span>
     <span class='ocr_line' id='line_1_32' title="bbox 86 2288 930 2341; baseline 0.004 -14"><span class='ocrx_word' id='word_1_268' title='bbox 86 2288 241 2329; x_wconf 76' lang='lat' dir='ltr'><strong>facultatibus</strong></span> <span class='ocrx_word' id='word_1_269' title='bbox 252 2289 346 2329; x_wconf 89' lang='lat' dir='ltr'><strong>animae</strong></span> <span class='ocrx_word' id='word_1_270' title='bbox 359 2289 488 2337; x_wconf 64' lang='lat' dir='ltr'><strong>confertum</strong></span> <span class='ocrx_word' id='word_1_271' title='bbox 501 2301 558 2330; x_wconf 88' lang='lat' dir='ltr'><strong>nam</strong></span> <span class='ocrx_word' id='word_1_272' title='bbox 571 2291 637 2341; x_wconf 85' lang='lat' dir='ltr'><strong>ipsae</strong></span> <span class='ocrx_word' id='word_1_273' title='bbox 650 2289 719 2339; x_wconf 84' lang='lat' dir='ltr'><strong>solae,</strong></span> <span class='ocrx_word' id='word_1_274' title='bbox 734 2290 868 2331; x_wconf 88' lang='lat' dir='ltr'><strong>intellectus</strong></span> <span class='ocrx_word' id='word_1_275' title='bbox 881 2289 930 2330; x_wconf 87' lang='lat' dir='ltr'><strong>scil.</strong></span> 
     </span>
     <span class='ocr_line' id='line_1_33' title="bbox 85 2351 930 2403; baseline 0.002 -13"><span class='ocrx_word' id='word_1_276' title='bbox 85 2351 109 2391; x_wconf 88' lang='lat' dir='ltr'><strong>et</strong></span> <span class='ocrx_word' id='word_1_277' title='bbox 124 2351 242 2399; x_wconf 87' lang='lat' dir='ltr'><strong>voluntas,</strong></span> <span class='ocrx_word' id='word_1_278' title='bbox 263 2351 330 2392; x_wconf 89' lang='lat' dir='ltr'><strong>actus</strong></span> <span class='ocrx_word' id='word_1_279' title='bbox 348 2351 489 2402; x_wconf 84' lang='lat' dir='ltr'><strong>simpliciter</strong></span> <span class='ocrx_word' id='word_1_280' title='bbox 507 2352 701 2403; x_wconf 82' lang='lat' dir='ltr'><strong>supernaturales</strong></span> <span class='ocrx_word' id='word_1_281' title='bbox 720 2353 803 2394; x_wconf 82' lang='lat' dir='ltr'><strong>elicere</strong></span> <span class='ocrx_word' id='word_1_282' title='bbox 823 2353 930 2403; x_wconf 83' lang='lat' dir='ltr'><strong>possunt.</strong></span> 
     </span>
     <span class='ocr_line' id='line_1_34' title="bbox 87 2414 933 2468; baseline 0.001 -14"><span class='ocrx_word' id='word_1_283' title='bbox 87 2414 133 2454; x_wconf 83' lang='lat' dir='ltr'><strong>Sed</strong></span> <span class='ocrx_word' id='word_1_284' title='bbox 147 2415 177 2455; x_wconf 86' lang='lat' dir='ltr'><strong>ad</strong></span> <span class='ocrx_word' id='word_1_285' title='bbox 190 2414 234 2454; x_wconf 87' lang='lat' dir='ltr'><strong>hcc</strong></span> <span class='ocrx_word' id='word_1_286' title='bbox 247 2414 334 2455; x_wconf 86' lang='lat' dir='ltr'><strong>debent</strong></span> <span class='ocrx_word' id='word_1_287' title='bbox 346 2414 559 2465; x_wconf 82' lang='lat' dir='ltr'><strong>supernaturaliter</strong></span> <span class='ocrx_word' id='word_1_288' title='bbox 570 2416 658 2456; x_wconf 80' lang='lat' dir='ltr'><strong>elevari</strong></span> <span class='ocrx_word' id='word_1_289' title='bbox 673 2417 712 2468; x_wconf 81' lang='lat' dir='ltr'><strong>(ci.</strong></span> <span class='ocrx_word' id='word_1_290' title='bbox 727 2416 760 2457; x_wconf 78' lang='lat' dir='ltr'><strong>tu.</strong></span> <span class='ocrx_word' id='word_1_291' title='bbox 777 2418 820 2468; x_wconf 83' lang='lat'>10).</span> <span class='ocrx_word' id='word_1_292' title='bbox 836 2416 933 2458; x_wconf 88' lang='lat' dir='ltr'><strong>Praeter</strong></span> 
     </span>
     <span class='ocr_line' id='line_1_35' title="bbox 84 2476 950 2529; baseline 0.005 -14"><span class='ocrx_word' id='word_1_293' title='bbox 84 2487 138 2517; x_wconf 89' lang='lat' dir='ltr'><strong>eam</strong></span> <span class='ocrx_word' id='word_1_294' title='bbox 154 2477 310 2517; x_wconf 84' lang='lat' dir='ltr'><strong>elevationem</strong></span> <span class='ocrx_word' id='word_1_295' title='bbox 325 2476 480 2526; x_wconf 84' lang='lat' dir='ltr'><strong>habitualem,</strong></span> <span class='ocrx_word' id='word_1_296' title='bbox 498 2477 527 2518; x_wconf 89' lang='lat' dir='ltr'><strong>de</strong></span> <span class='ocrx_word' id='word_1_297' title='bbox 543 2490 591 2529; x_wconf 82' lang='lat' dir='ltr'><strong>qua</strong></span> <span class='ocrx_word' id='word_1_298' title='bbox 607 2478 633 2519; x_wconf 86' lang='lat' dir='ltr'><strong>in</strong></span> <span class='ocrx_word' id='word_1_299' title='bbox 648 2478 681 2519; x_wconf 92' lang='lat' dir='ltr'><strong>th.</strong></span> <span class='ocrx_word' id='word_1_300' title='bbox 700 2482 725 2519; x_wconf 78' lang='lat'><strong>13</strong></span> <span class='ocrx_word' id='word_1_301' title='bbox 741 2479 840 2528; x_wconf 80' lang='lat' dir='ltr'><strong>egimus,</strong></span> <span class='ocrx_word' id='word_1_302' title='bbox 858 2479 931 2520; x_wconf 87' lang='lat' dir='ltr'><strong>etiam</strong></span> <span class='ocrx_word' id='word_1_303' title='bbox 949 2497 950 2500; x_wconf 39' lang='lat'>¹</span> 
     </span>
     <span class='ocr_line' id='line_1_36' title="bbox 86 2539 931 2591; baseline 0.005 -13"><span class='ocrx_word' id='word_1_304' title='bbox 86 2539 234 2580; x_wconf 85' lang='lat' dir='ltr'><strong>admittenda</strong></span> <span class='ocrx_word' id='word_1_305' title='bbox 250 2539 284 2579; x_wconf 88' lang='lat' dir='ltr'><strong>est</strong></span> <span class='ocrx_word' id='word_1_306' title='bbox 303 2539 400 2579; x_wconf 74' lang='lat' dir='ltr'><strong>elevatio</strong></span> <span class='ocrx_word' id='word_1_307' title='bbox 419 2541 535 2580; x_wconf 82' lang='lat' dir='ltr'><strong>transiens</strong></span> <span class='ocrx_word' id='word_1_308' title='bbox 554 2552 597 2591; x_wconf 88' lang='lat' dir='ltr'><strong>per</strong></span> <span class='ocrx_word' id='word_1_309' title='bbox 615 2541 705 2582; x_wconf 78' lang='lat' dir='ltr'><strong>auxilia</strong></span> <span class='ocrx_word' id='word_1_310' title='bbox 719 2541 828 2582; x_wconf 80' lang='lat' dir='ltr'><strong>actualia.</strong></span> <span class='ocrx_word' id='word_1_311' title='bbox 849 2542 931 2582; x_wconf 87' lang='lat' dir='ltr'><strong>Primo</strong></span> 
     </span>
     <span class='ocr_line' id='line_1_37' title="bbox 85 2600 932 2651; baseline 0.006 -11"><span class='ocrx_word' id='word_1_312' title='bbox 85 2600 159 2651; x_wconf 84' lang='lat' dir='ltr'><strong>igitur</strong></span> <span class='ocrx_word' id='word_1_313' title='bbox 176 2601 227 2642; x_wconf 89' lang='lat' dir='ltr'><strong>loco</strong></span> <span class='ocrx_word' id='word_1_314' title='bbox 246 2602 407 2641; x_wconf 69' lang='lat' dir='ltr'><strong>exsistentiam</strong></span> <span class='ocrx_word' id='word_1_315' title='bbox 427 2602 556 2643; x_wconf 85' lang='lat' dir='ltr'><strong>actualium</strong></span> <span class='ocrx_word' id='word_1_316' title='bbox 576 2603 721 2644; x_wconf 79' lang='lat' dir='ltr'><strong>auxiliorum</strong></span> <span class='ocrx_word' id='word_1_317' title='bbox 740 2604 890 2646; x_wconf 87' lang='lat' dir='ltr'><strong>internorum</strong></span> <span class='ocrx_word' id='word_1_318' title='bbox 909 2605 932 2645; x_wconf 92' lang='lat' dir='ltr'><strong>et</strong></span> 
     </span>
     <span class='ocr_line' id='line_1_38' title="bbox 84 2663 458 2715; baseline 0 -13"><span class='ocrx_word' id='word_1_319' title='bbox 84 2663 307 2714; x_wconf 84' lang='lat' dir='ltr'><strong>supernaturalium</strong></span> <span class='ocrx_word' id='word_1_320' title='bbox 322 2664 458 2715; x_wconf 78' lang='lat' dir='ltr'><strong>probamus.</strong></span> 
     </span>
    </p>
   </div>
   <div class='ocr_carea' id='block_1_10' title="bbox 0 2776 932 3018">
    <p class='ocr_par' dir='ltr' id='par_1_10' title="bbox 0 2776 930 2961">
     <span class='ocr_line' id='line_1_39' title="bbox 84 2776 929 2833; baseline 0.006 -16"><span class='ocrx_word' id='word_1_321' title='bbox 84 2776 140 2818; x_wconf 84' lang='grc'><strong>493.</strong></span> <span class='ocrx_word' id='word_1_322' title='bbox 177 2779 203 2818; x_wconf 89' lang='grc' dir='ltr'><strong>Β.</strong></span> <span class='ocrx_word' id='word_1_323' title='bbox 222 2778 284 2828; x_wconf 84' lang='lat' dir='ltr'><strong>Quid</strong></span> <span class='ocrx_word' id='word_1_324' title='bbox 300 2778 356 2818; x_wconf 90' lang='lat' dir='ltr'><strong>sunt</strong></span> <span class='ocrx_word' id='word_1_325' title='bbox 370 2778 428 2818; x_wconf 88' lang='lat' dir='ltr'><strong>haec</strong></span> <span class='ocrx_word' id='word_1_326' title='bbox 444 2778 547 2820; x_wconf 70' lang='lat' dir='ltr'><strong>auxilia?</strong></span> <span class='ocrx_word' id='word_1_327' title='bbox 562 2782 583 2832; x_wconf 78' lang='lat' dir='ltr'><strong>a)</strong></span> <span class='ocrx_word' id='word_1_328' title='bbox 602 2781 623 2820; x_wconf 86' lang='grc' dir='ltr'><strong>Α</strong></span> <span class='ocrx_word' id='word_1_329' title='bbox 639 2779 779 2829; x_wconf 80' lang='lat' dir='ltr'><strong>tentibus,</strong></span> <span class='ocrx_word' id='word_1_330' title='bbox 799 2782 929 2833; x_wconf 83' lang='lat' dir='ltr'><strong>Scriptura,</strong></span> 
     </span>
     <span class='ocr_line' id='line_1_40' title="bbox 85 2839 930 2895; baseline 0.008 -17"><span class='ocrx_word' id='word_1_331' title='bbox 85 2839 203 2889; x_wconf 85' lang='lat' dir='ltr'><strong>Patribus,</strong></span> <span class='ocrx_word' id='word_1_332' title='bbox 226 2839 374 2881; x_wconf 87' lang='lat' dir='ltr'><strong>documentis</strong></span> <span class='ocrx_word' id='word_1_333' title='bbox 392 2840 516 2890; x_wconf 86' lang='lat' dir='ltr'><strong>Ecclesiae,</strong></span> <span class='ocrx_word' id='word_1_334' title='bbox 543 2841 727 2891; x_wconf 85' lang='lat' dir='ltr'><strong>exhihentur,</strong></span> <span class='ocrx_word' id='word_1_335' title='bbox 752 2844 801 2884; x_wconf 81' lang='lat' dir='ltr'><strong>sive</strong></span> <span class='ocrx_word' id='word_1_336' title='bbox 821 2845 930 2895; x_wconf 82' lang='lat' dir='ltr'><strong>explicite</strong></span> 
     </span>
     <span class='ocr_line' id='line_1_41' title="bbox 0 2902 929 2961; baseline 0.009 -22"><span class='ocrx_word' id='word_1_337' title='bbox 0 2936 2 2961; x_wconf 19' lang='grc' dir='ltr'><em>ᾗ</em></span> <span class='ocrx_word' id='word_1_338' title='bbox 85 2903 122 2941; x_wconf 87' lang='lat' dir='ltr'><strong>vel</strong></span> <span class='ocrx_word' id='word_1_339' title='bbox 144 2902 321 2953; x_wconf 86' lang='lat' dir='ltr'><strong>aequivalenter</strong></span> <span class='ocrx_word' id='word_1_340' title='bbox 341 2902 374 2942; x_wconf 89' lang='lat' dir='ltr'><strong>sie</strong></span> <span class='ocrx_word' id='word_1_341' title='bbox 395 2902 516 2952; x_wconf 82' lang='lat' dir='ltr'><strong>vocantur,</strong></span> <span class='ocrx_word' id='word_1_342' title='bbox 541 2905 590 2946; x_wconf 85' lang='lat' dir='ltr'><strong>siue</strong></span> <span class='ocrx_word' id='word_1_343' title='bbox 612 2917 638 2946; x_wconf 86' lang='lat' dir='ltr'><strong>eo</strong></span> <span class='ocrx_word' id='word_1_344' title='bbox 660 2906 731 2946; x_wconf 83' lang='lat' dir='ltr'><strong>modo</strong></span> <span class='ocrx_word' id='word_1_345' title='bbox 755 2905 929 2955; x_wconf 81' lang='lat' dir='ltr'><strong>deseribuntur,</strong></span> 
     </span>
    </p>

    <p class='ocr_par' dir='ltr' id='par_1_11' title="bbox 37 2962 932 3018">
     <span class='ocr_line' id='line_1_42' title="bbox 37 2962 932 3018; baseline 0.011 -17"><span class='ocrx_word' id='word_1_346' title='bbox 37 2980 40 2984; x_wconf 60' lang='grc'>’</span> <span class='ocrx_word' id='word_1_347' title='bbox 84 2962 229 3015; x_wconf 81' lang='lat' dir='ltr'><strong>tamquam</strong></span> <span class='ocrx_word' id='word_1_348' title='bbox 252 2965 466 3006; x_wconf 83' lang='lat' dir='ltr'><strong>illustrationes</strong></span> <span class='ocrx_word' id='word_1_349' title='bbox 486 2967 513 3008; x_wconf 89' lang='lat' dir='ltr'><strong>et</strong></span> <span class='ocrx_word' id='word_1_350' title='bbox 532 2967 751 3018; x_wconf 87' lang='lat' dir='ltr'><strong>inspirationes.</strong></span> <span class='ocrx_word' id='word_1_351' title='bbox 775 2971 803 3009; x_wconf 89' lang='lat' dir='ltr'><strong>In</strong></span> <span class='ocrx_word' id='word_1_352' title='bbox 824 2970 932 3011; x_wconf 78' lang='lat' dir='ltr'><strong>fontibus</strong></span> 
     </span>
    </p>
   </div>
   <div class='ocr_carea' id='block_1_11' title="bbox 127 3060 894 3093">
    <p class='ocr_par' dir='ltr' id='par_1_12' title="bbox 127 3060 894 3093">
     <span class='ocr_line' id='line_1_43' title="bbox 127 3060 894 3093; baseline 0.009 -7"><span class='ocrx_word' id='word_1_353' title='bbox 127 3060 186 3090; x_wconf 68' lang='lat' dir='ltr'><strong>hanan,</strong></span> <span class='ocrx_word' id='word_1_354' title='bbox 197 3063 222 3088; x_wconf 79' lang='lat' dir='ltr'><strong>Do</strong></span> <span class='ocrx_word' id='word_1_355' title='bbox 233 3061 293 3087; x_wconf 76' lang='lat' dir='ltr'><strong>Gratia.</strong></span> <span class='ocrx_word' id='word_1_356' title='bbox 873 3067 894 3093; x_wconf 73' lang='lat'><strong>24</strong></span> 
     </span>
    </p>
   </div>
   <div class='ocr_carea' id='block_1_12' title="bbox 0 0 1112 3350">
    <p class='ocr_par' dir='ltr' id='par_1_13' title="bbox 0 0 1112 3350">
     <span class='ocr_line' id='line_1_44' title="bbox 0 0 1112 3350; baseline 0 2"><span class='ocrx_word' id='word_1_357' title='bbox 0 0 1112 3350; x_wconf 95' lang='lat' dir='ltr'><strong> </strong></span> 
     </span>
    </p>
   </div>
  </div>
 </body>
</html>
