2214 3350
252 172 329 224 Thesis
341 187 358 223 8.
373 188 493 234 Dispositio
506 186 603 233 positiva
616 185 637 221 et
650 184 756 229 negativa
891 181 933 218 13Ύι

143 296 262 342 Dispositio
276 296 305 332 ad
318 296 415 341 gratiam
429 296 515 333 actibus
528 294 594 331 liberi
608 292 697 330 arbitrii
710 292 813 328 iacienda
826 300 932 328 necessa-11

49 343 52 347 ’
81 351 114 385 rio
130 350 218 385 videtur
234 350 339 395 coniungi
355 359 406 385 curn
422 349 499 395 aliqua
515 348 601 384 ratione
618 345 719 388 meriti,
738 345 816 382 saltem
833 346 859 382 de
876 354 926 382 con-

82 412 145 448 gruu
162 403 204 440 Sed
220 404 326 450 conceptu
341 404 447 440 differunt
462 402 577 449 dispositio
595 402 616 437 et
631 400 738 449 meritum,
752 400 817 444 atque
833 400 858 435 in
874 399 931 435 aliis

82 458 149 493 rebus
162 457 297 494 abinvicem
310 458 410 503 separari
422 457 524 504 possunt;
537 465 557 492 r.
572 464 592 500 g.
608 453 702 491 scientia
715 453 736 491 et
748 453 819 489 virtus
832 453 926 499 possunt

82 511 163 557 optime
180 510 296 556 disponere
313 512 342 547 ad
358 511 448 556 aliquod
463 519 553 553 munus,
571 509 628 554 quin
642 507 715 544 ullum
731 506 835 543 meritum
853 506 926 551 acqui-

82 565 146 600 ratur
157 565 218 610 apud
229 573 272 607 eos,
287 565 365 610 quihus
378 565 465 601 collatio
477 563 577 599 muneris
590 562 699 607 competit.
714 561 810 606 Ripolctu
825 560 863 605 (Dc
878 561 931 596 ente·

83 627 130 662 sup.
144 618 154 653 Ι
166 618 222 663 disp.
236 617 259 653 18
271 618 320 655 sect.
335 618 354 665 1)
367 619 380 655 4
392 617 552 654 discrimine
564 615 666 662 explicat,
681 625 692 651 e
705 614 786 660 quihus
798 615 853 650 haec
865 614 931 651 noter>

81 680 143 707 mus:
163 671 267 707 Meritum
284 672 315 707 est
333 672 462 717 obsequium
479 680 534 716 erge
550 671 652 713 alterum,
671 678 721 705 eum
738 669 768 704 ed
784 677 927 704 remuneran-

82 725 135 761 dum
152 733 250 768 movens3
270 725 385 772 dispositio
402 734 454 761 vero
472 725 563 771 respicit
582 725 655 759 solum
674 722 804 765 subtectum,
825 723 884 768 quod
903 731 931 758 se

82 778 185 824 disponit.
205 779 309 814 Meritum
327 788 413 826 semper
430 778 530 824 aliquam
549 778 682 823 eotpoutiam
699 776 794 823 praemii
812 776 925 822 importat

81 832 120 872 sed
129 832 201 877 potest
211 841 258 868 esse
269 832 390 878 dispositio,
401 842 458 877 quae
468 832 598 868 nullatenus
607 832 703 867 formem
714 831 788 875 exiget
801 831 826 876 (v.
837 839 860 867 n.
873 829 924 876 212).

82 885 157 930 Neque
172 885 196 920 in
211 895 255 921 usu
270 886 302 921 est
316 886 377 931 loqui
393 887 419 922 de
435 885 510 931 aliquo
525 885 603 922 merito
619 894 674 932 pure
689 884 799 930 negativo.
816 898 842 914 »Α
856 885 932 920 Porro>-

81 934 203 978 cousalitus
220 937 294 972 meriti
311 938 344 973 est
362 947 443 974 causae
467 937 585 983 efficientis
609 936 708 979 moralis;
734 935 855 972 causalitas
874 944 932 972 vero-

81 990 233 1035 dispositionis
251 1000 301 1036 que
323 990 376 1027 talis
398 985 463 1027 unice
480 990 565 1037 spectet
582 991 612 1027 ad
627 1000 720 1027 causam
737 990 882 1026 materialem,
900 1011 927 1019 -

81 1042 102 1079 S.
117 1043 219 1086 Thomas,
232 1044 254 1080 S.
269 1044 298 1080 tlt.
311 1044 387 1089 Suppt.
401 1054 420 1090 q.
434 1045 477 1082 bu.
492 1044 514 1082 1¹:
531 1044 669 1091 «Dispositio
683 1044 757 1080 autem
770 1043 884 1080 reducitur
896 1044 929 1080 ad‘

81 1106 174 1134 causam
189 1098 334 1141 materialem,
352 1099 372 1134 si
389 1099 512 1144 accipiatur
530 1098 651 1145 dispositio,
669 1107 725 1143 quae
743 1098 841 1144 disponit
857 1098 926 1134 mete-

81 1151 139 1200 riem
151 1151 180 1187 ud
191 1151 350 1197 recipiendum
362 1160 425 1188 secus
437 1152 512 1188 autern
524 1152 549 1188 de
562 1152 706 1199 dispositione
719 1152 806 1196 agentis
818 1152 848 1188 ad
860 1160 930 1196 egen-1

79 1204 142 1247 dum,
158 1204 212 1249 quia
225 1204 265 1240 ille
279 1205 392 1241 reducitur
407 1207 436 1242 ad
450 1214 520 1250 genus
535 1215 616 1242 causae
631 1205 750 1242 efficientis.
761 1219 771 1238 ι)
845 1233 846 1236 ,
909 1232 911 1234 .

82 1322 136 1363 212.
172 1322 250 1362 Homo
262 1333 305 1373 per
317 1322 381 1362 vires
394 1321 589 1374 naturae-nullo
602 1321 685 1361 modo
699 1320 775 1371 potest
789 1319 931 1371 sepositire

81 1385 214 1436 disponere.
233 1385 321 1425 Beroia
341 1385 472 1436 (377-380)
491 1396 536 1435 pro
552 1383 648 1425 diverso
664 1383 784 1435 exigentis
801 1382 933 1435 distinguit

81 1448 139 1488 tres
153 1448 250 1488 modos
264 1446 427 1499 dispositionis
440 1446 567 1499 positivae:
586 1447 609 1498 u)
626 1446 762 1498 Dispositio,
779 1458 839 1498 quoe
854 1446 931 1497 eripit

81 1511 194 1560 formum·
208 1524 231 1551 v.
247 1523 270 1562 g.
286 1511 385 1551 materia
399 1511 537 1563 generativa
550 1510 658 1562 proxime
674 1508 789 1561 dispositu
803 1509 877 1561 exigit
892 1511 927 1550 in-

81 1574 255 1615 troductionem
267 1570 369 1623 enimee3
381 1575 458 1614 viator
471 1573 548 1614 debito
560 1573 696 1625 syngrapho
709 1573 839 1614 instructus
851 1572 933 1624 potest.

80 1636 173 1687 exigere
187 1637 279 1678 editum
293 1637 318 1677 in
331 1633 420 1677 terrum
432 1636 543 1677 alienum.
559 1636 682 1687 Imprimis
695 1637 735 1677 hic
749 1636 834 1677 modus
848 1636 926 1687 dispo-

82 1699 181 1748 sitionis,
199 1699 280 1750 utpote
296 1699 448 1751 gratuitatem
465 1697 555 1750 gratiae
571 1699 702 1748 destruens,
722 1700 782 1740 thesi
799 1700 930 1740 excluden-

81 1763 127 1803 dus
137 1762 179 1803 est.
191 1788 223 1793 -
233 1757 258 1813 b)
272 1762 407 1812 Dispositio,
421 1757 481 1813 quoe
493 1763 545 1813 ipse
556 1762 654 1813 quidem
667 1773 714 1802 non
727 1762 800 1813 exigit
812 1762 928 1811 formem,

82 1821 123 1866 sed
136 1837 210 1877 quom
223 1827 301 1876 formo
314 1837 358 1866 suo
370 1831 458 1866 nature
469 1825 635 1876 proerequtrc't.
650 1825 753 1876 Lignum
767 1825 862 1866 aridum
877 1833 925 1865 non

81 1888 155 1939 exigit
172 1884 368 1938 oombustonerir,
388 1888 429 1928 sed
444 1884 579 1928 'combustio
597 1887 682 1929 nature
701 1898 744 1928 sus
762 1887 836 1939 exigit
854 1888 930 1928 aridi--

82 1954 155 1992 tatem
167 1952 235 2002 liqut.
251 1951 355 1992 scientio
369 1957 391 1992 et
403 1948 510 2003 probitas
523 1963 571 1991 non
585 1951 684 2001 exigunt
696 1951 868 2002 episcopatum,
885 1952 928 1993 sed

81 2012 231 2065 episcopatus
250 2015 335 2055 nature
354 2025 396 2054 suu
415 2011 474 2055 tales
493 2014 558 2055 dotes
576 2014 651 2054 enimi
671 2014 779 2065 requirit.
791 2033 793 2035 ·
806 2015 931 2065 Negemus-

81 2077 183 2128 gretiam
195 2078 280 2119 nutura
292 2089 335 2118 sua
346 2078 439 2128 exigere
450 2077 566 2128 quosdam
579 2077 746 2128 dispositiones
758 2078 812 2119 ente
824 2078 926 2129 gretiam

82 2140 105 2180 et
121 2141 171 2181 sine
187 2152 215 2181 ee
230 2141 358 2181 iaciendas.
374 2165 406 2172 —-
420 2135 445 2191 c)v
459 2139 595 2191 Dispositio,
606 2134 686 2192 'quom
702 2141 780 2191 formu
796 2141 882 2182 saltem
898 2153 927 2181 ccc

81 2203 183 2253 positivo
206 2204 257 2254 teqe
280 2202 366 2254 emptu
383 2215 407 2244 v.
424 2211 453 2253 g.
478 2203 517 2243 lex
539 2203 697 2245 eeclesiastico
715 2205 746 2245 ed
764 2205 926 2256 episcopatum

81 2265 155 2316 exigit
168 2271 269 2306 oetatem
285 2266 381 2317 triginta
395 2265 480 2305 stlitem
495 2277 621 2306 annorum.
638 2267 758 2318 Negemus
772 2268 834 2309 hunc
849 2267 928 2319 legem

81 2328 137 2369 Dei:
157 2330 210 2370 Non
227 2330 290 2370 dubo
305 2328 413 2379 gratiam,
432 2328 479 2369 nisi
496 2329 569 2370 homo
586 2331 727 2372 naturaliter
745 2330 926 2373 determinatum

81 2391 188 2442 aliquem
206 2391 385 2443 dispositionem
404 2391 554 2442 preest'terit,
575 2393 598 2433 et
616 2392 777 2435 inteilibiliter
794 2394 864 2442 dubo,
884 2392 928 2435 ubi

82 2452 189 2503 primum
204 2455 276 2496 homo
288 2465 342 2496 eom
357 2453 507 2513 praestiterit.
577 2480 578 2483 =

82 2580 135 2622 213.
172 2582 300 2633 Dispositio
316 2592 389 2622 mere
406 2580 540 2632 negative
556 2582 588 2623 ed
603 2581 705 2633 gretiam
722 2592 769 2622 non
787 2582 821 2623 est
837 2583 884 2622 nisi
901 2583 927 2622 in

82 2643 134 2693 hoc,
150 2646 178 2686 ut
193 2639 267 2687 horno
279 2656 329 2685 uon
342 2649 416 2695 ponor
430 2656 521 2685 novum
537 2645 688 2686 obstaculum
703 2646 799 2696 prauae,
817 2646 882 2696 quod
897 2658 927 2687 ex

82 2707 168 2748 nature
185 2719 265 2749 rerum
284 2707 390 2748 consistit
407 2707 432 2747 in
451 2710 578 2758 peccando.
598 2708 664 2750 Hane
682 2708 812 2750 asserimus
829 2720 928 2749 secun-

82 2768 147 2809 dum
165 2770 250 2811 notum
267 2767 456 2822 principium,
476 2771 539 2820 quod
558 2770 699 2811 Scholasttct
716 2773 823 2812 uniuersi
842 2771 927 2812 admit-

82 2829 142 2880 tunt,
156 2833 197 2874 sed
210 2844 258 2874 non
269 2834 353 2874 eodem
365 2843 436 2873 sensu
448 2832 575 2883 explicent.
589 2834 745 2885 Applicnmus
758 2834 819 2876 illud
834 2834 930 2875 nostroe

83 2892 143 2933 thesi
158 2895 202 2935 boc
216 2907 298 2936 seusu:
317 2894 456 2944 Facienti,
471 2896 488 2934 i.
503 2906 522 2935 e.
538 2907 587 2935 uou
601 2907 631 2936 ex
645 2896 689 2938 hoo
704 2896 806 2948 positiva
820 2897 923 2938 ratione:

83 2957 139 3004 quio
151 2958 218 3007 sucin
231 2959 272 2999 sed
286 2960 314 3007 ct,
330 2955 372 3010 q'ui
384 2959 448 3009 fucit,
464 2958 547 3007 Deus,
564 2960 604 3009 qui
618 2960 668 2999 ium
682 2952 847 3001 outecedeuter
860 2972 931 3012 puro-
