<?xml version="1.0" encoding="UTF-8"?>
<!DOCTYPE html PUBLIC "-//W3C//DTD XHTML 1.0 Transitional//EN"
    "http://www.w3.org/TR/xhtml1/DTD/xhtml1-transitional.dtd">
<html xmlns="http://www.w3.org/1999/xhtml" xml:lang="en" lang="en">
 <head>
  <title>
</title>
<meta http-equiv="Content-Type" content="text/html;charset=utf-8" />
  <meta name='ocr-system' content='tesseract 3.04.00' />
  <meta name='ocr-capabilities' content='ocr_page ocr_carea ocr_par ocr_line ocrx_word'/>
</head>
<body>
  <div class='ocr_page' id='page_1' title='image "./MN41637ucmf_2_0112.png"; bbox 0 0 2214 3350; ppageno 0'>
   <div class='ocr_carea' id='block_1_1' title="bbox 167 129 875 178">
    <p class='ocr_par' dir='ltr' id='par_1_1' title="bbox 167 129 875 178">
     <span class='ocr_line' id='line_1_1' title="bbox 167 129 875 178; baseline -0.007 -8"><span class='ocrx_word' id='word_1_1' title='bbox 167 134 191 170; x_wconf 77' lang='lat'>78</span> <span class='ocrx_word' id='word_1_2' title='bbox 290 129 355 171; x_wconf 65' lang='lat' dir='ltr'>sect.</span> <span class='ocrx_word' id='word_1_3' title='bbox 370 135 386 168; x_wconf 95' lang='grc' dir='ltr'>Ι.</span> <span class='ocrx_word' id='word_1_4' title='bbox 401 134 446 169; x_wconf 86' lang='lat' dir='ltr'>Art.</span> <span class='ocrx_word' id='word_1_5' title='bbox 462 134 490 169; x_wconf 91' lang='lat' dir='ltr'>II.</span> <span class='ocrx_word' id='word_1_6' title='bbox 505 135 515 178; x_wconf 72' lang='grc' dir='ltr'>ἓ</span> <span class='ocrx_word' id='word_1_7' title='bbox 528 132 545 168; x_wconf 88' lang='lat'>1.</span> <span class='ocrx_word' id='word_1_8' title='bbox 562 133 619 176; x_wconf 85' lang='lat' dir='ltr'>Quid</span> <span class='ocrx_word' id='word_1_9' title='bbox 632 133 717 168; x_wconf 81' lang='lat' dir='ltr'>natura·</span> <span class='ocrx_word' id='word_1_10' title='bbox 727 131 792 176; x_wconf 80' lang='lat' dir='ltr'>Iepse</span> <span class='ocrx_word' id='word_1_11' title='bbox 806 131 875 176; x_wconf 86' lang='lat' dir='ltr'>possit</span> 
     </span>
    </p>
   </div>
   <div class='ocr_carea' id='block_1_2' title="bbox 165 239 1013 544">
    <p class='ocr_par' dir='ltr' id='par_1_2' title="bbox 165 239 1013 544">
     <span class='ocr_line' id='line_1_2' title="bbox 166 239 1013 293; baseline -0.006 -11"><span class='ocrx_word' id='word_1_12' title='bbox 166 253 246 293; x_wconf 72' lang='lat' dir='ltr'>grune.</span> <span class='ocrx_word' id='word_1_13' title='bbox 263 244 342 292; x_wconf 86' lang='lat' dir='ltr'>Quare</span> <span class='ocrx_word' id='word_1_14' title='bbox 356 242 417 283; x_wconf 76' lang='lat' dir='ltr'>falso</span> <span class='ocrx_word' id='word_1_15' title='bbox 431 243 519 284; x_wconf 76' lang='lat' dir='ltr'>dteitur</span> <span class='ocrx_word' id='word_1_16' title='bbox 532 242 610 283; x_wconf 87' lang='lat' dir='ltr'>omnis</span> <span class='ocrx_word' id='word_1_17' title='bbox 625 241 735 292; x_wconf 79' lang='lat' dir='ltr'>cogitatIo</span> <span class='ocrx_word' id='word_1_18' title='bbox 750 251 855 290; x_wconf 82' lang='lat' dir='ltr'>congrua</span> <span class='ocrx_word' id='word_1_19' title='bbox 869 239 945 290; x_wconf 81' lang='lat' dir='ltr'>gratia</span> <span class='ocrx_word' id='word_1_20' title='bbox 960 249 1013 290; x_wconf 44' lang='lat' dir='ltr'>spe,</span> 
     </span>
     <span class='ocr_line' id='line_1_3' title="bbox 167 301 1013 353; baseline -0.004 -9"><span class='ocrx_word' id='word_1_21' title='bbox 167 305 232 346; x_wconf 84' lang='lat' dir='ltr'>ciclis</span> <span class='ocrx_word' id='word_1_22' title='bbox 244 306 274 346; x_wconf 84' lang='lat' dir='ltr'>ob</span> <span class='ocrx_word' id='word_1_23' title='bbox 288 305 377 347; x_wconf 76' lang='lat' dir='ltr'><em>Christi</em></span> <span class='ocrx_word' id='word_1_24' title='bbox 388 306 474 352; x_wconf 85' lang='lat' dir='ltr'>merita</span> <span class='ocrx_word' id='word_1_25' title='bbox 486 317 602 346; x_wconf 85' lang='lat' dir='ltr'>concessa.</span> <span class='ocrx_word' id='word_1_26' title='bbox 616 304 717 344; x_wconf 85' lang='lat' dir='ltr'>Admitti</span> <span class='ocrx_word' id='word_1_27' title='bbox 730 303 814 353; x_wconf 83' lang='lat' dir='ltr'>utique</span> <span class='ocrx_word' id='word_1_28' title='bbox 826 301 903 353; x_wconf 87' lang='lat' dir='ltr'>potest</span> <span class='ocrx_word' id='word_1_29' title='bbox 914 302 1013 353; x_wconf 84' lang='lat' dir='ltr'>propter</span> 
     </span>
     <span class='ocr_line' id='line_1_4' title="bbox 167 364 1012 420; baseline -0.004 -12"><span class='ocrx_word' id='word_1_30' title='bbox 167 368 289 409; x_wconf 83' lang='lat' dir='ltr'>Christum</span> <span class='ocrx_word' id='word_1_31' title='bbox 304 369 385 420; x_wconf 87' lang='lat' dir='ltr'>plures</span> <span class='ocrx_word' id='word_1_32' title='bbox 403 370 455 410; x_wconf 85' lang='lat' dir='ltr'>dari</span> <span class='ocrx_word' id='word_1_33' title='bbox 471 380 544 419; x_wconf 84' lang='lat' dir='ltr'>quarn</span> <span class='ocrx_word' id='word_1_34' title='bbox 561 378 634 408; x_wconf 80' lang='lat' dir='ltr'>senus</span> <span class='ocrx_word' id='word_1_35' title='bbox 653 366 774 416; x_wconf 84' lang='lat' dir='ltr'>Quatenus</span> <span class='ocrx_word' id='word_1_36' title='bbox 789 364 853 405; x_wconf 89' lang='lat' dir='ltr'>totus</span> <span class='ocrx_word' id='word_1_37' title='bbox 867 365 927 406; x_wconf 89' lang='lat' dir='ltr'>ordo</span> <span class='ocrx_word' id='word_1_38' title='bbox 942 365 1012 405; x_wconf 46' lang='lat' dir='ltr'>nain*</span> 
     </span>
     <span class='ocr_line' id='line_1_5' title="bbox 166 427 1009 479; baseline -0.005 -8"><span class='ocrx_word' id='word_1_39' title='bbox 166 430 224 473; x_wconf 83' lang='lat' dir='ltr'>ralis</span> <span class='ocrx_word' id='word_1_40' title='bbox 242 443 307 473; x_wconf 87' lang='lat' dir='ltr'>nune</span> <span class='ocrx_word' id='word_1_41' title='bbox 326 431 455 473; x_wconf 77' lang='lat' dir='ltr'>ultimatiffl</span> <span class='ocrx_word' id='word_1_42' title='bbox 475 430 573 471; x_wconf 85' lang='lat' dir='ltr'>inservit</span> <span class='ocrx_word' id='word_1_43' title='bbox 592 428 663 469; x_wconf 84' lang='lat' dir='ltr'>saluti</span> <span class='ocrx_word' id='word_1_44' title='bbox 683 427 865 479; x_wconf 68' lang='lat' dir='ltr'>supernaturali,</span> <span class='ocrx_word' id='word_1_45' title='bbox 887 427 964 468; x_wconf 87' lang='lat' dir='ltr'>oritur</span> <span class='ocrx_word' id='word_1_46' title='bbox 983 428 1009 467; x_wconf 82' lang='lat' dir='ltr'>in</span> 
     </span>
     <span class='ocr_line' id='line_1_6' title="bbox 165 490 1009 544; baseline -0.006 -10"><span class='ocrx_word' id='word_1_47' title='bbox 165 494 278 535; x_wconf 83' lang='lat' dir='ltr'>omnibus</span> <span class='ocrx_word' id='word_1_48' title='bbox 295 496 363 536; x_wconf 77' lang='lat' dir='ltr'>donis</span> <span class='ocrx_word' id='word_1_49' title='bbox 379 495 421 535; x_wconf 90' lang='lat' dir='ltr'>Dei</span> <span class='ocrx_word' id='word_1_50' title='bbox 438 495 518 544; x_wconf 79' lang='lat' dir='ltr'>aliqua</span> <span class='ocrx_word' id='word_1_51' title='bbox 535 490 746 543; x_wconf 72' lang='lat' dir='ltr'>supernaturalitas</span> <span class='ocrx_word' id='word_1_52' title='bbox 764 491 842 542; x_wconf 78' lang='lat' dir='ltr'>puori</span> <span class='ocrx_word' id='word_1_53' title='bbox 858 491 942 540; x_wconf 78' lang='lat' dir='ltr'>finem.</span> <span class='ocrx_word' id='word_1_54' title='bbox 962 490 1009 530; x_wconf 86' lang='lat' dir='ltr'>Sed</span> 
     </span>
    </p>
   </div>
   <div class='ocr_carea' id='block_1_3' title="bbox 101 553 1011 606">
    <p class='ocr_par' dir='ltr' id='par_1_3' title="bbox 101 553 1011 606">
     <span class='ocr_line' id='line_1_7' title="bbox 101 553 1011 606; baseline -0.007 -8"><span class='ocrx_word' id='word_1_55' title='bbox 101 569 103 575; x_wconf 94' lang='lat'>·</span> <span class='ocrx_word' id='word_1_56' title='bbox 165 559 223 598; x_wconf 86' lang='lat' dir='ltr'>haec</span> <span class='ocrx_word' id='word_1_57' title='bbox 239 558 327 599; x_wconf 87' lang='lat' dir='ltr'>iterum</span> <span class='ocrx_word' id='word_1_58' title='bbox 342 558 405 598; x_wconf 83' lang='lat' dir='ltr'>bone</span> <span class='ocrx_word' id='word_1_59' title='bbox 421 556 505 596; x_wconf 86' lang='lat' dir='ltr'>mercii</span> <span class='ocrx_word' id='word_1_60' title='bbox 522 554 671 606; x_wconf 71' lang='lat' dir='ltr'>cogitationis</span> <span class='ocrx_word' id='word_1_61' title='bbox 688 564 805 604; x_wconf 80' lang='lat' dir='ltr'>congruae</span> <span class='ocrx_word' id='word_1_62' title='bbox 823 553 957 593; x_wconf 81' lang='lat' dir='ltr'>communis</span> <span class='ocrx_word' id='word_1_63' title='bbox 973 553 1011 593; x_wconf 88' lang='lat' dir='ltr'>est</span> 
     </span>
    </p>
   </div>
   <div class='ocr_carea' id='block_1_4' title="bbox 164 616 1011 797">
    <p class='ocr_par' dir='ltr' id='par_1_4' title="bbox 164 616 1011 797">
     <span class='ocr_line' id='line_1_8' title="bbox 165 616 1009 669; baseline -0.006 -9"><span class='ocrx_word' id='word_1_64' title='bbox 165 631 220 660; x_wconf 86' lang='lat' dir='ltr'>cum</span> <span class='ocrx_word' id='word_1_65' title='bbox 231 621 344 661; x_wconf 84' lang='lat' dir='ltr'>omnihus</span> <span class='ocrx_word' id='word_1_66' title='bbox 355 620 423 660; x_wconf 84' lang='lat' dir='ltr'>honis</span> <span class='ocrx_word' id='word_1_67' title='bbox 434 619 539 669; x_wconf 70' lang='lat' dir='ltr'>physicis</span> <span class='ocrx_word' id='word_1_68' title='bbox 552 617 624 658; x_wconf 88' lang='lat' dir='ltr'>huius</span> <span class='ocrx_word' id='word_1_69' title='bbox 636 618 733 658; x_wconf 84' lang='lat' dir='ltr'>ordinis.</span> <span class='ocrx_word' id='word_1_70' title='bbox 746 643 779 648; x_wconf 83' lang='lat'><em>-</em></span> <span class='ocrx_word' id='word_1_71' title='bbox 791 617 858 665; x_wconf 87' lang='lat' dir='ltr'>Quod</span> <span class='ocrx_word' id='word_1_72' title='bbox 871 616 937 658; x_wconf 85' lang='lat' dir='ltr'>actus</span> <span class='ocrx_word' id='word_1_73' title='bbox 949 616 1009 656; x_wconf 88' lang='lat' dir='ltr'>enti-</span> 
     </span>
     <span class='ocr_line' id='line_1_9' title="bbox 164 679 1011 732; baseline -0.006 -10"><span class='ocrx_word' id='word_1_74' title='bbox 164 683 235 724; x_wconf 85' lang='lat' dir='ltr'>tative</span> <span class='ocrx_word' id='word_1_75' title='bbox 242 682 362 723; x_wconf 86' lang='lat' dir='ltr'>naturales</span> <span class='ocrx_word' id='word_1_76' title='bbox 367 682 468 732; x_wconf 78' lang='lat' dir='ltr'>positive</span> <span class='ocrx_word' id='word_1_77' title='bbox 476 681 602 731; x_wconf 75' lang='lat' dir='ltr'>disponam</span> <span class='ocrx_word' id='word_1_78' title='bbox 612 682 643 721; x_wconf 88' lang='lat' dir='ltr'>ad</span> <span class='ocrx_word' id='word_1_79' title='bbox 654 679 855 728; x_wconf 70' lang='lat' dir='ltr'>iustificationern</span> <span class='ocrx_word' id='word_1_80' title='bbox 864 679 1011 720; x_wconf 69' lang='lat' dir='ltr'>refutabitur</span> 
     </span>
     <span class='ocr_line' id='line_1_10' title="bbox 164 740 1005 797; baseline -0.004 -13"><span class='ocrx_word' id='word_1_81' title='bbox 164 746 228 796; x_wconf 71' lang='lat' dir='ltr'>intra</span> <span class='ocrx_word' id='word_1_82' title='bbox 240 746 281 797; x_wconf 84' lang='lat' dir='ltr'>(th.</span> <span class='ocrx_word' id='word_1_83' title='bbox 295 747 327 793; x_wconf 84' lang='lat'>10,</span> <span class='ocrx_word' id='word_1_84' title='bbox 339 743 477 795; x_wconf 86' lang='lat' dir='ltr'>praesertim</span> <span class='ocrx_word' id='word_1_85' title='bbox 487 754 510 783; x_wconf 92' lang='lat' dir='ltr'>n.</span> <span class='ocrx_word' id='word_1_86' title='bbox 522 743 582 794; x_wconf 76' lang='lat'>302),</span> <span class='ocrx_word' id='word_1_87' title='bbox 594 743 634 784; x_wconf 80' lang='lat' dir='ltr'>sest</span> <span class='ocrx_word' id='word_1_88' title='bbox 645 754 692 783; x_wconf 87' lang='lat' dir='ltr'>non</span> <span class='ocrx_word' id='word_1_89' title='bbox 703 744 737 783; x_wconf 86' lang='lat' dir='ltr'>est</span> <span class='ocrx_word' id='word_1_90' title='bbox 747 742 829 783; x_wconf 82' lang='lat' dir='ltr'>eontra</span> <span class='ocrx_word' id='word_1_91' title='bbox 840 744 901 783; x_wconf 73' lang='lat' dir='ltr'>liaris</span> <span class='ocrx_word' id='word_1_92' title='bbox 911 740 1005 784; x_wconf 88' lang='lat' dir='ltr'>thesim.</span> 
     </span>
    </p>
   </div>
   <div class='ocr_carea' id='block_1_5' title="bbox 153 866 1039 2552">
    <p class='ocr_par' dir='ltr' id='par_1_5' title="bbox 153 866 1039 2552">
     <span class='ocr_line' id='line_1_11' title="bbox 166 866 1008 921; baseline -0.005 -10"><span class='ocrx_word' id='word_1_93' title='bbox 166 871 217 911; x_wconf 79' lang='lat'><strong>132.</strong></span> <span class='ocrx_word' id='word_1_94' title='bbox 256 871 280 910; x_wconf 84' lang='lat' dir='ltr'>G.</span> <span class='ocrx_word' id='word_1_95' title='bbox 299 870 386 910; x_wconf 84' lang='lat' dir='ltr'>Contra</span> <span class='ocrx_word' id='word_1_96' title='bbox 401 868 501 921; x_wconf 81' lang='lat' dir='ltr'>Ripalda</span> <span class='ocrx_word' id='word_1_97' title='bbox 519 869 551 920; x_wconf 83' lang='lat' dir='ltr'>(v.</span> <span class='ocrx_word' id='word_1_98' title='bbox 571 869 645 908; x_wconf 83' lang='lat' dir='ltr'>Palm.</span> <span class='ocrx_word' id='word_1_99' title='bbox 663 881 686 919; x_wconf 86' lang='lat' dir='ltr'>p¹</span> <span class='ocrx_word' id='word_1_100' title='bbox 704 868 835 917; x_wconf 62' lang='lat' dir='ltr'>eei-eos).</span> <span class='ocrx_word' id='word_1_101' title='bbox 854 866 932 908; x_wconf 71' lang='lat' dir='ltr'>neam</span> <span class='ocrx_word' id='word_1_102' title='bbox 948 868 1008 908; x_wconf 84' lang='lat' dir='ltr'>haee</span> 
     </span>
     <span class='ocr_line' id='line_1_12' title="bbox 163 930 1008 982; baseline -0.004 -9"><span class='ocrx_word' id='word_1_103' title='bbox 163 933 279 973; x_wconf 88' lang='lat' dir='ltr'>sententia</span> <span class='ocrx_word' id='word_1_104' title='bbox 296 932 357 973; x_wconf 85' lang='lat' dir='ltr'>reete</span> <span class='ocrx_word' id='word_1_105' title='bbox 376 931 482 982; x_wconf 82' lang='lat' dir='ltr'>admitt&#39;t</span> <span class='ocrx_word' id='word_1_106' title='bbox 499 930 630 982; x_wconf 85' lang='lat' dir='ltr'>potentiam</span> <span class='ocrx_word' id='word_1_107' title='bbox 648 932 826 971; x_wconf 73' lang='lat' dir='ltr'>antecedentem</span> <span class='ocrx_word' id='word_1_108' title='bbox 843 931 892 972; x_wconf 80' lang='lat' dir='ltr'>sive</span> <span class='ocrx_word' id='word_1_109' title='bbox 912 932 1008 971; x_wconf 84' lang='lat' dir='ltr'>uirtutis</span> 
     </span>
     <span class='ocr_line' id='line_1_13' title="bbox 163 992 1006 1046; baseline -0.002 -12"><span class='ocrx_word' id='word_1_110' title='bbox 163 1006 206 1036; x_wconf 87' lang='lat' dir='ltr'>neo</span> <span class='ocrx_word' id='word_1_111' title='bbox 221 995 303 1036; x_wconf 83' lang='lat' dir='ltr'>statuit</span> <span class='ocrx_word' id='word_1_112' title='bbox 316 994 532 1046; x_wconf 85' lang='lat' dir='ltr'>impossibilitatem</span> <span class='ocrx_word' id='word_1_113' title='bbox 547 994 612 1035; x_wconf 86' lang='lat' dir='ltr'>aetus</span> <span class='ocrx_word' id='word_1_114' title='bbox 628 993 768 1034; x_wconf 86' lang='lat' dir='ltr'>naturaliter</span> <span class='ocrx_word' id='word_1_115' title='bbox 783 993 875 1034; x_wconf 86' lang='lat' dir='ltr'>honesti</span> <span class='ocrx_word' id='word_1_116' title='bbox 891 992 937 1034; x_wconf 86' lang='lat' dir='ltr'>nisi</span> <span class='ocrx_word' id='word_1_117' title='bbox 953 1005 1006 1033; x_wconf 88' lang='lat' dir='ltr'>con-</span> 
     </span>
     <span class='ocr_line' id='line_1_14' title="bbox 162 1055 1005 1109; baseline -0.001 -12"><span class='ocrx_word' id='word_1_118' title='bbox 162 1064 301 1109; x_wconf 78' lang='lat' dir='ltr'>sequentem</span> <span class='ocrx_word' id='word_1_119' title='bbox 317 1058 347 1098; x_wconf 89' lang='lat' dir='ltr'>ad</span> <span class='ocrx_word' id='word_1_120' title='bbox 364 1057 485 1098; x_wconf 81' lang='lat' dir='ltr'>decretum</span> <span class='ocrx_word' id='word_1_121' title='bbox 503 1056 547 1097; x_wconf 87' lang='lat' dir='ltr'>Dei</span> <span class='ocrx_word' id='word_1_122' title='bbox 566 1056 639 1097; x_wconf 84' lang='lat' dir='ltr'>dandi</span> <span class='ocrx_word' id='word_1_123' title='bbox 658 1068 751 1108; x_wconf 82' lang='lat' dir='ltr'>semper</span> <span class='ocrx_word' id='word_1_124' title='bbox 768 1055 848 1098; x_wconf 85' lang='lat' dir='ltr'>aetum</span> <span class='ocrx_word' id='word_1_125' title='bbox 867 1057 1005 1107; x_wconf 77' lang='lat' dir='ltr'>supernata·</span> 
     </span>
     <span class='ocr_line' id='line_1_15' title="bbox 162 1118 1022 1171; baseline 0.001 -11"><span class='ocrx_word' id='word_1_126' title='bbox 162 1122 243 1170; x_wconf 80' lang='lat' dir='ltr'>salem,</span> <span class='ocrx_word' id='word_1_127' title='bbox 255 1121 305 1161; x_wconf 80' lang='lat' dir='ltr'>sire</span> <span class='ocrx_word' id='word_1_128' title='bbox 315 1118 396 1161; x_wconf 85' lang='lat' dir='ltr'>statuit</span> <span class='ocrx_word' id='word_1_129' title='bbox 405 1131 495 1161; x_wconf 71' lang='lat' dir='ltr'>meran]</span> <span class='ocrx_word' id='word_1_130' title='bbox 507 1119 723 1170; x_wconf 81' lang='lat' dir='ltr'>impossibilitatem</span> <span class='ocrx_word' id='word_1_131' title='bbox 733 1120 889 1171; x_wconf 69' lang='lat' dir='ltr'>interitionis.</span> <span class='ocrx_word' id='word_1_132' title='bbox 901 1146 932 1151; x_wconf 38' lang='grc' dir='ltr'><em>κ</em></span> <span class='ocrx_word' id='word_1_133' title='bbox 941 1119 1006 1161; x_wconf 86' lang='lat' dir='ltr'>Licet</span> <span class='ocrx_word' id='word_1_134' title='bbox 1021 1163 1022 1166; x_wconf 61' lang='grc'>,</span> 
     </span>
     <span class='ocr_line' id='line_1_16' title="bbox 161 1182 1004 1234; baseline -0.001 -11"><span class='ocrx_word' id='word_1_135' title='bbox 161 1184 225 1225; x_wconf 88' lang='lat' dir='ltr'>Deus</span> <span class='ocrx_word' id='word_1_136' title='bbox 241 1195 293 1224; x_wconf 83' lang='lat' dir='ltr'>rein</span> <span class='ocrx_word' id='word_1_137' title='bbox 311 1184 414 1234; x_wconf 86' lang='lat' dir='ltr'>potuerit</span> <span class='ocrx_word' id='word_1_138' title='bbox 436 1183 470 1224; x_wconf 90' lang='lat' dir='ltr'>ita</span> <span class='ocrx_word' id='word_1_139' title='bbox 493 1183 623 1231; x_wconf 86' lang='lat' dir='ltr'>instituere,</span> <span class='ocrx_word' id='word_1_140' title='bbox 642 1184 670 1224; x_wconf 87' lang='lat' dir='ltr'>ut</span> <span class='ocrx_word' id='word_1_141' title='bbox 686 1183 790 1234; x_wconf 80' lang='lat' dir='ltr'>RIpalda</span> <span class='ocrx_word' id='word_1_142' title='bbox 815 1182 904 1230; x_wconf 79' lang='lat' dir='ltr'>asserit,</span> <span class='ocrx_word' id='word_1_143' title='bbox 924 1182 1004 1223; x_wconf 86' lang='lat' dir='ltr'>temen</span> 
     </span>
     <span class='ocr_line' id='line_1_17' title="bbox 161 1244 1007 1297; baseline 0 -11"><span class='ocrx_word' id='word_1_144' title='bbox 161 1246 258 1297; x_wconf 80' lang='lat' dir='ltr'>propior</span> <span class='ocrx_word' id='word_1_145' title='bbox 274 1245 366 1287; x_wconf 84' lang='lat' dir='ltr'>tontes</span> <span class='ocrx_word' id='word_1_146' title='bbox 382 1244 523 1296; x_wconf 77' lang='lat' dir='ltr'>positiros</span> <span class='ocrx_word' id='word_1_147' title='bbox 540 1246 653 1286; x_wconf 84' lang='lat' dir='ltr'>dehemus</span> <span class='ocrx_word' id='word_1_148' title='bbox 670 1248 756 1296; x_wconf 81' lang='lat' dir='ltr'>negare</span> <span class='ocrx_word' id='word_1_149' title='bbox 772 1257 828 1286; x_wconf 88' lang='lat' dir='ltr'>eum</span> <span class='ocrx_word' id='word_1_150' title='bbox 845 1246 873 1287; x_wconf 82' lang='lat' dir='ltr'>de</span> <span class='ocrx_word' id='word_1_151' title='bbox 892 1245 954 1286; x_wconf 79' lang='lat' dir='ltr'>tacto</span> <span class='ocrx_word' id='word_1_152' title='bbox 970 1246 1007 1286; x_wconf 83' lang='lat' dir='ltr'>sle·</span> 
     </span>
     <span class='ocr_line' id='line_1_18' title="bbox 159 1308 1003 1359; baseline -0.006 -7"><span class='ocrx_word' id='word_1_153' title='bbox 159 1309 298 1352; x_wconf 78' lang='lat' dir='ltr'>instituisse.</span> <span class='ocrx_word' id='word_1_154' title='bbox 317 1309 455 1349; x_wconf 82' lang='lat' dir='ltr'>Secundum</span> <span class='ocrx_word' id='word_1_155' title='bbox 471 1310 494 1349; x_wconf 86' lang='lat' dir='ltr'>S.</span> <span class='ocrx_word' id='word_1_156' title='bbox 511 1308 704 1359; x_wconf 79' lang='lat' dir='ltr'>Augustinum</span> <span class='ocrx_word' id='word_1_157' title='bbox 718 1309 743 1349; x_wconf 85' lang='lat' dir='ltr'>et</span> <span class='ocrx_word' id='word_1_158' title='bbox 757 1308 832 1350; x_wconf 86' lang='lat' dir='ltr'>totam</span> <span class='ocrx_word' id='word_1_159' title='bbox 847 1308 1003 1349; x_wconf 74' lang='lat' dir='ltr'>Ecclesiam</span> 
     </span>
     <span class='ocr_line' id='line_1_19' title="bbox 161 1371 1004 1422; baseline 0.001 -10"><span class='ocrx_word' id='word_1_160' title='bbox 161 1372 274 1412; x_wconf 84' lang='lat' dir='ltr'>aduersus</span> <span class='ocrx_word' id='word_1_161' title='bbox 285 1371 495 1422; x_wconf 71' lang='lat' dir='ltr'>Semipeiapicncs</span> <span class='ocrx_word' id='word_1_162' title='bbox 514 1372 649 1422; x_wconf 72' lang='lat' dir='ltr'>pugnantes</span> <span class='ocrx_word' id='word_1_163' title='bbox 667 1371 763 1413; x_wconf 83' lang='lat' dir='ltr'>initium</span> <span class='ocrx_word' id='word_1_164' title='bbox 783 1372 866 1411; x_wconf 86' lang='lat' dir='ltr'>salutis</span> <span class='ocrx_word' id='word_1_165' title='bbox 886 1372 949 1413; x_wconf 89' lang='lat' dir='ltr'>idem</span> <span class='ocrx_word' id='word_1_166' title='bbox 969 1372 1004 1413; x_wconf 85' lang='lat' dir='ltr'>est</span> 
     </span>
     <span class='ocr_line' id='line_1_20' title="bbox 160 1434 1004 1485; baseline -0.002 -10"><span class='ocrx_word' id='word_1_167' title='bbox 160 1446 187 1475; x_wconf 84' lang='lat' dir='ltr'>ac</span> <span class='ocrx_word' id='word_1_168' title='bbox 199 1434 297 1476; x_wconf 80' lang='lat' dir='ltr'>Initium</span> <span class='ocrx_word' id='word_1_169' title='bbox 309 1434 374 1485; x_wconf 77' lang='lat' dir='ltr'>sidet.</span> <span class='ocrx_word' id='word_1_170' title='bbox 388 1435 440 1475; x_wconf 85' lang='lat' dir='ltr'>Non</span> <span class='ocrx_word' id='word_1_171' title='bbox 453 1434 542 1475; x_wconf 87' lang='lat' dir='ltr'>norunt</span> <span class='ocrx_word' id='word_1_172' title='bbox 554 1435 578 1474; x_wconf 92' lang='lat' dir='ltr'>in</span> <span class='ocrx_word' id='word_1_173' title='bbox 591 1434 731 1475; x_wconf 78' lang='lat' dir='ltr'>infidelibus</span> <span class='ocrx_word' id='word_1_174' title='bbox 744 1434 811 1475; x_wconf 86' lang='lat' dir='ltr'>aetus</span> <span class='ocrx_word' id='word_1_175' title='bbox 822 1446 877 1474; x_wconf 84' lang='lat' dir='ltr'>uere</span> <span class='ocrx_word' id='word_1_176' title='bbox 888 1435 1004 1475; x_wconf 80' lang='lat' dir='ltr'>salutares</span> 
     </span>
     <span class='ocr_line' id='line_1_21' title="bbox 161 1497 1003 1548; baseline -0.001 -10"><span class='ocrx_word' id='word_1_177' title='bbox 161 1503 183 1537; x_wconf 87' lang='lat' dir='ltr'>et</span> <span class='ocrx_word' id='word_1_178' title='bbox 198 1497 227 1538; x_wconf 82' lang='lat' dir='ltr'>ad</span> <span class='ocrx_word' id='word_1_179' title='bbox 244 1497 333 1538; x_wconf 80' lang='lat' dir='ltr'>Christi</span> <span class='ocrx_word' id='word_1_180' title='bbox 346 1498 450 1548; x_wconf 73' lang='lat' dir='ltr'>proriam</span> <span class='ocrx_word' id='word_1_181' title='bbox 463 1499 614 1548; x_wconf 75' lang='lat' dir='ltr'>pertinentes,</span> <span class='ocrx_word' id='word_1_182' title='bbox 633 1498 674 1548; x_wconf 84' lang='lat' dir='ltr'>qui</span> <span class='ocrx_word' id='word_1_183' title='bbox 690 1509 738 1538; x_wconf 90' lang='lat' dir='ltr'>non</span> <span class='ocrx_word' id='word_1_184' title='bbox 755 1498 843 1539; x_wconf 77' lang='lat' dir='ltr'>directe·</span> <span class='ocrx_word' id='word_1_185' title='bbox 858 1498 957 1539; x_wconf 86' lang='lat' dir='ltr'>tendant</span> <span class='ocrx_word' id='word_1_186' title='bbox 972 1499 1003 1538; x_wconf 81' lang='lat' dir='ltr'>ed</span> 
     </span>
     <span class='ocr_line' id='line_1_22' title="bbox 159 1559 1004 1612; baseline 0.002 -13"><span class='ocrx_word' id='word_1_187' title='bbox 159 1560 334 1610; x_wconf 77' lang='lat' dir='ltr'>susceptionem</span> <span class='ocrx_word' id='word_1_188' title='bbox 351 1559 411 1610; x_wconf 67' lang='lat' dir='ltr'>fidei</span> <span class='ocrx_word' id='word_1_189' title='bbox 428 1560 552 1600; x_wconf 76' lang='lat' dir='ltr'>revelatae.</span> <span class='ocrx_word' id='word_1_190' title='bbox 578 1561 650 1601; x_wconf 83' lang='lat' dir='ltr'>Aetas</span> <span class='ocrx_word' id='word_1_191' title='bbox 676 1560 786 1601; x_wconf 85' lang='lat' dir='ltr'>honestes</span> <span class='ocrx_word' id='word_1_192' title='bbox 803 1572 894 1609; x_wconf 85' lang='lat' dir='ltr'>eorum,</span> <span class='ocrx_word' id='word_1_193' title='bbox 915 1561 1004 1612; x_wconf 80' lang='lat' dir='ltr'>quihus</span> 
     </span>
     <span class='ocr_line' id='line_1_23' title="bbox 160 1615 1003 1674; baseline -0.001 -10"><span class='ocrx_word' id='word_1_194' title='bbox 160 1623 269 1664; x_wconf 83' lang='lat' dir='ltr'>Christus</span> <span class='ocrx_word' id='word_1_195' title='bbox 284 1634 332 1663; x_wconf 85' lang='lat' dir='ltr'>nen</span> <span class='ocrx_word' id='word_1_196' title='bbox 347 1615 383 1664; x_wconf 84' lang='lat' dir='ltr'>est</span> <span class='ocrx_word' id='word_1_197' title='bbox 399 1621 556 1674; x_wconf 85' lang='lat' dir='ltr'>praedicatus,</span> <span class='ocrx_word' id='word_1_198' title='bbox 575 1623 657 1664; x_wconf 85' lang='lat' dir='ltr'>Patres</span> <span class='ocrx_word' id='word_1_199' title='bbox 673 1633 741 1674; x_wconf 82' lang='lat' dir='ltr'>saepe</span> <span class='ocrx_word' id='word_1_200' title='bbox 759 1624 789 1663; x_wconf 85' lang='lat' dir='ltr'>ab</span> <span class='ocrx_word' id='word_1_201' title='bbox 807 1622 900 1664; x_wconf 82' lang='lat' dir='ltr'>actibus</span> <span class='ocrx_word' id='word_1_202' title='bbox 916 1622 1003 1664; x_wconf 76' lang='lat' dir='ltr'>saluta</span> 
     </span>
     <span class='ocr_line' id='line_1_24' title="bbox 158 1684 1003 1737; baseline 0.001 -11"><span class='ocrx_word' id='word_1_203' title='bbox 158 1685 225 1726; x_wconf 89' lang='lat' dir='ltr'>ribus</span> <span class='ocrx_word' id='word_1_204' title='bbox 237 1686 337 1726; x_wconf 87' lang='lat' dir='ltr'>omuino</span> <span class='ocrx_word' id='word_1_205' title='bbox 351 1684 544 1737; x_wconf 70' lang='lat' dir='ltr'>dIscernuntici.</span> <span class='ocrx_word' id='word_1_206' title='bbox 560 1697 583 1725; x_wconf 89' lang='lat' dir='ltr'>n.</span> <span class='ocrx_word' id='word_1_207' title='bbox 599 1686 657 1736; x_wconf 76' lang='lat'>124).</span> <span class='ocrx_word' id='word_1_208' title='bbox 674 1685 876 1727; x_wconf 84' lang='lat' dir='ltr'>Tridentinum</span> <span class='ocrx_word' id='word_1_209' title='bbox 891 1697 908 1725; x_wconf 86' lang='lat' dir='ltr'>s.</span> <span class='ocrx_word' id='word_1_210' title='bbox 925 1690 938 1727; x_wconf 84' lang='grc'><strong>6</strong></span> <span class='ocrx_word' id='word_1_211' title='bbox 952 1697 972 1726; x_wconf 82' lang='lat' dir='ltr'>e.</span> <span class='ocrx_word' id='word_1_212' title='bbox 988 1690 1003 1727; x_wconf 76' lang='lat'>8</span> 
     </span>
     <span class='ocr_line' id='line_1_25' title="bbox 160 1746 1003 1800; baseline 0.004 -12"><span class='ocrx_word' id='word_1_213' title='bbox 160 1748 201 1799; x_wconf 80' lang='lat' dir='ltr'>(Dr</span> <span class='ocrx_word' id='word_1_214' title='bbox 208 1749 258 1800; x_wconf 78' lang='lat'>801)</span> <span class='ocrx_word' id='word_1_215' title='bbox 274 1748 298 1790; x_wconf 90' lang='lat' dir='ltr'>et</span> <span class='ocrx_word' id='word_1_216' title='bbox 311 1746 527 1789; x_wconf 83' lang='lat' dir='ltr'>V·atioanurns.3</span> <span class='ocrx_word' id='word_1_217' title='bbox 541 1751 582 1788; x_wconf 89' lang='lat' dir='ltr'>c.3</span> <span class='ocrx_word' id='word_1_218' title='bbox 599 1749 641 1799; x_wconf 85' lang='lat' dir='ltr'>(Dz</span> <span class='ocrx_word' id='word_1_219' title='bbox 649 1748 711 1798; x_wconf 84' lang='grc'>1789)</span> <span class='ocrx_word' id='word_1_220' title='bbox 728 1749 814 1790; x_wconf 74' lang='lat' dir='ltr'>vocant</span> <span class='ocrx_word' id='word_1_221' title='bbox 828 1749 902 1790; x_wconf 84' lang='lat' dir='ltr'>tidem</span> <span class='ocrx_word' id='word_1_222' title='bbox 918 1751 1003 1791; x_wconf 73' lang='lat' dir='ltr'>huma</span> 
     </span>
     <span class='ocr_line' id='line_1_26' title="bbox 157 1809 1001 1862; baseline 0.002 -12"><span class='ocrx_word' id='word_1_223' title='bbox 157 1822 203 1852; x_wconf 86' lang='lat' dir='ltr'>nae</span> <span class='ocrx_word' id='word_1_224' title='bbox 219 1810 303 1851; x_wconf 85' lang='lat' dir='ltr'>salutis</span> <span class='ocrx_word' id='word_1_225' title='bbox 320 1811 424 1859; x_wconf 84' lang='lat' dir='ltr'>initium,</span> <span class='ocrx_word' id='word_1_226' title='bbox 444 1809 645 1851; x_wconf 72' lang='lat' dir='ltr'>radicem&#39;omnis</span> <span class='ocrx_word' id='word_1_227' title='bbox 663 1811 847 1860; x_wconf 77' lang='lat' dir='ltr'>testificationis,</span> <span class='ocrx_word' id='word_1_228' title='bbox 872 1813 903 1852; x_wconf 86' lang='lat' dir='ltr'>ad</span> <span class='ocrx_word' id='word_1_229' title='bbox 928 1823 1001 1862; x_wconf 82' lang='lat' dir='ltr'>quam</span> 
     </span>
     <span class='ocr_line' id='line_1_27' title="bbox 157 1872 1002 1925; baseline 0.002 -12"><span class='ocrx_word' id='word_1_230' title='bbox 157 1872 226 1925; x_wconf 87' lang='lat' dir='ltr'>impii</span> <span class='ocrx_word' id='word_1_231' title='bbox 238 1873 404 1924; x_wconf 74' lang='lat' dir='ltr'>disponuntur,</span> <span class='ocrx_word' id='word_1_232' title='bbox 420 1891 430 1910; x_wconf 69' lang='lat' dir='ltr'>a</span> <span class='ocrx_word' id='word_1_233' title='bbox 438 1873 496 1914; x_wconf 88' lang='lat' dir='ltr'>dum</span> <span class='ocrx_word' id='word_1_234' title='bbox 509 1873 603 1915; x_wconf 84' lang='lat' dir='ltr'>excitati</span> <span class='ocrx_word' id='word_1_235' title='bbox 615 1874 698 1914; x_wconf 76' lang='lat' dir='ltr'>diuina</span> <span class='ocrx_word' id='word_1_236' title='bbox 708 1874 786 1925; x_wconf 82' lang='lat' dir='ltr'>gratia</span> <span class='ocrx_word' id='word_1_237' title='bbox 795 1875 819 1915; x_wconf 85' lang='lat' dir='ltr'>et</span> <span class='ocrx_word' id='word_1_238' title='bbox 829 1874 913 1922; x_wconf 84' lang='lat' dir='ltr'>adiuti,</span> <span class='ocrx_word' id='word_1_239' title='bbox 925 1875 1002 1925; x_wconf 74' lang='lat' dir='ltr'>ficiem</span> 
     </span>
     <span class='ocr_line' id='line_1_28' title="bbox 158 1935 1002 1989; baseline 0.004 -14"><span class='ocrx_word' id='word_1_240' title='bbox 158 1947 187 1975; x_wconf 81' lang='lat' dir='ltr'>ca</span> <span class='ocrx_word' id='word_1_241' title='bbox 202 1936 287 1976; x_wconf 83' lang='lat' dir='ltr'>auditu</span> <span class='ocrx_word' id='word_1_242' title='bbox 302 1935 467 1987; x_wconf 74' lang='lat' dir='ltr'>concipientes,</span> <span class='ocrx_word' id='word_1_243' title='bbox 484 1935 559 1977; x_wconf 86' lang='lat' dir='ltr'>libere</span> <span class='ocrx_word' id='word_1_244' title='bbox 575 1937 701 1977; x_wconf 84' lang='lat' dir='ltr'>moventur</span> <span class='ocrx_word' id='word_1_245' title='bbox 716 1936 741 1976; x_wconf 75' lang='lat' dir='ltr'>In</span> <span class='ocrx_word' id='word_1_246' title='bbox 758 1937 852 1977; x_wconf 73' lang='lat' dir='ltr'>Deum»</span> <span class='ocrx_word' id='word_1_247' title='bbox 873 1937 1002 1989; x_wconf 77' lang='lat' dir='ltr'>&lt;Triden-</span> 
     </span>
     <span class='ocr_line' id='line_1_29' title="bbox 156 1996 1001 2057; baseline 0.004 -19"><span class='ocrx_word' id='word_1_248' title='bbox 156 1997 248 2039; x_wconf 87' lang='lat' dir='ltr'>tinum</span> <span class='ocrx_word' id='word_1_249' title='bbox 268 2010 285 2038; x_wconf 90' lang='lat' dir='ltr'>s.</span> <span class='ocrx_word' id='word_1_250' title='bbox 306 2002 319 2039; x_wconf 87' lang='grc'><strong>6</strong></span> <span class='ocrx_word' id='word_1_251' title='bbox 338 2010 358 2040; x_wconf 85' lang='lat' dir='ltr'>e.</span> <span class='ocrx_word' id='word_1_252' title='bbox 379 2002 392 2038; x_wconf 81' lang='grc'><strong>6</strong></span> <span class='ocrx_word' id='word_1_253' title='bbox 412 1999 455 2057; x_wconf 85' lang='lat' dir='ltr'>[Dz</span> <span class='ocrx_word' id='word_1_254' title='bbox 474 1999 561 2057; x_wconf 77' lang='lat'>798])1.</span> <span class='ocrx_word' id='word_1_255' title='bbox 587 2022 618 2028; x_wconf 67' lang='lat'><em>—</em></span> <span class='ocrx_word' id='word_1_256' title='bbox 644 1999 783 2040; x_wconf 74' lang='lat' dir='ltr'>Secundum</span> <span class='ocrx_word' id='word_1_257' title='bbox 801 1996 925 2050; x_wconf 79' lang='lat' dir='ltr'>RIpalde</span> <span class='ocrx_word' id='word_1_258' title='bbox 943 2011 1001 2041; x_wconf 85' lang='lat' dir='ltr'>vero</span> 
     </span>
     <span class='ocr_line' id='line_1_30' title="bbox 157 2060 1000 2113; baseline 0.004 -12"><span class='ocrx_word' id='word_1_259' title='bbox 157 2060 243 2102; x_wconf 79' lang='lat' dir='ltr'>tierent</span> <span class='ocrx_word' id='word_1_260' title='bbox 259 2062 360 2112; x_wconf 78' lang='lat' dir='ltr'>plurimi</span> <span class='ocrx_word' id='word_1_261' title='bbox 377 2062 447 2103; x_wconf 84' lang='lat' dir='ltr'>aetus</span> <span class='ocrx_word' id='word_1_262' title='bbox 463 2060 604 2112; x_wconf 78' lang='lat' dir='ltr'>simpIIoiter</span> <span class='ocrx_word' id='word_1_263' title='bbox 623 2061 816 2113; x_wconf 86' lang='lat' dir='ltr'>supernaturales</span> <span class='ocrx_word' id='word_1_264' title='bbox 834 2062 857 2103; x_wconf 89' lang='lat' dir='ltr'>et</span> <span class='ocrx_word' id='word_1_265' title='bbox 876 2063 1000 2111; x_wconf 35' lang='lat' dir='ltr'>salutares?</span> 
     </span>
     <span class='ocr_line' id='line_1_31' title="bbox 156 2123 999 2175; baseline 0.002 -11"><span class='ocrx_word' id='word_1_266' title='bbox 156 2123 198 2175; x_wconf 81' lang='lat' dir='ltr'>qui</span> <span class='ocrx_word' id='word_1_267' title='bbox 215 2124 311 2165; x_wconf 80' lang='lat' dir='ltr'>nonnIsi</span> <span class='ocrx_word' id='word_1_268' title='bbox 327 2124 485 2165; x_wconf 82' lang='lat' dir='ltr'>remotissime</span> <span class='ocrx_word' id='word_1_269' title='bbox 501 2124 647 2166; x_wconf 82' lang='lat' dir='ltr'>referrentur</span> <span class='ocrx_word' id='word_1_270' title='bbox 663 2125 694 2165; x_wconf 89' lang='lat' dir='ltr'>ad</span> <span class='ocrx_word' id='word_1_271' title='bbox 711 2125 786 2166; x_wconf 87' lang='lat' dir='ltr'>iidem</span> <span class='ocrx_word' id='word_1_272' title='bbox 805 2125 885 2167; x_wconf 75' lang='lat' dir='ltr'>stricte</span> <span class='ocrx_word' id='word_1_273' title='bbox 902 2126 999 2167; x_wconf 86' lang='lat' dir='ltr'>dictem.</span> 
     </span>
     <span class='ocr_line' id='line_1_32' title="bbox 156 2186 1000 2239; baseline 0.005 -12"><span class='ocrx_word' id='word_1_274' title='bbox 156 2187 238 2227; x_wconf 87' lang='lat' dir='ltr'>Posset</span> <span class='ocrx_word' id='word_1_275' title='bbox 256 2186 353 2238; x_wconf 82' lang='lat' dir='ltr'>Insuper</span> <span class='ocrx_word' id='word_1_276' title='bbox 370 2188 441 2234; x_wconf 87' lang='lat' dir='ltr'>Deus,</span> <span class='ocrx_word' id='word_1_277' title='bbox 462 2187 513 2228; x_wconf 91' lang='lat' dir='ltr'>sine</span> <span class='ocrx_word' id='word_1_278' title='bbox 531 2187 673 2229; x_wconf 86' lang='lat' dir='ltr'>revelatione</span> <span class='ocrx_word' id='word_1_279' title='bbox 694 2186 869 2239; x_wconf 81' lang='lat' dir='ltr'>supernaturali</span> <span class='ocrx_word' id='word_1_280' title='bbox 888 2200 918 2229; x_wconf 77' lang='lat' dir='ltr'>ex</span> <span class='ocrx_word' id='word_1_281' title='bbox 936 2199 1000 2231; x_wconf 70' lang='lat' dir='ltr'>crea</span> 
     </span>
     <span class='ocr_line' id='line_1_33' title="bbox 156 2248 1039 2304; baseline 0.001 -15"><span class='ocrx_word' id='word_1_282' title='bbox 156 2249 216 2289; x_wconf 86' lang='lat' dir='ltr'>turis</span> <span class='ocrx_word' id='word_1_283' title='bbox 232 2250 347 2300; x_wconf 79' lang='lat' dir='ltr'>cognitus,</span> <span class='ocrx_word' id='word_1_284' title='bbox 366 2250 543 2301; x_wconf 86' lang='lat' dir='ltr'>supernaturali</span> <span class='ocrx_word' id='word_1_285' title='bbox 560 2248 612 2291; x_wconf 82' lang='lat' dir='ltr'>actu</span> <span class='ocrx_word' id='word_1_286' title='bbox 630 2250 719 2292; x_wconf 84' lang='lat' dir='ltr'>amoris</span> <span class='ocrx_word' id='word_1_287' title='bbox 735 2262 807 2302; x_wconf 85' lang='lat' dir='ltr'>super</span> <span class='ocrx_word' id='word_1_288' title='bbox 823 2250 905 2292; x_wconf 82' lang='lat' dir='ltr'>omnia</span> <span class='ocrx_word' id='word_1_289' title='bbox 921 2251 998 2304; x_wconf 79' lang='lat' dir='ltr'>diligi,</span> <span class='ocrx_word' id='word_1_290' title='bbox 1038 2268 1039 2271; x_wconf 39' lang='lat'>¹</span> 
     </span>
     <span class='ocr_line' id='line_1_34' title="bbox 155 2312 998 2364; baseline 0.005 -12"><span class='ocrx_word' id='word_1_291' title='bbox 155 2312 236 2353; x_wconf 82' lang='lat' dir='ltr'>ethos</span> <span class='ocrx_word' id='word_1_292' title='bbox 252 2314 321 2353; x_wconf 88' lang='lat' dir='ltr'>modo</span> <span class='ocrx_word' id='word_1_293' title='bbox 337 2312 408 2354; x_wconf 87' lang='lat' dir='ltr'>horno</span> <span class='ocrx_word' id='word_1_294' title='bbox 424 2313 474 2352; x_wconf 85' lang='lat' dir='ltr'>sine</span> <span class='ocrx_word' id='word_1_295' title='bbox 490 2313 539 2363; x_wconf 80' lang='lat' dir='ltr'>side</span> <span class='ocrx_word' id='word_1_296' title='bbox 556 2313 635 2354; x_wconf 76' lang='lat' dir='ltr'>stricte</span> <span class='ocrx_word' id='word_1_297' title='bbox 651 2313 713 2354; x_wconf 84' lang='lat' dir='ltr'>dicta</span> <span class='ocrx_word' id='word_1_298' title='bbox 729 2314 808 2364; x_wconf 88' lang='lat' dir='ltr'>posset</span> <span class='ocrx_word' id='word_1_299' title='bbox 823 2314 928 2354; x_wconf 80' lang='lat' dir='ltr'>caritatis</span> <span class='ocrx_word' id='word_1_300' title='bbox 943 2316 998 2356; x_wconf 81' lang='lat' dir='ltr'>actu</span> 
     </span>
     <span class='ocr_line' id='line_1_35' title="bbox 154 2374 998 2428; baseline 0.008 -15"><span class='ocrx_word' id='word_1_301' title='bbox 154 2374 288 2425; x_wconf 76' lang='lat' dir='ltr'>iustificari.</span> <span class='ocrx_word' id='word_1_302' title='bbox 307 2376 372 2416; x_wconf 86' lang='lat' dir='ltr'>Hanc</span> <span class='ocrx_word' id='word_1_303' title='bbox 390 2374 584 2426; x_wconf 78' lang='lat' dir='ltr'>consequentiam</span> <span class='ocrx_word' id='word_1_304' title='bbox 600 2387 658 2417; x_wconf 82' lang='lat' dir='ltr'>suae</span> <span class='ocrx_word' id='word_1_305' title='bbox 674 2376 796 2418; x_wconf 82' lang='lat' dir='ltr'>doetrinae</span> <span class='ocrx_word' id='word_1_306' title='bbox 812 2377 914 2428; x_wconf 83' lang='lat' dir='ltr'>Ripaida</span> <span class='ocrx_word' id='word_1_307' title='bbox 933 2379 998 2420; x_wconf 80' lang='lat' dir='ltr'>«dis-</span> 
     </span>
     <span class='ocr_line' id='line_1_36' title="bbox 154 2437 997 2493; baseline 0.006 -17"><span class='ocrx_word' id='word_1_308' title='bbox 154 2437 278 2477; x_wconf 78' lang='lat' dir='ltr'>cutiendae</span> <span class='ocrx_word' id='word_1_309' title='bbox 296 2437 329 2477; x_wconf 88' lang='lat' dir='ltr'>rei</span> <span class='ocrx_word' id='word_1_310' title='bbox 347 2448 435 2478; x_wconf 82' lang='lat' dir='ltr'>cause»</span> <span class='ocrx_word' id='word_1_311' title='bbox 456 2438 485 2478; x_wconf 89' lang='lat' dir='ltr'>de</span> <span class='ocrx_word' id='word_1_312' title='bbox 503 2438 565 2479; x_wconf 84' lang='lat' dir='ltr'>facto</span> <span class='ocrx_word' id='word_1_313' title='bbox 583 2439 695 2489; x_wconf 87' lang='lat' dir='ltr'>proponit</span> <span class='ocrx_word' id='word_1_314' title='bbox 715 2440 745 2491; x_wconf 85' lang='lat' dir='ltr'>(v.</span> <span class='ocrx_word' id='word_1_315' title='bbox 765 2441 784 2480; x_wconf 92' lang='lat' dir='ltr'>P</span> <span class='ocrx_word' id='word_1_316' title='bbox 803 2439 857 2480; x_wconf 92' lang='lat' dir='ltr'>VIII</span> <span class='ocrx_word' id='word_1_317' title='bbox 877 2441 936 2493; x_wconf 76' lang='lat'>438);</span> <span class='ocrx_word' id='word_1_318' title='bbox 955 2443 997 2482; x_wconf 90' lang='lat' dir='ltr'>sed</span> 
     </span>
     <span class='ocr_line' id='line_1_37' title="bbox 153 2499 995 2552; baseline 0.004 -12"><span class='ocrx_word' id='word_1_319' title='bbox 153 2510 237 2540; x_wconf 85' lang='lat' dir='ltr'>ornnes</span> <span class='ocrx_word' id='word_1_320' title='bbox 254 2499 374 2540; x_wconf 82' lang='lat' dir='ltr'>moraliier</span> <span class='ocrx_word' id='word_1_321' title='bbox 391 2500 493 2552; x_wconf 84' lang='lat' dir='ltr'>theologi</span> <span class='ocrx_word' id='word_1_322' title='bbox 512 2501 582 2541; x_wconf 83' lang='lat' dir='ltr'>istem</span> <span class='ocrx_word' id='word_1_323' title='bbox 600 2500 738 2552; x_wconf 84' lang='lat' dir='ltr'>opinionem</span> <span class='ocrx_word' id='word_1_324' title='bbox 755 2502 854 2543; x_wconf 87' lang='lat' dir='ltr'>omnino</span> <span class='ocrx_word' id='word_1_325' title='bbox 871 2502 995 2545; x_wconf 79' lang='lat' dir='ltr'>reicIunt².</span> 
     </span>
    </p>
   </div>
   <div class='ocr_carea' id='block_1_6' title="bbox 150 2633 999 2874">
    <p class='ocr_par' dir='ltr' id='par_1_6' title="bbox 150 2633 999 2818">
     <span class='ocr_line' id='line_1_38' title="bbox 220 2633 999 2679; baseline 0.001 -9"><span class='ocrx_word' id='word_1_326' title='bbox 220 2635 228 2656; x_wconf 80' lang='lat'>¹</span> <span class='ocrx_word' id='word_1_327' title='bbox 246 2633 287 2670; x_wconf 89' lang='lat' dir='ltr'>His</span> <span class='ocrx_word' id='word_1_328' title='bbox 299 2642 344 2668; x_wconf 87' lang='lat' dir='ltr'>non</span> <span class='ocrx_word' id='word_1_329' title='bbox 355 2635 434 2676; x_wconf 74' lang='lat' dir='ltr'>obstat,</span> <span class='ocrx_word' id='word_1_330' title='bbox 448 2635 506 2679; x_wconf 90' lang='lat' dir='ltr'>quod</span> <span class='ocrx_word' id='word_1_331' title='bbox 519 2635 596 2669; x_wconf 76' lang='lat' dir='ltr'>coriti-a</span> <span class='ocrx_word' id='word_1_332' title='bbox 609 2635 746 2670; x_wconf 84' lang='lat' dir='ltr'>lansenistas</span> <span class='ocrx_word' id='word_1_333' title='bbox 760 2634 886 2670; x_wconf 82' lang='lat' dir='ltr'>inculcatur</span> <span class='ocrx_word' id='word_1_334' title='bbox 897 2635 999 2671; x_wconf 86' lang='lat' dir='ltr'>infideles</span> 
     </span>
     <span class='ocr_line' id='line_1_39' title="bbox 154 2679 999 2726; baseline 0.002 -12"><span class='ocrx_word' id='word_1_335' title='bbox 154 2688 240 2724; x_wconf 82' lang='lat' dir='ltr'>quoque</span> <span class='ocrx_word' id='word_1_336' title='bbox 256 2680 354 2724; x_wconf 82' lang='lat' dir='ltr'>accipere</span> <span class='ocrx_word' id='word_1_337' title='bbox 370 2679 467 2725; x_wconf 80' lang='lat' dir='ltr'>aliquem</span> <span class='ocrx_word' id='word_1_338' title='bbox 481 2690 495 2715; x_wconf 89' lang='lat' dir='ltr'>a</span> <span class='ocrx_word' id='word_1_339' title='bbox 510 2681 562 2716; x_wconf 88' lang='lat' dir='ltr'>lesu</span> <span class='ocrx_word' id='word_1_340' title='bbox 578 2679 664 2716; x_wconf 79' lang='lat' dir='ltr'>Christo</span> <span class='ocrx_word' id='word_1_341' title='bbox 679 2680 789 2725; x_wconf 62' lang='lat' dir='ltr'>initurum</span> <span class='ocrx_word' id='word_1_342' title='bbox 806 2679 844 2724; x_wconf 81' lang='lat' dir='ltr'>(Dz</span> <span class='ocrx_word' id='word_1_343' title='bbox 860 2680 914 2726; x_wconf 80' lang='lat'>1295)</span> <span class='ocrx_word' id='word_1_344' title='bbox 931 2682 999 2725; x_wconf 82' lang='lat' dir='ltr'>atque</span> 
     </span>
     <span class='ocr_line' id='line_1_40' title="bbox 151 2726 998 2771; baseline -0.001 -11"><span class='ocrx_word' id='word_1_345' title='bbox 151 2726 249 2771; x_wconf 80' lang='lat' dir='ltr'>negatur</span> <span class='ocrx_word' id='word_1_346' title='bbox 262 2726 384 2770; x_wconf 82' lang='lat' dir='ltr'>perfectum</span> <span class='ocrx_word' id='word_1_347' title='bbox 399 2727 473 2762; x_wconf 86' lang='lat' dir='ltr'>ectum</span> <span class='ocrx_word' id='word_1_348' title='bbox 486 2726 520 2762; x_wconf 82' lang='lat' dir='ltr'>vel</span> <span class='ocrx_word' id='word_1_349' title='bbox 536 2726 638 2762; x_wconf 86' lang='lat' dir='ltr'>habitum</span> <span class='ocrx_word' id='word_1_350' title='bbox 652 2726 752 2762; x_wconf 86' lang='lat' dir='ltr'>infusum</span> <span class='ocrx_word' id='word_1_351' title='bbox 767 2727 821 2762; x_wconf 82' lang='lat' dir='ltr'>iidei</span> <span class='ocrx_word' id='word_1_352' title='bbox 837 2735 884 2762; x_wconf 87' lang='lat' dir='ltr'>esse</span> <span class='ocrx_word' id='word_1_353' title='bbox 900 2727 998 2771; x_wconf 64' lang='lat' dir='ltr'>primaru,</span> 
     </span>
     <span class='ocr_line' id='line_1_41' title="bbox 150 2770 432 2818; baseline 0.007 -12"><span class='ocrx_word' id='word_1_354' title='bbox 150 2772 251 2815; x_wconf 79' lang='lat' dir='ltr'>pretium</span> <span class='ocrx_word' id='word_1_355' title='bbox 268 2771 306 2816; x_wconf 85' lang='lat' dir='ltr'>(Dz</span> <span class='ocrx_word' id='word_1_356' title='bbox 323 2770 432 2818; x_wconf 77' lang='lat' dir='ltr'>tete-79).</span> 
     </span>
    </p>

    <p class='ocr_par' dir='ltr' id='par_1_7' title="bbox 219 2827 997 2874">
     <span class='ocr_line' id='line_1_42' title="bbox 219 2827 997 2874; baseline 0.004 -12"><span class='ocrx_word' id='word_1_357' title='bbox 219 2829 228 2849; x_wconf 83' lang='lat'><strong>²</strong></span> <span class='ocrx_word' id='word_1_358' title='bbox 252 2827 361 2863; x_wconf 84' lang='lat' dir='ltr'>Rationes</span> <span class='ocrx_word' id='word_1_359' title='bbox 382 2828 491 2872; x_wconf 85' lang='lat' dir='ltr'>quasdam</span> <span class='ocrx_word' id='word_1_360' title='bbox 514 2828 673 2864; x_wconf 86' lang='lat' dir='ltr'>nonnullorum</span> <span class='ocrx_word' id='word_1_361' title='bbox 697 2830 820 2865; x_wconf 86' lang='lat' dir='ltr'>recentium</span> <span class='ocrx_word' id='word_1_362' title='bbox 843 2829 997 2874; x_wconf 80' lang='lat' dir='ltr'>theologorum</span> 
     </span>
    </p>
   </div>
   <div class='ocr_carea' id='block_1_7' title="bbox 113 2873 995 2965">
    <p class='ocr_par' dir='ltr' id='par_1_8' title="bbox 113 2873 995 2965">
     <span class='ocr_line' id='line_1_43' title="bbox 113 2873 995 2922; baseline 0.005 -15"><span class='ocrx_word' id='word_1_363' title='bbox 113 2897 115 2902; x_wconf 35' lang='lat' dir='ltr'><strong>f</strong></span> <span class='ocrx_word' id='word_1_364' title='bbox 150 2882 191 2918; x_wconf 89' lang='lat' dir='ltr'>pro</span> <span class='ocrx_word' id='word_1_365' title='bbox 212 2873 323 2909; x_wconf 83' lang='lat' dir='ltr'>sententia</span> <span class='ocrx_word' id='word_1_366' title='bbox 342 2873 451 2918; x_wconf 82' lang='lat' dir='ltr'>Ripaldae</span> <span class='ocrx_word' id='word_1_367' title='bbox 472 2883 591 2919; x_wconf 84' lang='lat' dir='ltr'>earumque</span> <span class='ocrx_word' id='word_1_368' title='bbox 607 2875 764 2911; x_wconf 84' lang='lat' dir='ltr'>refutationem</span> <span class='ocrx_word' id='word_1_369' title='bbox 785 2885 804 2912; x_wconf 80' lang='lat' dir='ltr'>v.</span> <span class='ocrx_word' id='word_1_370' title='bbox 828 2877 888 2922; x_wconf 86' lang='lat' dir='ltr'>apud</span> <span class='ocrx_word' id='word_1_371' title='bbox 910 2877 995 2913; x_wconf 73' lang='lat' dir='ltr'>Hareni</span> 
     </span>
     <span class='ocr_line' id='line_1_44' title="bbox 154 2918 416 2965; baseline 0 -9"><span class='ocrx_word' id='word_1_372' title='bbox 154 2920 229 2963; x_wconf 89' lang='lat' dir='ltr'>(DdTh</span> <span class='ocrx_word' id='word_1_373' title='bbox 245 2919 263 2964; x_wconf 82' lang='lat'>7,</span> <span class='ocrx_word' id='word_1_374' title='bbox 282 2918 416 2965; x_wconf 54' lang='lat'>17894791).</span> 
     </span>
    </p>
   </div>
   <div class='ocr_carea' id='block_1_8' title="bbox 0 0 1112 3350">
    <p class='ocr_par' dir='ltr' id='par_1_9' title="bbox 0 0 1112 3350">
     <span class='ocr_line' id='line_1_45' title="bbox 0 0 1112 3350; baseline 0 6"><span class='ocrx_word' id='word_1_375' title='bbox 0 0 1112 3350; x_wconf 95' lang='lat' dir='ltr'> </span> 
     </span>
    </p>
   </div>
  </div>
 </body>
</html>
