2214 3350
181 143 216 180 578
478 144 533 181 Sect.
547 145 594 181 Vll.
608 146 638 181 De
650 145 729 181 merito

180 263 253 303 quare
269 263 342 293 «eum
357 251 441 294 timore
455 265 481 294 ac
496 253 597 294 tremore
611 252 712 294 salutem
727 250 794 293 suam
809 252 963 303 operentur»,
980 255 1026 294 for-

180 315 299 356 midantes
313 316 342 356 de
356 326 445 367 pugna,
461 327 521 368 quae
536 316 642 366 superest
655 315 707 363 ete.;
723 325 792 365 porro
805 327 839 363 eo,
855 317 919 366 quod
932 327 983 357 can.
998 320 1026 357 32

182 378 224 429 (Dr
242 378 290 429 842)
310 378 374 419 uitae
393 380 500 420 aeternae
520 377 678 419 consecutioni
696 379 818 429 tamquam
838 379 929 420 obiecto
946 380 1023 421 merit'

135 443 136 447 ’
180 441 344 482 condicionem
364 441 402 482 «si
419 443 499 483 tamen
516 442 541 481 in
558 441 633 492 gratia
651 441 793 482 decesserit»
817 453 926 492 expresse
950 443 1024 491 addit,

180 503 237 545 satis
249 504 331 545 innuit
343 505 387 546 lioc
400 505 497 553 donum,
512 515 559 555 quo
573 503 657 545 collato
670 504 803 545 consecutio
817 503 906 555 gloriae
919 506 1036 547 absolute

179 567 243 608 certa
259 567 346 616 erodit,
364 568 395 608 ad
411 566 501 608 obiecta
516 566 596 607 meriti
612 567 640 608 de
656 567 773 619 condigno
787 578 836 607 non
853 567 977 617 pertinere.
994 595 1026 600 —

182 630 205 672 S.
219 630 401 681 Augustinus
413 631 516 670 maxime
529 630 555 673 in
568 629 637 670 libris
648 630 683 670 De
697 642 756 671 corr.
772 637 793 671 et
806 639 866 682 prot.
881 632 904 671 et
916 632 950 671 De
963 632 1026 672 dono

179 704 271 743 persev,
287 694 340 734 tuse
352 692 437 744 probat
450 694 494 734 hoc
509 692 600 733 donum
617 704 682 733 «non
699 694 829 736 secundum
845 694 931 736 merita
945 694 1026 735 nostra

180 756 240 804 dari,
259 756 299 797 sed
317 757 369 797 dari
386 756 518 797 secundum
535 756 611 806 ipsius
628 756 690 815 [Dei]
708 756 898 807 secretissimam,
916 758 1026 798 eandem·
1045 801 1046 804 ,

180 830 225 870 que
244 818 408 867 iustissimam,
430 818 637 869 sapientissimam,
658 819 901 861 beneficentissimam
918 816 1025 862 volunta

135 913 136 916 ,
180 881 245 922 tem»
266 881 309 932 (De
326 882 388 921 dono
404 892 495 932 perseo.
515 884 549 931 13,
566 882 611 933 33);
629 883 659 922 cf.
676 884 697 923 R
714 894 758 923 ser.
776 885 824 924 320.
842 909 874 915 -
891 884 1024 932 Thomas,

179 945 204 985 S.
222 945 255 985 tt.
273 948 293 993 t,
310 948 324 986 2
340 956 363 996 q.
380 947 421 986 114
436 957 456 986 a.
473 947 495 985 9.
512 969 544 974 —
559 944 652 986 Ratio.
670 946 750 986 Iustus
765 947 849 997 nequit
862 946 891 988 de
908 946 1026 997 condigno

179 1008 265 1048 mereri
278 1009 385 1058 primunt
400 1008 503 1058 pronam
518 1008 648 1059 efficorent,
665 1009 722 1059 quia
738 1019 805 1058 opus,
822 1020 871 1059 quo
885 1021 938 1050 eam
951 1020 1025 1050 mere-

179 1071 251 1119 retur,
263 1071 313 1111 iam
323 1071 454 1122 requireret
464 1071 570 1121 priorem
581 1071 687 1123 aliquam
699 1071 800 1123 gretiam
811 1072 936 1121 efficacem3
948 1082 1025 1123 neque

178 1134 241 1174 ullas
251 1140 375 1185 sequentes
386 1135 473 1185 proteus
486 1135 595 1185 efficaces
608 1136 690 1186 [supra
699 1135 743 1175 sub
753 1136 785 1187 a);
797 1136 854 1176 hinc
864 1147 940 1186 neque
952 1141 1026 1176 totum

178 1196 247 1236 illone
258 1197 343 1236 seriem
356 1197 487 1248 gratiarum
499 1196 636 1245 efficacium,
650 1209 698 1249 qua
709 1198 860 1248 componitur
871 1199 960 1239 donum
973 1209 1025 1248 per-

180 1261 326 1301 severantiae
342 1272 371 1301 ex
387 1261 453 1311 parte
468 1261 505 1300 sui
522 1260 632 1301 elementi
649 1261 719 1302 activi
738 1262 776 1311 (ot.
796 1273 819 1302 11.
838 1264 877 1302 571
896 1262 929 1312 d);
948 1272 1024 1311 neque

179 1324 382 1375 opportunitatem
397 1323 480 1364 mortis
499 1323 566 1374 (ibid.
584 1324 614 1374 e),
632 1324 746 1375 quoniam
762 1334 856 1374 semper
871 1324 945 1364 estin
961 1325 1025 1374 pote
1084 1351 1087 1354 x

179 1386 237 1427 state
249 1387 337 1426 summi
349 1386 445 1426 Domini
453 1387 518 1427 ,vitae
528 1386 676 1436 necisqueut
686 1398 729 1437 pro
741 1398 782 1428 suo
794 1386 941 1437 beneplacito
953 1385 1024 1427 statui

178 1449 229 1490 viae
244 1460 343 1489 suarum
357 1448 520 1492 creaturarum
533 1449 607 1490 tinem
622 1448 737 1499 imponat,
753 1459 829 1500 neque
843 1448 908 1489 ullus
920 1460 1025 1490 necessa-

179 1514 228 1554 rius
241 1524 324 1561 nexus,
339 1513 388 1554 sive
400 1512 509 1553 internus
521 1524 550 1553 ex
562 1512 648 1553 natura
660 1512 702 1561 rei,
717 1513 765 1553 sive
778 1512 891 1553 externus
900 1523 929 1553 ex
942 1512 1025 1553 divina

158 1567 160 1570 ’
178 1577 334 1624 ordinatione,
350 1576 451 1617 habetur
464 1575 527 1616 inter
539 1576 602 1616 bona
614 1586 686 1626 opera
699 1577 722 1616 et
735 1575 829 1626 tempus
843 1575 933 1616 mortis.
949 1575 1024 1627 Saepe

178 1640 259 1681 monet
274 1640 383 1681 Christus
398 1639 526 1680 venturum
540 1650 589 1680 esse
605 1639 694 1680 Filium
709 1638 821 1688 hominis,
839 1652 887 1691 qua
901 1639 960 1681 hora
975 1651 1024 1680 non

179 1704 333 1755 exspectetur.
355 1729 388 1734 —
409 1704 488 1745 Iustus
504 1703 554 1744 suis
569 1703 659 1744 meritis
682 1703 809 1753 acquisivit
824 1703 863 1744 ius
876 1704 907 1745 ad
922 1703 1024 1754 gloriam

179 1768 341 1808 conditionate
353 1768 529 1816 conterendam,
544 1779 571 1808 ea
583 1767 632 1808 scil.
647 1766 792 1816 condicione,
805 1768 833 1808 ut
844 1768 882 1808 1115
895 1778 964 1808 suum
977 1778 1024 1808 ser-

177 1833 302 1883 vetusque
314 1832 345 1872 ad
357 1831 465 1872 mortem.
480 1832 527 1872 Sed
539 1832 592 1881 ipsa
602 1832 660 1872 haec
672 1832 818 1872 conservatio
830 1832 891 1873 iuris
901 1843 949 1872 non
960 1830 1025 1872 cadit

178 1897 222 1937 sub
239 1896 325 1937 merito
340 1896 369 1937 de
386 1896 511 1946 condigno;
529 1895 625 1946 speciali
641 1896 705 1937 enlm
723 1896 765 1937 Dei
782 1896 899 1937 beneficio
916 1895 1022 1937 debetur.

177 1983 208 1989 -
230 1959 309 1999 Simili
332 1960 405 2000 modo
426 1959 505 2000 iustus
527 1959 727 2000 conservationem
746 1959 797 2000 eius
814 1959 903 2009 gratiae
919 1959 1024 2000 sanctiti-

179 2024 260 2072 cantis‚
278 2035 352 2075 quarn
368 2024 491 2074 tamquam
509 2023 664 2074 augmentum
678 2023 747 2064 titulo
763 2023 843 2064 meriti
860 2024 889 2064 de
906 2024 1023 2073 condigno

179 2088 224 2129 sibi
236 2087 370 2138 acquisivit,
384 2087 488 2128 meretur
500 2087 545 2127 sub
557 2087 702 2135 condicione,
716 2098 745 2127 ne
757 2087 853 2127 mortali
865 2088 959 2138 peccato
972 2098 1023 2137 gra-

178 2151 236 2192 tiam
247 2151 361 2192 destruat.
375 2152 442 2200 Quod
454 2150 581 2191 destructio
592 2150 682 2201 gratiae
692 2151 763 2190 nitori
773 2152 855 2202 possit,
869 2150 1024 2200 probabiliter

179 2216 223 2256 sub
236 2215 350 2255 meritum
373 2215 436 2255 cadit
460 2216 542 2266 (supra
557 2225 581 2254 n.
598 2217 646 2261 744,
664 2215 696 2266 3);
718 2216 781 2264 quod
798 2214 827 2256 de
844 2214 905 2255 iacto
927 2217 1021 2264 vitetur,

178 2280 277 2321 debetur
289 2278 386 2330 speciali
398 2280 440 2319 Dei
452 2277 577 2327 beneficio,
591 2280 654 2328 quod
667 2279 755 2328 absque
767 2279 852 2319 merito
865 2279 893 2319 de
906 2279 1024 2329 condigno

177 2343 315 2384 conceditur
331 2343 370 2395 (ct
386 2343 438 2384 Ber.
455 2343 528 2393 1044).
543 2367 574 2373 -
589 2343 609 2393 c)
623 2340 752 2394 Reparatio
766 2343 822 2395 post
836 2335 928 2395 lapsum
941 2354 1022 2383 seeun-

178 2408 236 2448 dum
247 2419 399 2448 communem
411 2413 433 2447 et
444 2412 534 2447 certano
544 2405 686 2447 sententium
698 2407 759 2459 (Ber.
768 2408 831 2458 1039)
844 2418 892 2448 non
904 2407 939 2449 est
947 2407 1023 2448 obiec-

177 2472 229 2513 tum
243 2472 323 2513 meriti
339 2473 367 2512 de-
382 2472 507 2522 condigno.
524 2470 625 2511 Fontes
640 2471 705 2512 enim
718 2482 814 2512 omnem
829 2471 1024 2512 iustificationem

177 2535 306 2586 peccatoris
321 2535 349 2576 ut
363 2535 456 2586 insigne
472 2545 534 2586 opus
548 2534 644 2584 gratiae,
662 2534 761 2576 minime
778 2546 835 2577 vero
848 2536 875 2576 ut
890 2536 1024 2576 mercedem

177 2611 276 2650 operum
291 2600 412 2640 exhibent.
430 2601 493 2650 Ergo
508 2609 557 2639 non
573 2599 641 2640 debet
655 2600 702 2641 dici
719 2601 854 2651 praemium
870 2600 982 2651 operibus
997 2600 1023 2640 in

178 2665 256 2714 priore
270 2664 352 2715 aliquo
368 2664 429 2705 statu
444 2664 534 2715 gratiae
549 2664 648 2713 putretis
664 2676 692 2704 ex
708 2664 798 2705 iustitia
814 2665 928 2705 debitum.
945 2691 976 2696 -
991 2665 1023 2704 ΕΖ

179 2731 212 2777 18,
228 2731 266 2769 24:
288 2745 298 2764 ιι
307 2727 332 2768 Si
347 2729 426 2768 autern
441 2727 553 2768 averterit
568 2738 591 2767 se
605 2727 682 2768 iustus
696 2741 710 2769 a
726 2728 816 2769 iustitia
829 2740 884 2769 sua.
896 2760 899 2768 .
911 2761 924 2776 .‚
940 2739 1024 2769 omnes

178 2792 353 2840 instituemus,
369 2804 428 2843 quas
441 2792 536 2840 iecerat,
552 2803 599 2831 non
614 2792 829 2834 recordabuntur.»
844 2819 875 2824 -
888 2793 981 2833 Ratio.
998 2793 1023 2832 Si

178 2856 361 2908 reparationem,
381 2856 451 2897 etiam
470 2856 587 2906 quasdam
602 2856 691 2905 gratias
708 2855 812 2897 efficaces
830 2857 907 2897 iustus
923 2857 951 2898 de
970 2868 1023 2896 con-

178 2921 249 2972 digno
263 2920 349 2960 mereri
364 2921 448 2971 posset,
464 2920 527 2971 quod
541 2919 576 2960 est
588 2920 670 2960 contra
683 2932 704 2960 a.
718 2946 749 2951 —
762 2921 841 2961 Iustus
855 2921 949 2970 peccato
961 2932 1024 2961 mor-
