2214 3350
141 226 178 263 492
300 227 354 264 Sect.
369 227 392 263 V.
408 227 453 262 Art.
469 227 497 263 ΙΙ.
512 226 637 273 Explicatio
649 224 735 281 gratiae
749 225 843 262 efficacis

140 346 183 375 suo
195 334 230 376 ita¹
240 334 384 376 determinat
396 334 538 384 creaturam,
553 329 650 376 ut'haec
663 332 917 385 indeclinabiliter
931 333 989 374 huic

140 398 234 438 decreta
245 397 331 439 debeat
342 408 366 439 se
377 399 564 446 accommodare,
578 398 601 439 et
612 398 691 438 actum
704 397 739 438 est
751 397 780 438 de
792 397 909 446 liberiora
921 402 961 437 ent
973 406 989 436 e

140 471 253 501 converso
266 461 330 505 Deus
344 461 369 501 in
386 461 483 502 terendo
500 461 543 501 hoc
559 460 651 501 decreto
667 460 788 501 creaturae
802 459 877 502 libere
892 459 988 500 acturae

140 534 167 563 se
182 524 386 577 accommodat,
402 524 481 566 etheo
496 535 545 564 non
559 522 636 574 potest
648 521 810 564 infallibiliter
824 521 875 564 sine
889 523 989 563 scientie

108 604 109 607 =
139 586 227 634 niedia,
245 598 293 638 qua
310 586 499 638 praecognoscit,
518 585 638 636 quomodo
655 585 680 626 in
697 584 773 626 variis
788 584 908 626 adiunctis
924 596 989 625 orea-

140 648 195 690 tura
208 649 283 691 libere
298 661 321 691 se
336 649 523 690 determinatum
537 648 604 689 esset.

141 738 196 805 618}
218 764 261 804 Ἰ).
281 763 391 815 systema
408 762 558 804 sorbonicum
575 762 662 804 reicere
679 762 780 803 sufficiat
800 763 826 802 in
850 774 877 803 ea
900 763 987 808 forma,

140 838 214 883 quarn
231 828 390 867 Herrmann
406 825 530 877 tamquam
548 825 680 866 doctrinam
700 825 723 865 S.
743 825 857 867 Aliensi
875 824 988 876 proponit

142 890 173 940 (v.
189 890 242 929 Ber.
259 887 372 930 eea-596
388 889 447 939 483).

209 978 229 1015 1.
246 974 329 1023 Quoad
344 974 446 1026 gratiam
461 973 588 1016 efficacem
603 976 633 1015 ad
648 985 720 1024 opera
735 973 868 1014 difficiliora
882 985 988 1015 necessa-

139 1037 213 1077 riam:
231 1036 370 1088 Explicatio,
387 1037 443 1088 quia
458 1037 559 1078 assumit
573 1036 915 1089 praedeterminationem
930 1047 988 1077 mo-

139 1100 239 1148 ralem,
256 1100 343 1141 iisdem
357 1101 406 1140 iere
422 1100 525 1141 obnoxia
539 1101 575 1141 est
588 1099 768 1141 difficultatibus
783 1112 810 1141 ac
826 1100 929 1151 systema
940 1100 988 1140 sub

138 1164 158 1202 A
175 1163 313 1203 refutatum.
331 1163 454 1214 Imprimis
469 1163 580 1214 urgetur:
606 1163 653 1203 Ant
675 1163 775 1204 moralis
795 1163 921 1204 necessitas
937 1173 986 1203 non

139 1226 242 1277 explicat
259 1225 393 1268 absolutam
411 1225 672 1276 infallibilitatem,
693 1232 735 1267 unt
754 1225 890 1268 infallibilis
907 1237 988 1267 neces-

139 1288 196 1330 sitas
210 1289 273 1330 tollit
288 1288 453 1331 libertatem
470 1300 605 1330 consensus.
623 1289 732 1330 Attamen
750 1288 822 1331 etiam
838 1300 910 1338 opera
920 1289 986 1336 ,diffi-

139 1351 223 1392 ciliora
237 1353 293 1393 sunt
307 1352 382 1393 libera
396 1353 422 1391 in
437 1364 468 1401 se,
484 1364 533 1392 non
547 1353 574 1392 in
589 1363 658 1393 eausa
673 1352 775 1402 tantum,
790 1353 814 1393 51
828 1351 986 1403 Syncretistae

138 1415 201 1455 hanc
217 1414 287 1462 libert
303 1415 351 1456 tem
365 1415 462 1455 omnino
478 1415 564 1455 volunt·
578 1426 678 1455 servare.
700 1441 733 1447 -
753 1415 881 1466 Effugia,
898 1415 986 1465 quibus

138 1478 275 1518 Herrmunn
290 1477 374 1529 (Inst't.
390 1489 414 1517 n.
429 1480 481 1518 1221
490 1478 510 1529 s)
526 1479 583 1519 huic
594 1477 794 1528 argumentationi
809 1469 832 1520 se
846 1477 991 1524 subtrahere,

139 1540 245 1588 conatur,
262 1540 310 1581 iam
326 1540 381 1581 sunt
395 1541 451 1581 nota
464 1540 488 1581 et
502 1540 625 1581 dissoluta.
797 1540 799 1542 ’

138 1665 192 1706 619.
228 1668 249 1706 2.
266 1665 349 1714 Quoad
363 1663 466 1716 gratiam
480 1663 643 1706 sufficientem
657 1666 687 1705 ad
702 1676 775 1715 opera
787 1664 896 1706 faciliora-
909 1677 965 1706 omn

137 1728 184 1768 bus
197 1738 333 1768 concessam
354 1728 398 1768 hoc
421 1727 524 1779 systema
547 1728 631 1779 negat
653 1727 685 1777 id,
703 1728 768 1779 quod
784 1729 971 1769 consentiebatur

136 1791 255 1831 universis
274 1791 432 1831 Bannesiunis
451 1786 475 1831 et'
491 1791 621 1832 Molinistis
646 1803 660 1832 a
684 1791 817 1833 doctrina
841 1791 965 1832 'catholic

137 1854 241 1904 exigitur
253 1854 277 1894 51
289 1855 352 1904 quod
365 1853 481 1894 Molinam
493 1864 591 1904 negasse
604 1854 741 1895 Themistae
754 1854 779 1894 in
794 1855 965 1906 Conprepution

139 1916 182 1956 bns
194 1916 223 1956 de
234 1916 336 1956 Auniliis
348 1916 370 1957 et
380 1916 438 1957 alibi
451 1916 541 1957 frustra
552 1916 674 1958 ostendere
684 1917 836 1959 tentaverunt
849 1919 887 1969 (cf.
901 1919 934 1959 th.
947 1921 965 1958 2¹

137 1989 214 2030 praes.
228 1990 252 2018 n.
266 1979 325 2030 5115).

207 2058 228 2109 a)
245 2058 315 2100 quta
327 2060 400 2100 verba
415 2059 493 2100 Patris
507 2060 643 2100 Herrmonn
657 2071 680 2100 n.
697 2062 737 2101 611
753 2060 796 2100 fin.
812 2059 883 2101 citata
897 2061 984 2107 Deus,
1013 2070 1014 2073 ’

137 2121 250 2161 omnibus
262 2121 402 2162 hominibus
412 2122 522 2172 gratias
532 2122 563 2162 ad
576 2121 706 2163 orationem
719 2123 743 2164 et
753 2133 826 2173 opera
836 2123 917 2163 facilia
928 2134 985 2163 vere

137 2183 324 2225 sufficientes
345 2183 578 2235 praedestinans,
602 2184 628 2224 in
650 2184 694 2226 hoc
710 2185 777 2234 signo
795 2184 894 2226 rationis
916 2196 988 2225 non-.

137 2246 203 2286 dum
218 2245 282 2294 scit,
298 2245 381 2287 utrum
396 2246 521 2287 secuturus
536 2247 567 2288 sit
581 2257 710 2289 consensus
724 2259 756 2288 an
772 2246 893 2289 dissensus
907 2249 985 2289 horni-

136 2309 256 2357 nis3na1n
273 2308 372 2350 scientia
393 2309 509 2360 simplicis
529 2310 703 2361 intellegentiae
727 2311 789 2353 nihil
812 2311 914 2353 ostendit
936 2311 984 2353 nisi

137 2371 267 2423 utrumque
282 2372 335 2413 11511
348 2383 423 2423 posse,
440 2372 539 2414 scientia
553 2373 632 2415 media
647 2374 755 2425 negatur,
772 2374 870 2416 scientia
885 2376 983 2416 visionis

136 2445 184 2475 non
200 2435 324 2484 antecedit,
341 2436 382 2476 sed
399 2436 551 2486 consequitur
568 2436 688 2478 decretum
705 2436 823 2478 divinum.
842 2438 904 2488 argo
919 2438 986 2479 Deus

136 2509 228 2546 caece,
242 2498 373 2540 effectuum
385 2499 491 2549 ignarus,
505 2499 531 2539 in
542 2499 636 2541 aeterna
650 2511 692 2541 sua
704 2500 917 2551 praedestinatione
930 2512 985 2553 gra-

136 2561 181 2601 tias
197 2560 338 2602 sufficientes
353 2561 513 2603 distribueret.
530 2562 603 2613 Atqui
619 2563 716 2605 sicsine
733 2563 805 2605 dubio
822 2563 985 2604 destruitur

136 2623 233 2674 sapiens
248 2623 291 2664 Dei
309 2624 494 2675 providentia
505 2626 521 2664 ¹,

199 2749 206 2770 ¹
227 2749 277 2784 Non
295 2749 367 2793 potest
388 2749 431 2784 dici
448 2749 517 2793 Deus,
538 2749 627 2792 (1115111110
648 2748 750 2783 effectum
770 2756 816 2784 non
836 2747 936 2793 optatum
958 2758 984 2784 ex

136 2794 223 2830 decreto
239 2803 279 2829 suo
294 2795 356 2839 sequi
371 2794 497 2839 cognoscat,
513 2793 617 2829 mutare
632 2793 673 2830 hoc
687 2793 806 2837 decretum;
823 2802 876 2830 narn
892 2804 917 2830 511
933 2803 960 2829 su

136 2840 209 2886 posito
223 2840 298 2884 agitur
312 2841 339 2876 de
353 2841 446 2876 scient-ia
460 2840 560 2882 visionis,
576 2848 632 2884 quae
644 2841 693 2876 sola
707 2841 806 2876 absolute
820 2841 898 2884 futura
912 2841 975 2875 osten

136 2887 176 2930 dit;
193 2895 246 2930 ergo
263 2886 300 2922 ille
318 2887 408 2922 effectus
425 2889 469 2923 Deo
486 2886 590 2930 ingratus
607 2896 685 2933 reapse
705 2887 799 2922 exsistet.
819 2887 853 2922 Ad
871 2895 983 2921 summurn

135 2934 195 2968 Deus
211 2932 285 2978 posset
307 2941 390 2968 novum
411 2933 502 2977 aliquod
517 2932 629 2968 decretum
650 2933 780 2976 adiungere,
794 2941 842 2977 ,0110
865 2933 971 2968 0011515111

136 2979 244 3014 damnum
256 2987 282 3013 ex
292 2978 365 3024 priore
378 2979 463 3014 decreto
477 2979 605 3014 secuturum
617 2978 781 3024 quadamtenus
793 2978 906 3014 resarcire.
921 2978 970 3020 Qua

135 3024 241 3069 cogitatio
258 3033 312 3060 sene
326 3025 372 3060 Deo
387 3024 482 3068 indigna
499 3024 561 3060 asset.
665 3036 667 3038 >
776 3050 778 3052 -
