2214 3350
471 182 630 219 Praenotanda
812 168 817 174 ⁴
889 222 891 226 ,
937 181 978 218 -527

128 289 265 332 voluntatis.
283 292 388 333 Infantes
403 302 461 332 vero
477 290 520 331 aut
536 289 659 330 salvantur
675 289 717 330 aut
733 289 879 330 damnantur
896 290 975 330 inde-

129 353 288 403 pendenter
310 355 341 396 ab
367 366 451 395 eorum
469 353 591 394 voluntate
610 352 768 403 personali.
794 379 826 385 -
851 352 979 404 Imprimis
1016 361 1019 365 “

129 416 192 456 Deus
207 417 353 459 voluntatem
370 417 505 458 salvificam
521 427 577 467 erga
592 426 631 456 eos
647 416 757 457 exhibuit
769 428 803 465 eo,
822 417 885 466 quod
901 416 974 457 etiam

129 490 171 529 pro
184 479 242 530 ipsis
254 480 320 522 misit
331 481 460 529 Christum,
474 478 578 521 instituit
589 478 744 530 baptismum,
758 479 847 520 adultis
858 480 924 521 dedit
936 490 979 520 eos.

129 541 266 593 baptizandi
282 544 441 595 praeceptum.
459 544 524 592 Quae
540 542 604 584 bisce
620 553 637 583 a
651 542 767 592 theologis
782 542 911 591 adduntur,
927 553 975 582 non

129 605 216 645 debent
232 617 282 647 esse
300 606 424 655 eiusmodi,
442 606 470 648 ut
487 606 538 656 ipse
556 606 620 646 Deus
638 604 739 646 eftectus
758 603 888 645 voluntatis
906 605 979 646 salvi*
1026 646 1028 650 ,

129 667 189 708 sicae
204 679 247 718 per
262 681 305 710 sua
320 670 395 720 ipsius
404 668 483 720 'opera
500 667 669 719 consequentia
683 667 803 709 destruere
819 667 930 716 ponatur.
948 668 976 708 Id

129 732 189 773 certe
201 744 250 773 non
260 733 382 781 obtinebit,
395 733 415 774 si
426 733 531 774 infantes
540 725 692 783 praemature
703 731 832 787 morientes
843 743 875 772 ex
886 730 979 771 bomi-

126 806 195 835 num
210 795 320 837 tantum
335 797 420 847 eulpa
433 795 560 847 privantur
574 795 700 846 baptismo.
718 795 808 845 [talpas
822 795 887 834 enim
900 794 979 834 honri-

129 870 188 899 num
204 860 267 900 Deus
282 861 399 910 permittit
415 865 516 908 lantum,
534 870 582 899 non
599 857 675 899 efficit.
694 859 782 899 Pesch
802 859 834 909 (n.
852 858 901 908 351)
920 868 976 897 eum

129 921 183 962 aliis
195 922 311 974 theologis
324 923 355 974 (v.
364 933 385 973 g.
400 923 484 963 Kilber
498 922 631 981 [Wircebtl
646 923 680 963 De
694 922 744 963 Deo
757 922 811 962 Uno
824 921 885 971 disp.
899 923 913 961 4
927 932 946 960 c.
962 923 979 971 21

129 998 149 1026 a.
164 989 184 1034 3,
199 987 222 1027 et
236 987 383 1034 Centonem,
397 986 431 1026 De
445 985 560 1036 parvulis,
576 985 617 1036 qui
632 985 681 1025 sine
696 984 817 1035 baptismo
829 984 974 1032 moriuntur,

129 1049 221 1090 dissert.
238 1048 309 1089 theol.
328 1049 436 1107 [Lovanii
451 1049 523 1107 maol)
542 1043 568 1088 in
584 1048 646 1088 hanc
663 1048 805 1088 solutionem
819 1047 926 1087 inclinat.
944 1073 976 1078 -

129 1111 245 1152 Permulti
259 1122 315 1152 sane
327 1122 397 1152 casus
409 1111 442 1151 sic
454 1111 555 1161 possunt
567 1109 688 1160 explicari,
704 1110 843 1160 praesertim
858 1111 877 1150 si
891 1121 979 1151 omnes

129 1169 222 1225 quoque
241 1173 431 1224 imperfectiones
451 1172 554 1213 morales
573 1174 616 1213 sub
635 1172 750 1222 conceptu
769 1174 853 1224 culpae
870 1184 975 1224 compre-

85 1242 86 1249 *
129 1236 275 1277 tenduntur.
289 1236 314 1276 Si
325 1246 408 1276 omnes
419 1235 536 1286 evangelii
546 1246 673 1286 praecones
686 1247 779 1286 semper
791 1246 884 1276 summo
897 1236 979 1277 studio

130 1300 204 1340 iidem
221 1299 392 1354 propagassent
408 1309 538 1349 omnesque
561 1298 672 1339 homines
693 1298 757 1339 bona
777 1298 900 1339 voluntate
922 1309 978 1339 eam

130 1353 280 1413 recepissent,
305 1363 369 1403 lctus
388 1362 455 1402 orbis
480 1362 597 1402 terrarum
616 1362 664 1401 iam
683 1361 726 1402 diu
745 1362 805 1402 esset
823 1361 975 1409 christianus

129 1436 199 1476 porro
216 1426 236 1465 si
252 1436 334 1466 omnes
352 1425 436 1465 fideles
450 1436 523 1475 quam
540 1425 646 1465 maxima
664 1434 756 1475 semper
773 1423 898 1474 diligentia
914 1435 980 1465 oras¹⁴

130 1488 188 1536 sent,
207 1488 320 1538 plurimis
338 1487 399 1528 certe
418 1487 528 1536 parvulis
545 1487 660 1538 baptismi
679 1487 781 1538 gratiam
801 1487 977 1538 impetrassent.

130 1551 161 1591 At
176 1551 209 1591 ita
223 1561 283 1590 num
304 1550 376 1590 etiam
398 1549 564 1598 obtinuissent,
580 1561 609 1591 ne
625 1549 691 1590 ullus
713 1549 790 1591 icet-us
813 1550 935 1591 humanus
951 1551 978 1590 in

105 1609 106 1612 ’
129 1615 196 1655 utero
212 1614 319 1654 materno
334 1613 388 1654 ante
404 1612 553 1664 baptismum
569 1613 715 1653 moreretur?
737 1639 768 1644 —
790 1613 867 1662 Quare
890 1614 981 1654 Fran*

130 1676 205 1718 zelin
220 1688 276 1717 cum
292 1676 346 1717 aliis
363 1676 468 1728 (Saurea,
484 1677 595 1724 Ferreae,
612 1676 707 1725 Hortor,
726 1676 806 1728 Billoi)
826 1677 905 1717 censet
920 1676 982 1717 satis

129 1750 186 1788 esse,
200 1739 228 1780 ut
237 1738 344 1780 salvifica
356 1750 413 1790 erga
424 1739 537 1788 parvulos
549 1737 660 1779 voluntas
672 1739 716 1779 hoc
729 1739 801 1779 modo
813 1739 972 1790 concipiatur:
1031 1786 1033 1788 ¹

129 1803 194 1843 Deus
206 1802 318 1842 omnibus
330 1801 382 1842 vult
395 1800 511 1852 applicari
523 1812 567 1851 per
578 1802 725 1852 baptismum
740 1803 825 1843 merita
840 1802 935 1852 Christi,
951 1804 978 1843 in·

130 1865 248 1915 quautam
264 1875 348 1905 causae
367 1863 470 1905 morales
490 1863 516 1904 et
535 1864 671 1915 physicae
692 1865 782 1907 inhoc
801 1865 865 1906 statu
884 1866 981 1906 deordi-⁴

130 1927 184 1968 nato
202 1927 301 1968 naturae
320 1928 399 1978 lapsae
419 1926 458 1966 isti
476 1927 630 1977 applicationi
649 1938 697 1967 non
717 1927 842 1968 obsistunt.
870 1928 981 1969 Effectus,

130 1991 217 2031 harum
235 2002 368 2039 causarum,
387 1990 506 2040 quatenus
522 1990 670 2040 baptismum
685 1990 828 2040 impediunt,
848 2003 897 2032 non
915 1992 974 2040 vult,

131 2055 172 2096 sed
185 2054 303 2105 permittit
318 2060 410 2094 tantiam
425 2054 495 2094 Deus.
511 2054 564 2094 Non
580 2054 644 2094 enim
659 2055 695 2094 est
709 2065 776 2104 opus,
793 2056 821 2096 ut
836 2056 867 2096 ad
882 2066 981 2104 praeca--

130 2119 207 2159 venda
228 2118 345 2159 eiusmodi
367 2118 499 2158 infurtunia
519 2118 584 2158 Dens
602 2118 763 2159 universalem
785 2119 808 2160 et
828 2118 981 2159 ordinariam

130 2182 206 2223 mutet
213 2182 396 2233 providentiam.
408 2182 466 2222 Post
474 2183 597 2232 peccatum
607 2182 723 2233 originale
733 2184 798 2223 Deus
807 2194 883 2235 genus
893 2183 977 2225 huma-

131 2258 190 2287 num
207 2258 223 2286 a
240 2246 331 2287 nocivis
347 2257 474 2287 causarum
490 2246 645 2297 physicarum
662 2246 788 2294 effectibus
806 2259 854 2288 non
873 2247 983 2298 amplius

130 2309 364 2361 praeternaturaliter
375 2309 519 2361 praeservat;
531 2321 604 2361 quare
615 2322 644 2351 ex
654 2310 739 2350 iisdem
751 2311 829 2351 causis
840 2312 888 2352 iam
900 2322 982 2360 nece-s-

131 2374 192 2415 sario
216 2374 327 2425 provenit
348 2385 414 2415 mors
437 2374 569 2415 multorum
593 2373 723 2414 infantium
749 2376 843 2425 peccato
866 2376 977 2425 originali

103 2492 105 2495 Α
131 2438 281 2479 infectorum
306 2438 371 2479 Deus
393 2450 444 2479 nort
469 2449 496 2478 eo
518 2439 615 2479 consilio
640 2438 751 2479 naturam
770 2439 803 2480 ita
820 2438 931 2488 instituit,
951 2446 982 2480 ut

131 2502 236 2542 infantes
249 2501 299 2541 sine
312 2501 389 2552 gratia
402 2503 553 2543 morerentur
567 2503 609 2552 {sic
623 2503 687 2543 enim
702 2502 831 2543 certissime
843 2514 892 2543 non
907 2504 982 2544 habe--

131 2566 167 2607 ret
178 2565 339 2606 universalem
352 2565 501 2607 volunlatem
516 2566 668 2618 salvificam);
684 2568 725 2607 sed
740 2578 789 2617 qua
802 2568 911 2617 provisor
925 2568 982 2607 uni-v

130 2631 231 2671 versetis
254 2630 362 2671 ordinem
387 2629 470 2681 legum
494 2631 642 2672 naturalium
666 2643 694 2672 ex
717 2631 901 2682 sapientissimis
924 2643 983 2674 con-v

132 2696 193 2736 didit
204 2695 296 2735 finibus
309 2706 385 2745 neque
399 2705 428 2734 ex
442 2695 503 2735 seria
515 2696 636 2737 voluntate
652 2695 760 2737 salvifica
773 2696 874 2745 tenetur,
890 2697 917 2738 ut
931 2709 983 2748 quai

131 2760 240 2811 provisor
261 2759 412 2809 particularis
434 2759 535 2801 mortem
558 2761 729 2811 cuiuscumque
751 2762 847 2812 parvuli
870 2762 977 2802 nondum

132 2825 245 2877 baptizati
263 2825 404 2865 miraculose
421 2824 554 2874 probibeat.
575 2825 758 2876 Impossibilitas
774 2826 889 2877 baptismi
905 2828 983 2868 huius

132 2890 228 2941 parvuli
244 2890 279 2931 est
295 2889 389 2930 funesta
411 2890 507 2939 sequela
530 2890 631 2932 istarum
653 2890 742 2941 legum,
760 2903 833 2943 quam
849 2893 913 2932 Deus
930 2903 981 2932 non.

132 2955 242 3003 intendit,
254 2956 295 2996 sed
305 2953 427 3006 permittit.
438 2954 510 2994 Billot
519 2955 536 2994 l.
546 2967 565 2995 c.
574 2958 619 3005 p7
630 2954 771 3006 simpliciter
780 2956 901 2998 enuntiat:
915 2956 984 2996 Deus
