2214 3350
202 186 210 217 ’Ἴ
252 212 387 257 Conspectus
404 210 573 254 chronologicus
591 209 769 255 disputationum
904 210 941 247 451

95 321 149 360 1644
167 318 306 369 Capitulum
320 319 430 370 66661616
445 318 473 373 O.
492 319 518 358 P.
538 317 561 358 et
578 319 633 357 1646
651 316 805 368 0666166666
823 318 941 369 pennalis

127 382 153 422 S.
166 382 187 422 l.
202 385 223 430 8,
237 383 304 423 Docr.
319 381 545 433 1266661616166.
560 382 580 421 J.
596 381 618 420 II
633 381 678 439 [ed.
694 380 796 421 Florent.
811 382 875 440 1893(
888 381 938 431 347)

127 444 232 493 monent,
246 446 273 486 ut
283 446 383 486 mutuus
394 445 456 485 Inter
468 445 552 485 ambos
563 444 660 496 ordines
670 454 738 484 amor
748 443 858 484 foveatur
869 443 941 494 61666

128 508 157 548 ab
172 508 238 547 anmi
253 508 357 550 caritatis
371 508 474 550 laesione
490 519 562 559 quam
578 506 714 548 cautissime
730 506 884 548 abstineatur.

95 601 147 639 1651
157 599 269 649 Lugduni
279 600 359 649 operis
368 599 488 640 Francisci
500 600 604 640 Suarez
618 599 642 650 (1
655 598 718 649 1617)
730 599 906 649 176616116υοί.
918 574 943 647 2,·

127 662 191 712 6666
204 674 225 702 6.
237 665 292 703 1619
304 664 401 714 6166161
412 662 599 713 prohibitionem
613 662 636 703 S.
652 660 727 703 Officii
739 672 793 702 cum
806 661 853 701 rol.
869 665 880 702 1
893 661 942 702 e13

127 725 165 765 edi
179 736 227 765 non
238 725 335 776 poterat,
350 726 425 767 invita
439 725 553 777 societate
566 726 623 766 Iesu
636 725 717 772 editur
728 736 757 765 ex
770 724 941 775 manuscriptis

128 789 234 830 defuncti
247 791 394 831 Feidinandi
409 790 475 830 6616
490 789 594 838 Bisada,
611 789 653 840 qui
668 800 680 829 6
697 788 811 846 societate
827 788 943 829 dimissus

127 852 212 901 166166
225 853 307 894 666616
319 853 389 894 modo
402 865 422 893 a.
437 856 492 894 1655
504 853 615 904 Lugduni
628 852 709 903 616611
721 852 828 893 Suarezii
841 862 941 903 opuscu-

126 915 177 956 lum
192 916 227 955 De
244 927 300 956 6616
316 916 477 967 1616116666116
495 916 580 956 ausilii
595 915 709 966 efficacis.

94 1009 147 1047 1654
167 1006 353 1047 Innocentius
372 1008 392 1047 X
410 1006 515 1047 declarat
534 1006 608 1046 66116
627 1006 798 1057 manuscriptis
818 1006 940 1057 Congre-

126 1065 272 1119 gationum
302 1070 334 1110 de
363 1068 500 1117 nutritiis,
529 1081 590 1120 quae
619 1070 662 1109 sub
691 1069 787 1111 nomine
815 1070 938 1120 Pegnae,

126 1135 225 1174 Lamos
249 1134 291 1174 etc.
318 1133 525 1181 circumferantur,
553 1133 576 1173 et
601 1133 704 1173 assertae
731 1132 940 1174 Constitutioni

127 1197 197 1237 Pauli
209 1197 229 1237 V
243 1196 337 1237 nallcni
351 1197 426 1246 (idean
441 1207 490 1236 esse
505 1194 668 1237 adhibendam
685 1196 814 1247 (1111697).

89 1274 147 1329 ’1655
162 1288 291 1340 (Lugduni)
307 1287 402 1327 Gabriel
416 1288 448 1328 de
462 1288 557 1328 Henao
572 1287 596 1327 S.
611 1288 641 1335 1.,
657 1288 761 1327 Scientia
775 1287 941 1327 6166161666-

126 1351 173 1391 rice
191 1356 350 1401 propinquata
370 1352 424 1391 1674
444 1350 573 1402 (Lugduni)
600 1351 709 1391 eiusdem
731 1350 835 1391 Scientia
860 1351 941 1391 inedia

127 1415 256 1466 1166166166
271 1414 400 1464 defensata.
690 1432 693 1434 ,

93 1508 146 1546 1676
161 1505 260 1558 (Leodii)
275 1505 380 1545 Thomas
392 1505 424 1545 66
436 1505 534 1545 Lemos
548 1506 574 1546 O.
589 1506 617 1545 Ρ.
633 1506 657 1555 (1
672 1505 743 1556 1629),
758 1506 875 1556 Ρ6666116
888 1517 940 1557 616-

126 1569 179 1608 1166.
196 1593 228 1598 -
244 1568 333 1608 Versus
350 1568 425 1608 tinem
443 1567 531 1608 saeculi
549 1567 575 1608 in
591 1568 670 1609 Gallia
687 1563 860 1609 controversiae
878 1568 941 1609 inter
968 1618 970 1621 ι

126 1632 233 1673 Natalem
250 1631 444 1672 Alexandrum
465 1631 532 1681 (11661
549 1631 693 1683 Alexandra)
713 1632 739 1672 Ο.
758 1633 784 1672 Ρ.
802 1633 826 1673 61
844 1632 940 1673 Gabrie-

125 1697 174 1737 lem
188 1695 290 1736 Daniel
305 1696 329 1736 S.
345 1696 366 1735 t.

92 1786 402 1834 16941nnocentiusXIL
416 1786 444 1827 61
455 1786 559 1827 exactior
570 1787 657 1827 harum
669 1787 855 1837 profundiorum
868 1798 939 1838 6666-

127 1850 231 1891 stionum
246 1850 353 1891 tractatio
370 1850 395 1889 in
410 1861 524 1900 praesens
538 1851 567 1891 ab
584 1849 719 1900 Apostolica
736 1851 796 1891 Sede
812 1851 937 1899 habeatur,

126 1914 217 1955 iudicat
229 1914 419 1965 inopportunam
435 1914 478 1965 (Da
494 1914 631 1965 1697661).

92 2008 146 2046 1760
165 2006 280 2058 (Loranii)
298 2007 359 2056 Aug.
377 2007 411 2047 Le
427 2005 515 2046 Blanc
533 2005 567 2064 (ε
587 2007 633 2046 Iac.
651 2006 723 2058 Hyac.
743 2007 828 2059 Serry
845 2007 872 2048 O.
890 2007 937 2065 P),

125 2069 229 2110 Historia
246 2070 463 2121 Conareqationain
479 2071 508 2111 de
522 2070 633 2111 Aemiliis.

93 2162 147 2202 1765
177 2162 346 2213 (antwerpiae)
374 2162 464 2202 Theod.
494 2161 680 2203 EleutherIus
709 2163 742 2221 [=
774 2163 874 2204 Livinus
908 2165 940 2204 de

126 2226 222 2277 Meyer
238 2227 261 2267 S.
278 2226 318 2285 l),
335 2227 439 2267 Historia
457 2227 678 2267 Controversiaritin
694 2228 722 2268 de
738 2228 833 2268 divinae
850 2230 940 2280 6161166

127 2289 231 2330 auxiliis.

93 2382 146 2421 1706
161 2382 331 2434 (Antwerpiae)
347 2382 401 2423 Ant.
416 2382 595 2433 Reginaldus
608 2382 634 2422 0.
650 2384 686 2432 Ρ.,
700 2385 826 2424 [leniente
840 2385 864 2425 S.
881 2384 940 2425 Con-

127 2446 176 2487 61111
191 2447 326 2486 Tridentini
341 2447 401 2486 eirea
416 2447 557 2497 6161166116
572 2448 625 2498 ipsa
641 2447 770 2497 efficacem.

92 2537 205 2577 1707-09
237 2538 398 2588 (Antwerpiae
430 2539 454 2579 et
483 2538 611 2591 Bruxellis)
645 2538 753 2579 Liberius
784 2538 940 2581 Gratianus

127 2600 160 2658 (ε
181 2601 231 2642 Liv.
249 2602 408 2660 6611116661),
425 2603 460 2642 De
475 2609 555 2643 mente
571 2604 641 2644 Cone.
660 2604 793 2644 Tridentini
810 2605 871 2646 circa
887 2617 940 2656 616-

126 2666 185 2706 tiain
200 2667 298 2718 61166166
314 2668 580 2717 6166661611616661661.

93 2752 145 2791 1718
159 2752 289 2813 Clemens
300 2754 331 2793 XI
343 2753 522 2793 Thomistarum
533 2755 563 2795 ab
576 2755 715 2796 Iansenistis
727 2755 856 2797 discrimen
869 2768 940 2807 agno-

126 2816 170 2857 scit
185 2817 227 2868 (Di
242 2820 296 2858 1697
310 2817 378 2868 not).

93 2908 258 2949 1724611727
276 2909 449 2950 Benedictus
467 2910 520 2950 XIII
540 2910 566 2952 Ο.
584 2913 610 2951 Ρ.
630 2911 763 2954 doctrinam
788 2914 824 2954 sui
848 2914 941 2954 ordinis

126 2971 207 3013 tuetur
219 2974 243 3014 et
256 2974 340 3015 laudat
355 2975 442 3026 (ibid).
