2214 3350
213 160 290 197 Thesis
305 160 334 196 21.
348 159 431 202 'Gratia
445 156 523 194 efficax
538 159 559 193 et
575 157 659 195 donum
674 157 852 203 perseverantiae
918 156 960 211 429-

171 265 297 304 ΙηᾱίειιΙιιε’
311 277 358 314 cap.
375 266 387 304 7
406 268 444 313 (Dz
463 264 519 313 133):
543 264 625 309 «Quod
640 273 704 302 nemo
722 265 767 301 nisi
783 273 823 311 per
841 265 957 303 Christum

106 319 179 356 libero
194 320 249 356 bene
265 320 342 355 utatur
358 318 477 356 arbitrio.»
495 336 519 343 -
531 317 586 363 Cap.
605 317 636 355 8:
648 317 730 360 «Quod
748 318 823 354 omnia
839 316 915 354 studia
932 317 954 351 et

112 371 188 407 omnia
200 379 268 417 opera
280 380 305 407 ac
316 371 396 408 merita
409 370 541 408 Sanctorum
555 369 585 405 ad
597 369 637 405 Dei
650 369 745 413 gloriam
757 368 890 415 laudemque
901 369 957 405 reie-

111 424 182 459 renda
196 423 262 458 sint.»
279 423 449 469 «Praeparetur
463 421 568 457 voluntas
585 421 609 468 [i.
627 430 644 458 e.
662 419 738 456 volitio
751 420 867 467 salutaris]
886 432 900 458 a
915 421 956 457 Do·

106 475 175 511 mino.
186 488 196 508 υ
214 494 238 500 -
257 484 306 520 cap.
318 475 338 510 ll
355 477 392 522 (ΒΖ
411 473 467 521 lael:
490 485 500 506 u
509 474 584 509 Bonae
602 472 723 509 veluntatis
742 473 832 509 exordia
848 474 869 510 et
886 474 956 509 incre-

111 527 188 563 menta
200 526 351 574 probabilium
369 526 494 563 studiorum
512 525 533 560 et
550 525 576 560 in
592 525 624 560 eis
641 533 711 569 usque
728 525 753 560 in
771 524 840 560 finem
857 534 956 570 persece-

106 579 207 614 runtium
220 579 250 615 ad
261 579 343 615 rChristi
355 579 452 625 gratiam
465 578 548 613 referre
556 591 566 610 n
581 578 677 613 Romani
690 575 808 614 Pontifices
823 576 951 613 docuerunt.

107 632 179 667 Porro
193 630 365 676 «praesules...
378 631 493 676 postulunt
507 632 528 665 et
540 630 667 675 precantur,
681 630 706 664 ut
719 627 846 665 infidelibus
860 629 955 664 donetur
969 627 971 629 ’

108 682 171 724 fides,
186 682 212 718 ut
224 682 354 719 idololatrae
369 684 396 719 ab
411 681 534 729 impietatis
548 691 603 717 suae
616 681 738 717 liberentur
752 681 913 723 erroribus...
930 680 957 716 ut

110 734 229 770 haeretici.
239 762 257 771 ..
272 735 422 780 resipiscant»
435 734 473 770 etc.
490 747 500 768 α
510 733 572 777 Quod
585 734 640 770 adeo
655 734 725 769 totum
738 733 809 769 diuini
822 734 894 779 operis
908 741 955 768 esse

106 785 211 829 sentitur,
228 786 253 822 nt
268 787 322 823 haec
336 786 437 823 efficienti
452 787 498 823 Deo
515 787 641 831 gratiarum
658 793 744 831 semper
760 783 818 821 actio
834 786 953 830 laudisque

106 838 217 874 confessio
234 847 274 884 pro
292 838 454 882 illuminatione
473 838 553 874 talium
570 838 605 874 vel
623 838 757 874 correctione
774 837 891 873 referatur.
902 851 912 870 u
931 856 955 862 ›-

109 897 158 935 eap.
172 888 196 925 12
213 890 250 936 (Dz
268 890 322 934 141):
342 891 465 927 «Omnium
479 892 589 926 bonorum
605 891 726 937 affectuum
743 890 809 934 atque
825 899 918 934 operum
934 888 956 924 et

108 941 209 977 omnium
221 941 344 977 studiorum
354 937 497 986 omniumque
507 942 626 978 uirtutum,
636 969 640 977 .
650 970 654 977 .
667 944 737 978 Deum
748 941 893 988 profiteamur
905 950 955 977 auc-

110 992 235 1036 torem...,
255 1002 294 1038 per
313 1002 377 1038 quem
394 993 427 1038 fit,
444 994 470 1029 ut
489 993 574 1038 aliquid
592 994 645 1029 boni
664 995 684 1029 et
702 993 758 1030 velle
777 994 913 1040 incipiamus
933 993 954 1027 et

107 1044 222 1081 iacere...
243 1045 315 1081 Tanta
334 1046 392 1080 enim
412 1046 444 1081 est
465 1054 518 1090 erga
538 1054 614 1082 omnes
634 1046 734 1082 homines
753 1046 842 1083 bonitas
859 1046 906 1090 Dei,
927 1046 953 1081 ut

106 1098 186 1131 nostru
200 1096 254 1131 velit
269 1106 316 1132 esse
331 1097 417 1139 merito,
434 1106 491 1141 quae
507 1097 559 1132 sunt
574 1097 645 1142 ipsius
662 1097 726 1141 donn,
743 1099 764 1133 et
779 1106 819 1142 pro
834 1097 876 1140 his,
894 1107 952 1143 quae

108 1147 205 1192 largitus
220 1148 259 1190 est,
273 1148 364 1183 aeterna
376 1149 478 1194 praemia
493 1149 522 1184 sit
536 1148 665 1185 donaturus.
682 1150 733 1194 Apu
748 1150 829 1195 quippe
843 1150 868 1185 in
881 1150 952 1190 nobis,

63 1206 64 1211 ’
108 1201 140 1245 ut,
156 1200 280 1245 quodvult,
295 1210 305 1236 e
328 1201 420 1236 velimus
435 1202 456 1236 et
469 1209 570 1245 optimus,
585 1209 625 1236 uec
639 1202 709 1237 otiosa
721 1202 747 1236 in
759 1202 823 1237 nobis
837 1211 885 1237 esse
898 1201 953 1246 putt-

108 1253 152 1294 tur,
170 1261 226 1297 quae
241 1253 368 1294 exercenda,
384 1261 430 1287 non
442 1252 586 1297 neglegenda,
604 1252 701 1297 donavit,
718 1254 780 1288 utet
796 1262 836 1289 nos
852 1262 954 1299 coopera-

108 1303 169 1338 tores
183 1303 254 1339 simus
268 1303 353 1347 gratiae
368 1304 426 1339 Deio
443 1303 510 1350 (Deus
524 1303 594 1348 igitur
608 1303 656 1349 ipse
670 1304 741 1348 curat,
756 1312 783 1340 ne
798 1304 885 1349 gratiae
900 1314 954 1340 suae

106 1355 168 1390 dona
186 1355 211 1390 in
229 1355 292 1390 nobis
311 1356 417 1391 maneant
433 1355 572 1401 inefficacia),
593 1375 616 1381 -
637 1356 762 1391 Secundum
788 1355 954 1392 trausteanum

108 1406 149 1452 (ΒΖ
166 1406 200 1443 176
207 1408 237 1453 ss]
255 1407 329 1451 gratia
343 1408 408 1445 iacit:
426 1417 474 1443 can.
493 1407 515 1444 3:
533 1408 558 1443 ut
574 1408 695 1451 invocetur;
712 1417 759 1444 can.
778 1408 800 1445 4:
818 1409 844 1443 ut
860 1408 954 1453 purgari

109 1458 211 1501 velimus,¹
229 1468 276 1494 can.
295 1460 318 1496 5:
335 1459 360 1494 ut
378 1459 466 1495 credere
483 1460 504 1495 et
521 1459 631 1505 baptizari
648 1459 748 1502 velimus,
768 1461 898 1505 corrigendo
916 1468 955 1495 no-

107 1512 180 1547 stram
198 1510 342 1553 voluntatem
362 1520 409 1547 can.
430 1510 453 1548 e:
475 1512 500 1547 ut
519 1511 659 1547 oboedientes
678 1512 699 1548 et
718 1511 814 1548 humiles
834 1512 910 1548 simus.
932 1531 955 1538 —

108 1572 157 1598 ean.
175 1563 197 1601 9:
218 1563 311 1598 «Divini
326 1563 359 1598 est
373 1563 479 1606 muneris,
497 1573 548 1599 cum
564 1564 585 1600 et
599 1564 657 1600 recte
673 1563 808 1609 cogitamus.
818 1575 853 1607 .,.;
868 1564 954 1609 quoties

110 1617 169 1652 enim
184 1616 244 1652 bona
259 1617 353 1660 agimus,
370 1616 429 1651 Deus
445 1615 470 1651 in
486 1616 551 1650 nobis
567 1616 633 1660 atque
649 1615 770 1660 nobiscum,
788 1616 813 1652 ut
829 1624 953 1661 operemur,

105 1668 218 1713 operatur.
229 1680 239 1700 t
252 1686 276 1692 -
289 1676 336 1703 ean.
349 1667 384 1705 20:
403 1679 426 1703 e.
436 1695 441 1703 .
451 1694 455 1702 .
465 1667 529 1703 nulla
541 1676 592 1703 vero
607 1668 661 1704 iacit
674 1667 740 1703 horno
753 1668 818 1713 bona,
835 1677 891 1712 quae
906 1677 951 1703 non

108 1720 168 1756 Deus
180 1719 286 1765 praestat,
300 1719 325 1755 nt
336 1719 405 1755 faciat
417 1720 484 1755 bomo
493 1733 510 1754 o.
523 1738 547 1745 -
560 1719 666 1756 clausula
681 1722 719 1767 (Dz
732 1719 789 1765 adol:
807 1732 818 1752 e
826 1720 876 1766 Ipse
889 1721 954 1756 nobis

163 1772 184 1806 et
200 1769 266 1806 fidem
283 1771 303 1807 et
321 1780 418 1807 amorem
436 1771 472 1820 sui
487 1771 550 1817 prius
567 1771 689 1818 inspirat»
713 1772 822 1816 Latronis,
847 1771 952 1813 Cornelii,

104 1824 202 1860 Zachaei
215 1835 226 1856 u
234 1823 274 1859 illa
284 1824 331 1859 tam
342 1823 482 1859 admirabilis
492 1823 547 1859 fides
559 1832 605 1859 non
616 1824 659 1859 tuit
670 1825 696 1859 de
708 1823 797 1867 natura,
811 1825 850 1860 sed
862 1824 951 1861 divinae

109 1876 223 1922 largitatis
238 1877 345 1912 donum».
360 1893 384 1901 »-
398 1876 429 1911 Cf.
446 1884 494 1911 can.
511 1875 535 1911 12
549 1874 572 1912 17
583 1876 608 1911 20
622 1875 650 1912 25.
667 1895 691 1918 ,-
704 1876 894 1911 Tridentinum
908 1884 924 1911 s
942 1876 953 1911 e

108 1938 157 1974 cap,
173 1928 196 1966 16
208 1928 249 1972 (ΒΖ
262 1927 322 1974 eoas)
337 1927 416 1973 repetit
430 1928 498 1962 verba
511 1936 558 1972 cap.
575 1927 598 1964 12
611 1927 707 1963 indiculi
722 1928 747 1963 de
761 1927 844 1963 nostris
858 1928 951 1969 meritis,

105 1980 148 2016 Dei
164 1980 233 2015 donis.

177 2068 197 2105 2,
213 2065 317 2105 Ecclesia
330 2064 403 2115 petit
417 2076 432 2105 a
446 2065 502 2104 Deo
517 2039 627 2115 gratias
641 2065 790 2113 efficaces,
804 2077 866 2116 quae
882 2064 918 2105 ini
934 2065 952 2104 l-

105 2128 207 2169 libiliter
219 2128 308 2168 bonam
320 2127 468 2168 voluntatem
482 2127 593 2179 bonaque
606 2138 678 2178 opere
691 2127 799 2170 efficient.

166 2219 215 2255 Fer.
229 2220 299 2264 apost
310 2219 395 2255 Domiti.
408 2219 421 2255 2
433 2218 513 2263 Quodn
528 2219 598 2255 oratio
611 2229 677 2265 super
687 2219 806 2266 populum:
823 2233 833 2252 u
842 2222 907 2260 Deus,
916 2247 921 2255 .
931 2247 949 2258 ..

104 2271 178 2316 dirige
193 2271 223 2307 ad
238 2271 259 2307 te
274 2271 364 2306 tuorum
379 2273 447 2307 corda
463 2280 584 2313 servorum,
600 2272 626 2308 ut
641 2272 733 2317 spiritus
750 2271 783 2307 tui
799 2271 885 2308 fervore
902 2281 951 2308 eon-

104 2322 169 2369 cepto
187 2322 209 2359 et
225 2322 307 2358 infide
325 2323 471 2359 inveniantur
494 2322 585 2359 stabiles
609 2324 630 2360 et
653 2323 678 2359 in
702 2332 768 2369 opere
785 2322 888 2360 efficaces.
899 2338 909 2357 n
929 2344 952 2350 -

108 2375 169 2411 nom.
185 2375 257 2420 dpost
269 2375 356 2411 Poselru
370 2375 453 2411 oratio:
471 2388 481 2409 α
489 2376 555 2419 Deus,
564 2402 568 2411 .
578 2403 596 2411 ..
613 2375 696 2420 largire
709 2375 846 2422 supplicibus
860 2375 912 2420 tuis,
928 2377 953 2412 ut

105 2427 229 2473 cogitemus
244 2428 265 2463 te
280 2426 409 2472 inspirante,
426 2435 482 2472 quae
498 2427 559 2463 recta
574 2427 632 2472 sunt,
648 2429 669 2463 et
684 2429 705 2465 te
720 2428 858 2472 gubernante
874 2429 951 2464 eadem

104 2479 223 2515 iaciamus.
234 2492 244 2512 u
261 2497 285 2504 -
301 2478 382 2522 thtuo
400 2479 487 2514 Peutce
504 2479 575 2515 oratio
594 2480 642 2524 post
660 2480 758 2525 prophet.
780 2479 801 2515 1:
823 2481 949 2522 «Deus...

105 2530 202 2566 concede
214 2529 284 2573 nobis,
298 2530 319 2566 et
330 2530 420 2565 nostrae
432 2530 554 2567 voluntatis
566 2531 700 2576 pratitatem
712 2533 816 2576 frangere
830 2532 850 2567 et
863 2533 953 2567 tuorum

105 2582 276 2627 praeceptorum
288 2581 443 2617 rectitudinem
454 2583 479 2617 in
491 2583 594 2618 omnibus
607 2583 733 2628 adimplere.
744 2596 754 2616 o
767 2602 791 2608 -
802 2584 864 2620 Dom.
879 2587 891 2620 t
904 2586 953 2629 post

108 2635 195 2670 Pentec,
207 2634 301 2669 secreta:
317 2646 360 2669 e...
370 2633 399 2668 ad
410 2633 431 2668 te
443 2634 532 2669 nostras
544 2634 611 2670 etiam
622 2635 714 2671 rebelles
725 2634 831 2681 compelle
842 2635 953 2681 propitius

105 2685 233 2720 voluntates
239 2697 290 2720 ›u-
298 2686 358 2721 Dom.
372 2685 394 2720 49
404 2687 454 2729 post
463 2686 550 2722 Pentee.
562 2686 703 2732 postcomm:
718 2699 728 2719 α
734 2687 782 2723 Tua
793 2696 840 2729 nos,
852 2686 951 2728 Domine,

105 2736 246 2772 medicinalis
264 2736 373 2782 operatio,
384 2764 402 2771 .‚
421 2736 466 2771 tuis
485 2745 571 2782 semper
588 2738 657 2773 iaciat
674 2737 792 2774 inhaerere
810 2738 930 2774 mandatis.
940 2751 951 2770 o

176 2814 197 2851 3.
215 2794 318 2852 Historia
334 2810 595 2860 Congregationum
612 2813 644 2853 de
661 2812 789 2853 Auxiliis
806 2812 863 2854 satis
876 2798 962 2854 osten->

106 2873 164 2913 dere
180 2873 276 2914 videtur
290 2873 419 2915 Ecclesiam
436 2872 537 2925 exigere,
555 2876 583 2916 ut
598 2875 674 2927 gretie
689 2875 714 2915 in
732 2877 785 2917 actu
802 2876 881 2926 primo
897 2887 952 2918 uere

106 2935 189 2977 efficax
203 2936 342 2978 admittatur
357 2938 387 2989 (v,
403 2936 477 2977 verba
490 2938 561 2978 Pauli
576 2939 629 2979 Vn.
645 2939 704 2990 565).
