2214 3350
180 180 222 224 *lca
374 189 428 224 Seci.
445 189 480 224 IV.
496 190 527 224 De
540 188 624 224 natura
637 187 723 232 gratiae
739 186 834 222 actualis

184 297 212 336 in
227 307 313 347 genere
325 298 429 347 aratiam
444 298 552 348 conferre
568 297 639 336 etlam
653 295 715 335 vires
730 295 840 346 phpsicas
859 296 891 347 (n.
909 296 968 346 188).
981 295 1034 335 ‘Hoc

186 370 235 399 non
258 359 338 399 solum
358 359 438 400 valere
456 359 572 400 dadonis
595 358 760 399 habitualihus
775 369 804 398 ex
821 369 848 399 eo
867 357 950 407 elucet,
970 358 1035 409 quod

184 422 264 462 fontes
277 421 348 463 valde
362 423 449 474 urgent
464 421 597 463 absolutam
613 420 779 471 impotentiam
794 421 884 472 vigoris
896 420 996 462 naturae
1011 420 1035 461 et

166 482 321 526 absolutam
341 480 504 527 necessitatem
525 484 615 534 gratiae
634 485 665 524 ad
686 484 859 525 conferendum
880 483 1034 531 sufficientem

185 548 300 598 vigorem,
314 549 410 600 quando
423 548 502 599 agitur
513 548 542 588 de
555 547 623 587 initio
636 547 697 597 sidet
708 547 757 588 sive
770 548 798 588 de
811 547 898 598 primis
909 546 1035 599 conatibus

184 610 334 652 salutaribus
356 611 539 662 (Arausicaaam
563 621 615 651 can.
634 613 647 650 6
664 612 678 650 7
695 609 757 661 eta).
782 609 845 660 argo
868 610 940 651 ettam
957 610 1034 661 pratia

186 674 286 714 actualis
310 674 402 715 confert
425 673 489 722 vires
512 672 631 724 physicas.
652 672 829 732 consequenter
848 672 976 713 intulimus
995 683 1035 713 eos

186 731 282 788 quoque
299 737 366 777 actus
383 731 504 784 salutares,
523 736 565 787 qui
583 735 713 787 procedant
730 747 759 776 ex
775 735 826 776 sola
842 735 921 786 gratia
937 735 1032 783 actuali,

183 811 236 840 esse
247 799 369 840 entitative
382 797 575 850 supernaturales
588 800 621 851 (n.
634 800 694 850 302).
707 824 738 830 -ω
749 799 854 840 Proinde
865 799 957 840 constat
967 799 1034 839 auxi-

183 862 247 903 lium
257 863 348 913 gratiae
358 861 458 903 actualis
468 862 600 913 adaequate
609 867 742 912 sumptum,
754 862 770 901 i.
782 873 802 903 e.
815 860 1000 903 illustrationem
1012 862 1035 903 et

186 925 368 976 inspirationem
388 925 459 964 simul
478 935 533 965 cum
552 935 669 965 concursu
687 924 730 965 Dei
749 925 780 965 ad
798 924 879 965 actum
895 924 1031 972 salutarem,

185 988 282 1039 physice
296 988 388 1029 elevare
400 989 465 1028 hunc
479 988 566 1028 actum.
581 988 689 1028 Iamvero
701 988 832 1028 eorundem
841 988 952 1037 >tourtam
964 990 1034 1028 ratio-

182 1051 273 1091 nabilis
287 1051 412 1103 explicatio
425 1051 518 1102 exigere
530 1050 633 1099 videtur,
648 1062 678 1091 ne
692 1043 740 1091 soliv
749 1050 874 1091 concursui
886 1050 976 1099 divino,
993 1050 1033 1091 sed

186 1114 258 1153 ettam
274 1119 365 1153 creatae
381 1114 470 1164 pratlae
487 1115 599 1153 cacitaala'
614 1114 658 1154 hoc
674 1113 888 1154 munuselevandi
904 1113 1031 1155 tribuatur.

185 1177 248 1217 Nam
269 1176 374 1227 praecise
396 1175 541 1217 illuminatio
558 1176 581 1217 et
597 1176 721 1227 inspiratio
745 1176 850 1226 Spiritus
872 1176 961 1225 Sancti,
977 1176 993 1216 i.
1011 1188 1032 1217 e.

183 1241 318 1280 seeundum
334 1239 429 1280 eosdem
448 1238 526 1279 fontes
542 1245 608 1279 actua
625 1239 708 1279 uitales
726 1239 879 1290 intellegendi
896 1240 921 1281 et
937 1239 1033 1280 volendi

183 1315 200 1342 a
211 1303 260 1342 Deo
272 1301 410 1352 immediate
421 1296 533 1350 immissi,
546 1301 691 1343 exhibentur
701 1302 825 1353 tamquam
838 1303 945 1343 absolute
955 1314 1033 1342 ueces-

185 1367 262 1405 sara'ae
278 1365 301 1405 et
317 1365 462 1414 conferentes
484 1365 556 1405 illum
578 1364 692 1415 viperam,
709 1365 751 1416 qui
767 1365 866 1406 naturae
888 1365 959 1405 deest.
984 1365 1032 1406 Hoc

182 1428 274 1478 optime
286 1426 425 1476 explicatur,
440 1428 460 1468 si
472 1427 539 1467 actus
550 1426 634 1468 vitales
645 1427 735 1478 gratiae
745 1427 870 1468 excitantis
882 1428 962 1469 actum
976 1427 1033 1469 deli-

182 1490 295 1531 beratum
313 1490 410 1541 physice
428 1489 522 1530 elevant
540 1490 570 1530 ad
588 1489 697 1531 ordinem
716 1488 800 1530 salutis
817 1490 1031 1541 supernaturalem.

186 1554 214 1593 ln
234 1553 350 1593 sententia
368 1564 424 1593 uero
444 1552 639 1593 adversariorum
657 1552 812 1593 arbitrarie
833 1566 848 1594 a
867 1554 923 1594 Deo
945 1553 1033 1595 statu-

182 1616 243 1656 ·tum
260 1626 310 1656 esse
324 1615 420 1656 videtur
435 1627 459 1655 se
477 1626 525 1655 non
540 1625 709 1656 concessurum
725 1626 774 1656 esse
791 1626 935 1656 concursum
952 1627 1032 1667 super-

181 1678 319 1719 naturalem
332 1679 363 1719 ad
377 1678 456 1718 actum
469 1677 636 1730 deliberatum,
651 1679 698 1718 nisi
711 1679 751 1719 hic
764 1679 831 1720 actus
844 1679 967 1721 moraliter
979 1691 1032 1730 pro-

181 1742 282 1783 uocatus
298 1743 328 1783 sit
345 1754 387 1793 per
403 1741 569 1793 cogitationem
586 1742 610 1783 et
625 1742 776 1783 affectionem
793 1743 917 1793 praeviam
933 1744 964 1784 ab
980 1743 1033 1794 ipso

181 1807 555 1857 supernaturaliterimmissam.
572 1832 602 1837 -
621 1807 646 1861 p)
666 1807 769 1847 Suarez
787 1810 837 1857 ipse
853 1806 952 1848 omnino
969 1807 1034 1848 tenet

184 1872 286 1922 praciam
305 1863 446 1911 caetitatem
463 1872 489 1911 ta
507 1883 550 1912 sua
568 1872 665 1911 caritate
682 1882 731 1911 esce
747 1873 954 1922 supernaturalem
974 1872 999 1923 (l.
1019 1876 1031 1913 3

181 1947 205 1976 c.
223 1938 249 1976 10
266 1947 290 1975 n.
308 1936 384 1987 12ss);
402 1947 445 1986 pro
462 1934 507 1976 hac
525 1935 642 1976 sententia
659 1936 757 1977 adducit
773 1946 926 1977 communem
944 1935 1031 1977 theolo-

183 1994 269 2050 gorum
281 2010 430 2048 consensum,
445 1999 581 2040 testimonia
594 2001 618 2040 S.
632 2000 760 2050 Augustini
773 2001 796 2040 et
808 1999 950 2050 argumenta
962 1999 1032 2040 ratio-

182 2064 230 2103 nis.
244 2063 292 2104 Sed
303 2059 456 2114 nequaquam
467 2069 544 2114 potest
556 2063 681 2113 explicare,
695 2076 738 2103 cur
749 2066 797 2105 iam
811 2063 865 2104 ante
877 2063 958 2104 actum
971 2064 1032 2104 salu·
1101 2069 1103 2072 ’

181 2127 261 2167 tarem
277 2127 389 2177 praevius
404 2128 471 2168 actus
486 2126 608 2167 entitative
625 2127 813 2177 supernaturalis
830 2128 939 2182 absoluta
954 2140 1031 2182 neces.

185 2192 253 2230 allate
265 2190 381 2240 exigatur3
394 2202 450 2231 nam
462 2191 488 2246 in
499 2190 577 2246 ipsius
586 2190 702 2231 sententia
713 2191 768 2232 huic
780 2192 844 2232 actui
856 2191 953 2232 nullum
965 2191 1032 2232 aliud

185 2265 276 2294 inunus
286 2254 406 2302 tribuitur,
422 2265 494 2305 quam
508 2265 555 2304 quo
569 2254 640 2294 etiam
654 2260 718 2294 actus
732 2255 848 2294 naturalis
863 2254 931 2305 fungi
945 2256 1030 2306 posset,

184 2318 234 2357 scil.
250 2318 277 2358 111
290 2317 411 2358 moraliter
426 2318 535 2358 sollicitet
549 2317 696 2359 voluntatem
711 2311 742 2358 ad
757 2328 898 2358 causensum
914 2320 1029 2360 dandum.

178 2405 213 2411 --
237 2380 258 2431 ὁ)
276 2381 350 2421 Actus
367 2381 484 2429 salutaris,
503 2380 559 2421 licet
576 2381 625 2422 sine
643 2381 765 2421 habitibus
782 2381 876 2422 elicitus
892 2381 929 2430 511,
948 2382 1032 2432 proba-

185 2444 258 2485 bilius
272 2454 320 2484 non
334 2443 410 2485 solum
425 2443 526 2495 positive
540 2443 647 2493 disponit
659 2445 689 2485 ad
704 2444 906 2497 iustificationem,
923 2446 964 2485 sed
979 2456 1031 2486 eam

180 2508 257 2548 etiam
275 2508 307 2548 de
324 2519 448 2558 congruo
465 2508 591 2558 meretur
610 2509 642 2559 (n.
660 2509 700 2549 716
717 2508 751 2559 b).
770 2509 842 2559 Atqui
860 2519 909 2550 non
926 2510 1031 2560 praecise

185 2582 213 2611 eo
223 2582 351 2620 meremur,
363 2572 427 2623 quod
436 2572 515 2629 actum
526 2571 630 2612 liberum
642 2574 667 2613 in
678 2573 758 2614 nostra
769 2572 882 2614 facultate
893 2573 1029 2624 recipimus,

180 2635 227 2675 'sed
240 2635 319 2685 potius
332 2646 365 2683 eo,
381 2637 445 2686 quod
458 2647 515 2676 eum
527 2635 604 2676 libera
616 2635 812 2676 determinatione
826 2635 957 2677 voluntatis
969 2638 1032 2678 ellel

185 2709 247 2738 mus,
263 2698 323 2738 Hinc
337 2710 385 2738 non
398 2698 494 2739 videtur
507 2698 538 2739 ad
552 2699 665 2740 meritum
680 2699 860 2750 supernaturale
876 2699 988 2749 sufficere,
1005 2701 1032 2740 ut

180 2763 247 2802 liber
264 2762 330 2802 actus
349 2761 538 2813 supernaturalis
556 2763 665 2813 receptus
682 2775 696 2803 a
715 2762 827 2803 facultate
846 2764 947 2805 eandem
966 2776 1031 2805 mere

180 2826 305 2873 informet,
319 2827 359 2867 sed
370 2827 466 2867 videtur
476 2826 574 2877 requiri,
588 2828 615 2868 ut
625 2829 699 2867 actiae
711 2828 850 2878 proaaaerz‘t
862 2840 917 2868 eum
929 2828 1031 2869 facultas

183 2902 232 2941 qua
242 2891 390 2941 principium
401 2897 423 2930 et
434 2890 538 2931 liberum
550 2897 572 2930 et
583 2892 771 2941 supernaturale.
784 2891 857 2943 Atqui
871 2892 921 2932 stae
931 2893 1030 2943 phpsa'co

179 2954 282 3005 artfluau
302 2954 368 2995 actus
385 2954 536 2995 indeliberati
557 2965 604 2994 non
626 2955 763 3005 procederet
783 2956 849 2996 actus
870 2956 982 2997 salutaris
1002 2969 1031 2998 ex
