2214 3350
250 176 326 211 Thesis
342 176 370 212 18.
388 175 552 211 Illustrationes
569 175 590 210 et
605 173 765 221 inspirationes
899 171 934 208 371

85 278 143 323 nam
165 282 288 323 entitatem
305 284 349 323 fini
365 283 450 324 ultimo
474 280 650 333 supernaturali
674 280 867 331 proportionatus
889 280 932 328 est,

21 397 23 400 γ
85 345 158 386 talem
169 346 249 386 actum
260 346 444 388 intellectualem
456 345 517 386 recte
528 355 642 385 vocamus
654 343 817 385 immediatam
832 342 933 384 'llustra-

21 446 23 461 ἶ
85 409 182 449 tionem.
208 409 252 449 Hic
277 409 350 460 igitur
368 410 436 451 actus
454 408 568 449 obiectice
586 405 705 457 spectatus
727 416 791 446 nexu
816 406 934 447 naturalis

85 470 257 522 consecutionis
270 482 325 512 cum
339 472 435 513 externo
449 470 540 512 obiecto
555 469 671 518 cohaeret,
687 480 736 510 non
750 479 818 509 secus
828 481 856 510 ac
869 471 933 511 bona

85 533 194 585 cogitatio
209 534 332 584 naturalis,
349 546 422 586 quam
437 533 622 574 illustrationem
637 531 768 572 mediatam
782 543 865 573 vocare
880 542 932 583 pos

85 608 177 645 sumus,
195 597 235 637 sed
255 599 274 637 si
294 599 357 639 idem
376 598 444 638 actus
461 597 591 637 saeternae
611 602 633 636 et
653 596 786 647 efficienter
805 595 931 646 spectatur,

18 662 22 712 3
85 660 140 700 talis
156 671 232 700 nexus
250 661 321 709 deest,
340 662 397 712 quia
414 659 516 700 facultas
533 672 548 700 a
561 660 610 700 Deo
628 658 766 699 immediate
784 657 888 706 iuvatur,
906 658 933 698 ut

85 733 158 773 supra
172 722 236 763 vires
252 723 372 764 naturales
387 722 467 764 eliciat
482 723 570 771 actum,
589 722 650 763 sicut
665 721 757 772 oportet
774 723 804 762 ad
822 721 930 761 salutem.

83 811 114 816 -
125 785 162 825 Ad
174 785 368 827 immediatam
382 785 605 836 inspirationem
617 783 781 825 uoluntatis
793 783 930 835 requiritur,

16 879 21 894 ,
83 848 117 896 ut,
130 849 214 898 positis
226 849 338 889 omnibus
351 848 531 899 praerequisitis
543 849 614 900 atque
629 847 702 901 etiam
715 846 874 888 illustratione
889 847 932 887 iin-

83 911 195 960 mediata,
215 912 278 952 Deus
296 911 436 962 specialiter,
456 911 558 962 gratuito
578 912 601 952 et
619 911 725 952 indebito
744 911 823 959 modo,
844 911 931 951 iterum

15 988 21 1023 ja
83 974 232 1022 interveniat,
246 976 272 1015 in
284 975 337 1025 ipsa
347 973 468 1015 voluntate
481 974 573 1026 aliquid
587 973 748 1025 producendo,
762 975 827 1025 quod
840 985 889 1014 non
903 985 932 1014 ex

14 1047 21 1089 :j
83 1037 133 1077 solo
143 1036 275 1087 ontologico
288 1037 311 1078 et
319 1037 484 1087 psychologico
496 1048 559 1077 nexu
571 1037 634 1077 inter
645 1036 785 1078 exercitium
796 1035 931 1077 intellectus

13 1125 20 1142 i
83 1099 106 1140 et
116 1099 246 1140 voluntatis
258 1099 396 1149 explicatur.
413 1101 484 1140 Secus
497 1100 622 1149 inspiratio
636 1100 681 1141 erit
693 1099 798 1141 mediata
811 1099 905 1141 tantum
913 1100 929 1138 1.

15 1216 17 1240 ᾖ
151 1185 171 1235 c)
188 1184 361 1234 Quaestionem,
376 1184 459 1225 utrum
473 1185 499 1224 in
512 1185 551 1225 his
564 1184 657 1225 actibus
669 1184 784 1225 vitalibus
797 1184 931 1225 intellectus

14 1249 18 1301 g
81 1248 106 1287 et
117 1247 247 1288 uoluntatis
261 1253 308 1287 tote
323 1248 423 1287 essentia
434 1247 524 1297 gratiae
538 1247 639 1288 actualis
652 1247 771 1296 consistat,
787 1248 818 1288 ad
833 1259 930 1298 sequen-

82 1310 131 1350 tem
147 1310 235 1350 thesim
251 1310 395 1358 diiierimus,
412 1309 508 1350 interim
526 1310 551 1350 id
568 1310 670 1359 tantum,
688 1311 753 1360 quod
771 1310 800 1351 ab
818 1310 931 1350 omnibus

82 1372 200 1423 theologis
211 1373 355 1421 conceditur,
370 1371 512 1414 asserentes:
531 1374 580 1414 lsta
593 1373 683 1413 auxilia
696 1372 865 1424 important,
882 1374 930 1413 sire

16 1422 20 1462 ,³
81 1436 107 1475 in
124 1436 163 1475 his
178 1435 235 1475 solis
251 1435 390 1484 consistunt,
409 1435 457 1476 sive
474 1436 541 1476 aliud
559 1436 617 1486 quid
635 1435 774 1476 addendum
790 1436 831 1485 est,
849 1435 931 1476 actus

80 1498 187 1538 vitales
206 1497 378 1548 cognoscitivos
395 1498 418 1538 et
438 1497 554 1538 volitivos-
570 1498 666 1545 animae
687 1497 824 1548 superioris,
846 1510 861 1539 a
881 1498 929 1539 Deo

13 1581 15 1583 ·
81 1561 143 1602 dicto
159 1561 232 1601 modo
245 1561 383 1601 immediate
398 1560 513 1610 causatos;
528 1561 584 1601 aliis
598 1561 690 1602 verbis:
715 1563 741 1602 lii
764 1562 831 1602 actus
845 1561 930 1603 vitales

79 1623 200 1675 pertinent
217 1624 248 1664 ad
265 1623 355 1664 auxilia
371 1624 479 1664 internae
496 1623 586 1675 gratiae
603 1624 709 1665 actualis.
722 1624 832 1669 ,Possunt
848 1625 929 1667 autem

80 1687 125 1726 hoc
141 1698 241 1727 munere
257 1686 326 1737 iungi
343 1686 392 1727 tam
409 1686 476 1727 actus
493 1686 692 1735 indeliberati,
712 1689 754 1738 qui
772 1688 823 1729 sine
841 1687 929 1729 delibe-

80 1749 171 1790 ratione
185 1749 235 1803 sire
248 1749 345 1789 consilio
359 1748 459 1789 rationis
472 1749 495 1790 et
507 1749 678 1799 consequenter
691 1750 741 1790 sine
756 1749 832 1791 libera
844 1750 928 1791 volun-

80 1812 136 1853 tatis
149 1812 262 1853 electione
278 1811 350 1866 ¹fiunt,
375 1812 399 1852 et
421 1811 586 1860 deliberati,
612 1814 654 1864 qui
671 1824 699 1854 eii
717 1812 887 1855 deliberatione
906 1814 929 1855 et

79 1875 156 1915 libera
165 1875 283 1927 electione
298 1874 452 1925 procedunt?

79 2000 134 2040 494.
171 2003 191 2040 3.
206 1999 352 2041 Sententiae.
368 2000 390 2050 a)
406 1999 555 2050 Pelagiani
568 2000 676 2051 primum
690 2001 765 2042 solam
779 2001 929 2043 attaminet

79 2062 310 2116 beneficiaerterna
327 2063 450 2112 tamquam
473 2062 562 2113 gratias
585 2064 725 2104 efferebant.
750 2064 835 2105 Postea
855 2064 928 2105 etiam

79 2125 231 2166 immediatas
251 2125 420 2166 illustrationes
445 2126 579 2166 intellectus
606 2125 690 2167 saltem
716 2126 840 2178 tamquam
858 2128 928 2169 utilia

79 2188 219 2229 adiumenta
230 2187 360 2229 voluntatis
373 2187 497 2229 admisisse
510 2189 631 2238 videntur,
647 2191 688 2230 sed
701 2191 870 2232 immediatum
883 2192 928 2231 Dei

78 2250 105 2289 in
122 2250 226 2291 liberunt
244 2251 371 2291 arbitrium
388 2251 511 2301 infinitum
527 2263 622 2302 semper
640 2252 726 2294 acriter
743 2253 925 2305 impugnabant.

79 2313 190 2365 Pelagius
204 2314 312 2364 Diospcli
328 2312 399 2353 dixit:
422 2314 492 2354 «Non
507 2325 557 2355 esse
573 2315 677 2356 liberum
693 2316 828 2365 arbitrium,
847 2318 867 2358 si
883 2317 926 2359 Dei

79 2376 185 2426 indigeat
197 2376 311 2428 auxilio»
334 2376 412 2426 (Aac,
433 2377 557 2427 Depestis
576 2378 626 2418 Pei.
646 2381 680 2427 28,
701 2381 736 2428 423
757 2379 805 2420 alia
821 2379 884 2422 dicta
902 2393 925 2421 v.

78 2450 102 2478 n.
121 2439 165 2489 35).
183 2462 214 2467 ——
232 2438 457 2488 Semipelagiani
475 2451 570 2490 quoque
587 2451 683 2482 omnem
700 2441 813 2483 ridentur
828 2454 927 2494 negasse

78 2502 179 2551 gratiam
190 2501 327 2550 voluntatis,
340 2512 401 2551 quae
412 2500 517 2552 primam
529 2502 631 2544 liberam
640 2503 778 2546 volitionern
790 2506 847 2546 boni
859 2519 927 2558 prce-

138 2629 146 2650 1
163 2628 206 2664 Illa
222 2629 349 2671 consolatio,
367 2637 434 2673 quam
450 2631 574 2667 secundum
596 2632 704 2668 Librum
726 2633 926 2669 Exercitiorum

79 2674 271 2718 spiritualium
285 2675 306 2711 S.
324 2674 407 2726 Ignatii
424 2674 463 2720 (De
479 2676 566 2713 discret.
585 2677 710 2723 spirituum,
726 2677 790 2715 hebd.
808 2679 826 2723 2,
842 2689 888 2725 reg.
905 2680 925 2725 2)

78 2719 138 2770 solus
159 2721 218 2773 lJeus
240 2720 281 2773 dat
301 2729 367 2755 «sine
384 2729 453 2772 censu
467 2723 640 2775 praecedente»,
656 2732 702 2758 non
717 2725 750 2759 est
765 2733 793 2761 ea
805 2725 926 2777 inspiratio

77 2766 208 2801 immediata
223 2767 310 2819 gratiae
327 2765 421 2818 actualis
439 2768 574 2820 ordinariae,
593 2769 619 2804 de
636 2778 680 2814 qua
695 2778 755 2805 nunc
773 2779 868 2815 agimus,
887 2774 926 2808 sed

78 2811 110 2845 est
124 2812 314 2847 extraordinarius
330 2812 421 2856 quidam
435 2814 549 2856 gratuitus
563 2815 588 2850 in
602 2815 741 2851 voluntatem
755 2817 859 2854 influxus.

138 2870 148 2890 2
161 2870 192 2905 De
207 2870 277 2906 variis
298 2871 384 2905 actibus
403 2870 526 2907 voluntatis
545 2883 565 2908 v,
589 2874 672 2916 Tuom„
695 2875 715 2910 S.
734 2876 763 2911 tn.
781 2875 799 2919 1,
813 2876 825 2912 2
840 2886 859 2922 q.
876 2877 924 2919 85s;

78 2912 255 3005 ῗέἓὴῆεξεᾯέεὲ,
273 2926 294 2951 n.
312 2915 335 2951 68
343 2925 373 2958 ss;
387 2915 476 2959 Frater,
495 2918 597 2963 Psychol.
617 2920 755 2965 speculativa
771 2923 793 2957 II
813 2922 925 2967 (Friburgi
