2214 3350
380 132 514 178 Conspectus
530 131 650 166 historicus
722 103 723 107 Ἰ
866 107 870 116 ’
918 128 940 164 11

88 245 174 287 ,Kithas
193 244 245 284 S.J.
265 254 277 283 e
295 239 543 290 Wirceliurgensihus.
562 265 595 269 -
613 237 712 279 Saeculo
729 239 780 278 XIX
799 239 898 278 Hermes
916 238 940 279 et

89 307 200 349 Gitather
211 305 236 345 in
247 304 336 345 multos
346 314 439 345 errores
450 300 693 343 semirationalisticos
705 300 849 349 ceciderunt,
863 311 939 350 neque

70 357 72 360 ⁸
92 369 166 410 Kultu
178 369 239 410 iuter
252 367 364 409 naturam
376 366 400 407 et
412 364 606 416 supernaturalia
618 363 675 405 satis
688 363 805 405 distinxit.
821 363 937 409 Clemens,

93 433 210 482 Kteutpea
228 432 291 478 Μ,
311 429 430 471 Schrader
449 428 511 476 S.J,‚
531 427 661 475 Schcehea,
687 439 734 467 acu
758 426 871 467 Schazler
896 426 939 466 hos

88 504 182 535 errores
200 491 372 540 refutaverunt
390 492 486 532 eosdem
503 489 695 541 proscripserunt
713 488 869 540 Gregorius
886 488 938 529 XVI

55 601 56 606 ,
90 557 115 599 et
135 556 212 598 Pius
228 557 259 596 IX
278 557 320 607 (Da
337 557 390 596 1618
398 565 422 596 ss
439 553 642 603 1642ss166ttss).
662 555 689 593 In
706 551 807 593 concilio
823 551 938 594 Vaticano

89 631 103 661 e
120 630 208 670 magno
224 618 343 659 schemate
361 616 501 667 dogmatica,
520 628 568 666 quc
585 614 758 657 totadcotrina
776 613 892 655 catholica
910 615 938 655 de

87 682 174 724 ordine
185 680 362 732 supernaturali
374 679 546 727 continebatur,
560 690 637 730 pauca
648 678 743 719 tantum
754 679 783 719 de
796 677 939 718 revelatione

89 746 115 786 et
130 745 179 785 tine
196 743 372 795 supernaturali
388 743 459 793 attiae
477 743 505 784 de
522 741 599 794 gratia
615 742 674 782 iidei
692 741 794 782 delinita
817 742 873 782 sunt
896 741 938 793 (Dz

92 809 146 849 1785
156 819 168 848 s
179 810 289 848 1789—91
301 809 354 848 1808
366 808 427 847 1811.
439 806 497 846 Acta
508 804 628 846 habent-ur
638 805 675 846 GL
685 806 699 845 7
710 805 733 844 et
744 804 823 845 Mansi
834 804 937 854 att-aa).

93 928 129 969 18.
166 927 261 968 Ultimis
282 926 403 967 decenniis
424 924 542 975 theologia
564 924 689 975 positiva
710 923 794 964 multis
815 934 938 975 monogra-

91 991 156 1042 phiis
171 991 200 1031 de
216 989 324 1031 doctrina
340 990 364 1030 S.
382 988 526 1039 scripturae,
544 986 694 1045 singulorum
711 988 811 1029 Pattum
829 988 852 1029 et
868 988 938 1028 Scho-
1009 1020 1010 1028 ,

89 1054 229 1095 lecticorum
248 1053 319 1093 valde
339 1052 433 1093 exculta
451 1051 494 1092 est.
516 1051 556 1092 Lis
577 1051 606 1091 de
625 1051 785 1092 efficacia
812 1049 938 1102 gratiae

8 1162 10 1168 y
89 1115 177 1171 revixit
189 1116 212 1156 et
224 1116 254 1156 de
268 1114 419 1156 doctrina
433 1115 456 1156 S.
473 1115 610 1155 'thomae
622 1112 776 1155 vehementer
789 1113 937 1165 disputatum

88 1178 126 1218 est
147 1177 330 1229 (Schucctuauu,
351 1177 545 1225 Dummcrmutlt,
567 1177 644 1225 Fatus,
666 1177 711 1216 Det
730 1177 816 1225 Prode,
838 1176 936 1227 Stufter,

91 1240 253 1293 licitusda),
275 1266 306 1271 -
324 1240 439 1282 Hodierni
464 1240 691 1281 protestantes
716 1251 805 1290 magna
822 1251 853 1281 ex
871 1241 938 1290 parte

88 1314 186 1344 omnem
199 1304 301 1355 gratiam
315 1315 369 1345 vere
382 1302 590 1355 supernaturalem
604 1302 773 1345 rationalistiea
786 1304 882 1354 negant
896 1303 939 1344 alii

88 1367 178 1407 omissa
189 1366 298 1408 doctrina
311 1366 540 1407 «Reformatorem»
554 1365 672 1417 paulatim
684 1366 718 1409 ad,
727 1366 849 1407 doctrinas
860 1366 939 1407 catho-

91 1429 148 1469 licas
164 1428 240 1480 magis
256 1425 367 1471 minusve
382 1429 512 1470 redierunt.

137 1519 254 1556 Tractatus
268 1519 297 1557 de
309 1519 382 1565 gratia
394 1521 460 1556 multi
477 1521 563 1557 ultimis
581 1521 694 1557 decenniis
711 1521 764 1557 editi
781 1522 842 1565 sunt,
859 1523 897 1567 qui
914 1522 939 1557 in
1007 1531 1009 1534 ’

89 1572 186 1608 decursu
201 1572 272 1608 nostri
288 1572 397 1608 tractatus
414 1573 500 1618 passim
515 1572 642 1609 occurrunt.
662 1573 706 1608 Eos
723 1572 799 1616 libros,
818 1581 872 1617 quos
891 1574 937 1609 fere

89 1632 129 1668 pro
148 1631 283 1667 unaquaque
303 1623 361 1659 thesi
380 1623 483 1673 consului
500 1624 570 1668 ,atque
591 1623 656 1659 initio
676 1623 819 1669 singularum
840 1624 936 1660 thesium

89 1674 193 1717 indicavi,
217 1674 284 1710 simul
307 1674 406 1710 invenies
430 1675 454 1709 in
477 1675 552 1711 Indice
577 1675 774 1711 abbreviationem.
800 1675 937 1721 Ampliorem

90 1724 277 1769 atattaarapatam
291 1726 350 1761 inter
365 1726 422 1762 alios
437 1725 492 1761 dant
506 1725 592 1761 Baraza
608 1726 629 1762 et
645 1726 694 1761 Van
710 1726 749 1761 tter
764 1727 870 1764 lieetnclt,

91 1834 127 1874 19.
164 1832 252 1875 Divisio
271 1835 398 1875 tractatus.
412 1834 544 1884 Incipimus
564 1846 579 1874 a
600 1834 738 1875 necessitate
759 1834 857 1886 gratiae,
880 1834 937 1886 quia

87 1896 118 1937 de
130 1897 175 1937 hac
187 1897 279 1938 exstant
292 1898 383 1947 primae
396 1897 550 1938 definitiones
562 1898 680 1938 Ecclesiae
695 1897 782 1947 (sectio
794 1897 827 1948 l).
842 1898 938 1939 ludoles

90 1959 178 2009 gratiae
193 1959 270 2010 magis
283 1959 409 2002 innotescit
423 1961 531 2011 parcius
544 1960 699 2012 aratu-itatem
713 1961 737 2003 et
750 1961 937 2013 siipcraatarati

89 2027 163 2062 tatem
179 2020 209 2071 (s.
226 2021 269 2072 ΙΙ).
286 2023 337 2063 Iam
352 2023 382 2065 de
396 2023 499 2074 singulis
513 2023 637 2075 speciebus
653 2023 744 2075 gratiae
757 2026 878 2076 agendum
893 2025 936 2073 est;

88 2096 117 2125 ea
133 2095 197 2133 vera,
216 2097 278 2136 quae
296 2086 325 2127 de
343 2084 421 2136 gra-tia
445 2086 563 2127 habituali
588 2086 690 2128 dicenda
715 2087 777 2135 sunt,
804 2087 938 2138 opportune

87 2148 219 2195 occurrent,
232 2148 274 2188 uhi
285 2160 341 2189 cum
352 2149 493 2189 Tridentino
504 2150 532 2191 de
542 2149 714 2199 iustificatione
725 2161 824 2200 agemus
836 2149 866 2199 (s.
881 2149 935 2198 ΙΙΙ).

89 2211 150 2250 Dein
161 2209 187 2250 in
200 2211 276 2262 specie
289 2212 409 2262 agendum
422 2212 467 2253 erit
479 2212 508 2254 de
520 2213 608 2254 natura
620 2213 710 2263 gratiae
723 2214 823 2254 actualis
837 2212 868 2263 (S.
884 2212 935 2262 lV).

87 2270 150 2312 Haec
165 2273 327 2315 subdividitur
340 2274 365 2314 in
379 2274 481 2326 gratiam
496 2275 659 2327 sufficicatem
672 2276 695 2317 et
709 2275 833 2326 efficacem
849 2274 880 2324 (s.
895 2276 935 2325 V).

88 2333 157 2374 Nunc
172 2336 329 2378 fundamenta
345 2337 422 2388 posita
439 2338 494 2380 sunt
510 2339 541 2379 ad
558 2339 710 2380 tractandum
728 2339 756 2380 de
774 2338 856 2380 divina
873 2350 937 2380 oeco-

89 2398 170 2438 nomia
188 2398 212 2438 in
231 2399 399 2440 distributione
423 2401 520 2451 gratiae,
548 2402 669 2453 imprimis
694 2403 724 2443 de
747 2404 869 2444 uoluntate
893 2404 937 2443 Dei

87 2459 196 2510 saluifica
211 2460 241 2511 (s.
258 2462 308 2512 Vl).
325 2463 416 2504 Ultimo
429 2464 479 2505 loco
492 2465 577 2514 agetur
591 2465 619 2506 de
634 2465 714 2506 tractu
728 2465 825 2515 gratiae,
841 2466 857 2505 i.
871 2477 891 2506 e,
908 2468 939 2507 de

77 2522 172 2562 ‚cicuitu
189 2521 220 2572 (s.
236 2524 299 2573 vn).
773 2548 776 2551 >
