2214 3350
175 183 210 220 196
309 184 363 220 Sect.
378 185 407 221 ΙΙ.
422 184 467 220 Art.
483 185 510 221 ΙΙ.
526 186 557 221 De
571 184 783 229 supet-naturalitate
797 184 883 229 gratiae

174 303 198 342 se
215 292 292 343 ipsam
309 293 421 334 elevetur.
439 292 548 333 Primum
566 292 657 333 donum
673 291 747 343 gratis
763 292 872 332 infusum
889 292 959 333 debet
976 290 1019 342 igi-

174 354 214 395 tur
224 354 302 405 ipsam
314 356 441 397 essentiam
453 356 546 396 animae
559 357 585 395 in
597 354 720 405 quoddam
733 355 843 398 diuinum
855 349 905 395 erse
918 355 1017 402 eleuare,

174 418 200 458 ut
217 418 302 459 idonea
320 419 350 460 sit
366 419 397 459 ad
415 418 507 458 diuinas
525 418 680 468 operationes.
700 417 777 466 Quare
795 415 952 468 Dionysius
969 416 1014 457 ait:

176 482 244 529 «Ille,
261 481 302 532 qui
317 493 364 522 nori
379 481 414 522 est
428 480 528 531 adeptus
543 480 652 521 divinum
668 492 717 521 esse
733 491 775 531 per
790 478 939 532 spiritualem
955 491 1018 532 rege

174 544 328 592 iterationem,
350 555 398 584 non
417 542 494 593 potest
513 543 657 593 participare
677 543 771 584 divinas
790 543 966 592 operationes.»
987 569 1019 574 -

174 606 210 648 De
226 618 273 648 ver.
292 618 314 657 q.
332 610 381 647 61.
399 609 425 646 2;
446 606 471 646 Si
488 606 551 647 Deus
567 606 642 647 libere
658 607 710 647 vult
727 607 819 657 aliquid
836 607 920 655 facere,
939 617 1018 647 conse-

174 669 274 721 quenter
289 681 332 720 per
347 669 446 710 modum
463 669 538 709 debiti
553 670 623 711 debet
637 669 715 710 iacere
730 681 765 718 ea,
784 668 834 710 sine
851 670 939 720 quibus
956 670 1018 710 illud

173 743 284 773 essenon
298 730 379 782 possit,
395 744 417 773 v.
433 744 455 783 g.
471 730 564 772 homini
579 732 649 773 debet
662 732 718 773 dare
733 731 857 773 rationem.
875 732 921 773 Sed
936 737 1018 773 secun-

173 795 231 835 dum
246 804 338 834 meram
353 793 521 834 liberalitatem
536 795 623 836 addere
638 795 722 845 potest,
740 795 790 835 sine
805 806 852 846 quo
868 806 918 835 esse
934 795 1016 846 possit,

174 858 213 898 Sic
225 858 255 898 ad
269 856 380 898 naturam
394 868 418 898 se
431 857 522 898 liabent
533 857 610 908 gratia
623 858 647 899 et
659 857 742 908 gloria.
757 884 789 888 -
801 870 823 909 q.
839 860 851 898 8
866 870 886 899 a..
902 860 915 898 4
929 859 960 899 ad
974 861 1013 899 13:

175 939 184 957 a
192 921 291 971 Aliquid
304 920 340 961 est
354 921 380 960 in
394 920 500 971 potentia
514 921 545 960 ad
561 920 663 962 alterum
679 920 817 971 dupliciter:
836 922 890 961 Uno
904 921 976 962 modo
991 921 1017 961 in

172 982 276 1034 potentia
292 983 404 1032 naturali,
421 983 446 1024 et
461 983 494 1024 sie
511 982 645 1024 intellectus
661 983 754 1024 creatus
769 984 805 1025 est
821 984 847 1023 in
864 983 969 1035 potentia
986 984 1017 1025 ad

171 1047 253 1087 omnia
266 1046 310 1087 iila
324 1047 493 1097 cognoscenda,
510 1058 570 1097 quae
585 1058 628 1087 suo
641 1046 734 1087 iumine
748 1046 852 1087 naturali
867 1046 1017 1087 manifestari

171 1109 277 1159 possunt,
290 1110 313 1150 et
324 1109 385 1149 nihil
396 1110 483 1149 horum
494 1108 594 1159 angelus
604 1109 688 1150 beatus
700 1108 800 1159 ignorat
812 1122 842 1151 ex
852 1110 940 1150 horum
951 1109 1016 1149 enim

172 1171 306 1223 ignorantia
322 1172 455 1213 remaneret
469 1172 603 1213 intellectus
619 1172 697 1222 angeli
714 1172 875 1224 imperfectus.
894 1173 1015 1221 Quaedam

171 1246 227 1275 vero
237 1234 343 1285 potentia
353 1235 389 1276 est
400 1234 562 1275 oboedientiae
575 1235 675 1284 tanturn,
690 1234 750 1276 sicut
762 1235 850 1285 dicitur
861 1235 954 1286 aliquid
966 1246 1016 1276 esse

172 1300 197 1339 in
212 1298 318 1349 potentia
331 1299 361 1338 ad
376 1299 426 1346 illa,
443 1309 503 1349 quae
519 1309 592 1349 supra
607 1298 719 1338 naturam
734 1299 797 1338 Deus
811 1298 836 1338 iri
851 1310 878 1339 eo
894 1298 977 1348 pctest;
993 1299 1017 1338 et

172 1363 191 1402 si
205 1361 259 1403 tatis
272 1361 377 1412 potentia
391 1372 440 1402 non
453 1360 576 1401 reducitur
589 1361 614 1401 in
629 1360 716 1409 actum,
732 1372 779 1401 non
794 1361 839 1402 erit
853 1361 958 1412 potentia
972 1361 1016 1401 irn-

171 1425 283 1475 parrana
300 1425 324 1466 et
340 1424 394 1465 ideo
410 1424 544 1465 intellectus
561 1424 639 1475 angeli
655 1423 718 1465 beati
736 1435 784 1465 non
801 1424 837 1465 est
853 1423 1014 1475 imperfectus,

171 1487 191 1528 si
210 1498 259 1527 non
278 1487 403 1538 cognoscat
421 1485 510 1535 omnia,
532 1497 592 1536 quae
612 1487 676 1527 Deus
695 1485 771 1538 potest
790 1487 812 1528 ei
832 1487 965 1528 revelare.»
985 1513 1016 1518 .-

171 1562 193 1601 q.
213 1553 278 1591 141.
298 1552 323 1590 2:
346 1550 387 1591 Est
405 1549 494 1600 duplex
512 1549 617 1589 hominis
634 1551 725 1590 bonum
744 1549 865 1598 ultimum,
884 1561 962 1590 unum
981 1550 1016 1590 est

170 1614 375 1665 proportionatum
397 1614 508 1654 naturae:
534 1612 642 1662 felicitas,
666 1613 695 1654 de
717 1623 765 1663 qua
784 1612 921 1663 philosophi
942 1613 1015 1654 locuti

170 1677 234 1725 sunt
250 1676 317 1717 aliud
333 1675 511 1728 proportionem
533 1675 632 1716 naturae
654 1675 777 1724 excedens,
802 1675 859 1726 quia
880 1675 911 1715 ad
935 1674 1015 1726 ipsum

170 1741 334 1789 obtinendum,
356 1739 516 1791 coartandum,
539 1739 725 1779 desiderandum
744 1740 806 1780 vires
826 1739 947 1780 naturales
967 1750 1015 1781 non

170 1804 296 1853 sufficiunt,
314 1805 354 1846 sed
369 1817 398 1846 ex
413 1805 463 1845 sola
478 1804 561 1844 divina
574 1804 717 1845 liberalitate
731 1803 905 1855 repromittitur
922 1805 942 1855 (1
960 1804 1013 1845 Gor.

169 1872 190 1918 2,
208 1870 239 1919 9).
256 1895 288 1899 -
303 1881 326 1920 q.
344 1870 371 1909 14
387 1880 408 1909 a.
427 1872 453 1909 10
469 1869 500 1909 ad
516 1870 541 1908 2:
564 1867 673 1908 «Natura
688 1868 795 1908 humana
810 1867 846 1908 est
857 1867 972 1908 ‘ordinata
988 1868 1014 1907 in

170 1933 245 1973 finem
257 1932 420 1979 beatitudinis,
434 1943 482 1972 non
496 1932 565 1983 quasi
578 1932 603 1970 in
616 1931 692 1971 tinem
706 1931 812 1972 debitum
826 1931 918 1971 bomini
933 1942 1014 1972 seeun-

170 1997 228 2037 dum
242 1996 352 2037 naturam
365 1996 424 2043 eius,
440 1996 480 2036 sed
493 2007 522 2036 ex
536 1996 585 2036 scia
598 1995 681 2036 divina
693 1994 841 2036 liberalitate.
856 1994 886 2035 at
899 1993 953 2036 ideo
965 2006 1014 2037 non
1047 2019 1048 2022 =

170 2060 268 2111 oportet,
283 2060 346 2110 quod
359 2059 477 2109 principia
491 2059 557 2106 iliius
570 2057 668 2099 naturae
682 2057 798 2099 sufficiant
810 2059 841 2099 ad
855 2059 930 2100 finem
944 2059 1014 2100 iilum

170 2124 370 2175 consequendum,
384 2122 430 2163 nisi
443 2122 532 2163 tuerint
544 2122 626 2164 adiuta
637 2122 706 2163 donis
719 2122 878 2174 superadditis
890 2135 919 2164 ex
932 2123 1015 2163 divina

169 2187 318 2228 liberalitate.
328 2204 338 2223 >v
350 2212 382 2218 -κ
395 2198 417 2237 q.
431 2190 458 2227 22
471 2198 491 2227 a.
505 2188 530 2226 7:
550 2187 664 2227 «Homini
677 2186 768 2227 inditus
780 2187 816 2227 est
828 2188 946 2238 appetitus
959 2188 1014 2227 ulti-

169 2253 203 2292 nn'
216 2252 273 2303 sinis
287 2252 326 2292 rui
338 2251 364 2290 in
378 2252 506 2300 conununi,
520 2251 548 2290 ut
561 2250 649 2292 scilicet
662 2250 758 2302 appetat-
771 2250 911 2291 naturaiiter
925 2263 949 2292 se
964 2263 1013 2292 esse

102 2357 105 2361 ,
168 2316 313 2365 completum
326 2316 351 2355 in
363 2314 475 2356 bonitate.
491 2315 537 2356 Sed
551 2316 575 2355 in
589 2326 635 2365 quo
649 2316 694 2356 ista
707 2315 832 2365 completio
846 2315 965 2364 consistat,
976 2347 980 2355 .
992 2347 1012 2355 ..

164 2392 217 2421 *non
233 2380 269 2421 est
286 2379 308 2420 ei
327 2379 511 2420 determinatum
530 2391 544 2419 a
562 2378 655 2420 natura.
676 2379 776 2428 Quando
794 2390 850 2430 ergo
867 2391 897 2419 ex
915 2379 1013 2431 propria

169 2444 266 2492 ratione,
285 2443 381 2484 adiutus
399 2442 481 2484 divina
504 2443 587 2494 gratia,
612 2443 772 2494 apprehendit
789 2444 887 2494 aliquod
911 2443 1013 2496 speciale

168 2509 258 2548 bonam
272 2507 300 2548 ut
314 2519 381 2548 suam
396 2508 576 2556 beatitudinem,
593 2508 618 2547 in
633 2519 680 2559 quo
695 2518 749 2549 vere
765 2519 807 2548 sua
822 2507 944 2549 beatitudo
960 2519 1013 2548 con-

168 2571 236 2619 sistit,
256 2572 312 2612 1000
329 2572 440 2621 meretur,
459 2583 507 2612 non
524 2583 553 2612 ex
570 2573 622 2620 hoe,
641 2572 705 2622 quod
723 2571 813 2623 appetit
830 2571 1011 2620 beatitudinem,

169 2648 242 2686 quam
260 2636 400 2677 naturaliter
417 2636 514 2687 appet't,
534 2636 574 2677 sed
592 2648 621 2676 ex
638 2636 690 2684 hoc,
710 2636 773 2686 quad
792 2636 882 2687 appetit
899 2637 944 2677 hoc
962 2648 1012 2687 spe-

168 2700 234 2748 01111,
253 2701 317 2750 quod
333 2712 381 2740 non
399 2701 539 2740 naturaliter
557 2700 654 2750 appetit,
674 2701 701 2741 ut
717 2699 834 2739 visionem
850 2700 901 2748 Dei,
921 2701 947 2740 in
965 2711 1012 2751 quo

168 2765 248 2805 tamea
269 2765 400 2805 secundum
420 2765 455 2805 rei
475 2763 598 2805 veritatem
620 2776 664 2805 sua
683 2764 805 2805 beatitudo
826 2764 959 2806 consistit.»
981 2791 1013 2797 .-

168 2841 191 2879 q.
211 2829 239 2869 27
256 2840 278 2868 1.
298 2830 309 2868 1
330 2828 456 2879 distinguit
478 2828 672 2878 acceptationem,
693 2829 824 2869 secundum
850 2840 924 2879 quam
949 2829 1013 2870 Deus

168 2892 281 2933 omnibus
300 2892 414 2933 creaturis
433 2892 485 2934 vult
506 2893 596 2933 bonurn
615 2898 722 2941 naturae,
743 2893 766 2934 et
786 2893 917 2934 secundum
939 2905 1012 2944 quam

167 2958 220 2997 ruit
236 2956 308 2997 alicui
328 2956 417 2997 bonurn
434 2957 621 3007 supernaturale,
641 2958 704 3007 quod
722 2957 758 2998 est
774 2956 823 2998 vita
841 2957 943 2999 aeterna.
963 2958 1011 2998 Hac
