2214 3350
324 199 402 236 Thesis
418 198 448 235 25.
466 195 575 233 Voluntas
589 194 743 238 Deisalvifica
894 177 898 183 ¹
917 179 987 235 1141-

109 305 167 349 1185.
178 305 315 344 81111111111
327 306 352 343 ln
362 306 404 343 ld.
419 305 445 342 46
458 314 477 351 q.
493 304 503 341 1
518 313 538 340 1.
555 304 628 340 lcum
642 303 663 339 S.
677 304 779 339 roanne
793 303 960 338 Damascene

109 359 229 404 distinguit
240 358 379 395 voluntatem
391 356 606 399 antecedentem,
620 362 665 400 qua
677 355 736 391 Deus
750 354 850 390 omnium
863 352 960 390 salutem

111 410 166 454 vult,
181 411 202 447 et
215 411 433 455 consequentem,
449 418 493 455 qua
506 407 608 444 nolentes
622 407 643 442 et
656 405 784 443 resistentes
797 415 844 442 non
855 406 903 441 vult
917 405 961 441 sal-

111 471 171 498 vare.
184 481 209 488 -
220 472 239 499 1,
254 462 307 499 3111
318 461 342 500 6.-
359 462 494 505 «Quaedam
505 469 558 497 vero
570 458 632 494 mala
645 457 704 500 sunt,
719 467 776 503 quae
789 459 808 493 si
818 466 865 493 non
878 457 959 499 essent,

111 514 241 550 universum
255 514 375 560 perfectius
388 514 457 550 esset.
467 540 486 550 ..
503 512 567 549 Unde
582 511 602 546 si
616 509 694 551 nullus
708 509 825 545 hominum
838 510 959 555 peccasset,

110 565 241 601 universum
256 575 326 610 genus
340 566 465 601 humanum
479 564 561 600 melius
577 561 640 599 toret.
650 574 661 595 n
677 580 701 586 —-
720 560 753 597 De
766 572 812 597 ver.
831 571 851 606 q.
868 562 894 599 23
910 571 929 598 a.
948 559 961 595 2

112 617 194 652 iterum
207 617 325 662 distinguit
338 617 476 654 voluntatem
490 616 591 653 divinam
605 616 630 651 in
644 612 850 650 antecedentem
864 615 886 649 et
901 622 961 648 con·

109 668 278 713 sequentemi
301 669 389 705 «Cuius
405 668 555 705 distinctionis
573 665 735 703 intellectus
754 669 784 701 ex'
801 664 893 701 verbis
911 666 961 701 Da·

111 720 232 756 masceni
246 720 279 756 est
294 721 448 764 assumendus,
465 721 503 766 qui
517 721 576 756 hanc
592 718 758 755 distinctionem
770 716 913 753 introduxit»
932 717 961 762 (et
1035 736 1036 739 =

111 772 231 808 manifesto
249 772 427 809 universalistice
446 772 564 818 adhibuit).
584 790 608 797 -
626 780 646 807 a.
667 770 691 809 3,·
715 769 852 805 «Invenitur
871 770 897 804 in
915 769 961 804 Deo

111 822 201 869 proprie
219 823 278 860 ratio
297 823 474 867 voluntatis,...·
489 824 511 860 et
528 824 584 860 haec
604 823 637 858 est
656 821 762 858 voluntas
779 820 959 867 beneplaciti,

110 884 168 920 quae
185 884 224 921 per
240 875 377 912 voluntatem
394 875 598 912 antecedentem
616 875 637 911 11
654 872 864 919 consequentem
882 872 961 908 distin-

103 927 195 971 guitur,
212 927 237 962 ut
252 927 335 963 dictum
351 927 402 963 est»
418 927 481 973 tergo
498 927 566 963 etiam
579 926 684 962 voluntas
699 925 833 962 antecedens
849 926 870 962 et
886 925 961 961 condi·
994 953 996 956 ,

109 978 201 1014 cinnatu
214 979 246 1014 est
257 988 310 1015 vera
321 979 426 1015 voluntas
438 979 586 1025 beneplaciti).
600 997 622 1004 -
635 978 657 1014 S.
670 977 701 1014 th.
714 979 723 1014 1
737 987 756 1024 q.
772 977 795 1015 19
807 987 826 1014 a.
841 976 864 1013 6:
878 977 960 1013 Volun-

110 1030 146 1065 tas
160 1030 200 1065 Dei
215 1039 301 1076 semper
315 1031 427 1076 impletur.
445 1031 527 1074 «Quod
542 1031 643 1066 recedere
658 1030 746 1066 videtur
762 1040 777 1067 a
789 1029 868 1075 divina
881 1029 959 1065 volun-

110 1081 156 1117 tate
168 1082 290 1117 secundum
300 1091 371 1117 unum
383 1082 489 1125 ordinem,
502 1082 612 1118 relabitur
622 1083 648 1117 in
658 1082 732 1127 ipsam
744 1082 867 1118 secuudum
879 1081 957 1123 alium,

110 1133 169 1168 sicut
187 1133 344 1179 peccator...,
369 1134 486 1180 dum'per
511 1134 559 1169 eius
575 1133 687 1169 iustitiam
705 1133 817 1179 punitur»
846 1133 888 1179 (est
906 1133 959 1169 idea

112 1187 133 1223 S.
150 1185 309 1229 Augustini,
326 1185 357 1220 De
374 1186 427 1230 spir.
445 1187 465 1221 11
482 1185 523 1221 litt.
541 1184 572 1227 33,
589 1185 628 1231 58).
645 1204 670 1210 -
685 1186 714 1221 ad
731 1186 753 1223 1:
773 1186 783 1221 1
799 1186 850 1222 Tim
865 1186 884 1229 2,
901 1186 914 1222 4
930 1186 958 1221 ab

83 1255 85 1261 ‚
111 1236 263 1280 Augustino
278 1236 408 1281 ...dupliciter
434 1235 562 1282 explicatur.
592 1236 739 1272 «Secundum
764 1237 960 1273 Damascenurn

111 1288 249 1333 intellegitur
271 1288 298 1323 de
319 1287 435 1323 voluntate
457 1287 607 1332 antecedente,
631 1296 677 1323 non
699 1289 725 1324 de
747 1287 863 1324 voluntate
886 1297 960 1324 conse·
1033 1314 1035 1316 -

110 1340 198 1385 quente.
208 1353 218 1373 >1
238 1340 301 1375 Hanc
318 1339 484 1375 distinctionem
501 1339 602 1384 Aquinas
619 1339 693 1376 insius
711 1339 812 1386 explicat,
832 1341 853 1376 et
870 1340 961 1385 quidem

111 1394 193 1428 iterum
211 1392 250 1435 sic,
268 1391 293 1427 ut
309 1391 419 1427 terminus
438 1390 605 1427 antecedentiae
624 1392 645 1427 et
661 1391 832 1436 consequentiae
851 1392 882 1427 sit
899 1392 961 1428 mula

111 1444 215 1478 voluntas
234 1443 350 1478 homiuum
371 1442 426 1487 (non
443 1443 593 1480 consideratio
611 1442 786 1489 pulchritudiuis
806 1443 907 1480 universi
925 1443 961 1481 111

110 1494 175 1530 aliud
193 1494 262 1540 quid),
283 1495 316 1530 uti
336 1494 485 1540 exemplum
504 1495 657 1531 homicidae
677 1494 779 1540 ostendit,
801 1505 868 1540 quem
887 1496 961 1531 iustus

107 1548 177 1583 iudex
195 1547 354 1592 consequenter
368 1546 417 1582 1111
434 1546 547 1592 suspendi,
567 1547 669 1592 quamvis
692 1547 848 1589 antecedenter
871 1556 961 1583 omnem

111 1599 225 1634 hominem
246 1599 300 1634 velit
315 1599 395 1634 vivere.
420 1598 487 1634 Addit
504 1597 539 1634 1111
556 1598 695 1635 voluntatem
718 1600 890 1644 consequentem
913 1609 960 1636 esse

111 1650 249 1686 voluntatem
259 1650 390 1695 simpliciter
400 1650 489 1694 dictam,
501 1651 668 1686 antecedentem
677 1661 725 1688 esse
735 1650 874 1688 voluntatem
885 1661 961 1688 recun-

111 1701 166 1738 dnm
184 1701 242 1747 qnid.
264 1702 347 1738 «Unde
363 1702 450 1747 magis
469 1702 541 1748 potest
561 1702 604 1739 dici
620 1702 750 1739 velleitas
770 1712 838 1748 quam
857 1704 960 1739 absoluta

111 1753 215 1788 voluntas
224 1766 234 1786 a
249 1753 329 1800 (mauis
342 1754 363 1789 et
374 1754 504 1799 comparata
516 1754 545 1790 ad
555 1754 694 1790 voluntatem
706 1756 877 1800 consequentem
888 1755 961 1801 potest

111 1804 156 1840 dici
172 1804 280 1847 velleites;
296 1814 363 1850 porro
379 1806 489 1850 quatenus
507 1805 641 1851 supponitur
656 1807 761 1851 praerdsa
776 1806 894 1843 frustratio
911 1817 961 1842 con-

110 1856 212 1898 dicionis,
230 1856 344 1892 contraria
362 1856 465 1893 voluntas
484 1858 559 1893 evadit
577 1857 680 1894 absoluta
698 1868 724 1895 ac
742 1859 835 1904 proinde
854 1858 959 1894 voluntas

113 1909 245 1945 antecedens
260 1909 364 1944 salvandi
377 1909 478 1944 mutatur
493 1909 518 1944 in
532 1909 668 1946 velleitatem
681 1906 793 1954 irrealem3
810 1911 849 1947 sed
864 1920 910 1947 non
924 1921 961 1948 ne-

112 1960 179 2004 gatur
193 1960 249 1996 haec
263 1960 374 2002 voluntas,
391 1960 502 2006 quatenus
517 1962 542 1995 ut
557 1962 690 1997 antecedens
706 1963 817 1998 abstrahit
833 1973 848 1999 a
861 1963 960 1999 verifica-

111 2012 171 2046 tione
182 2011 324 2054 condicionis,
333 2021 381 2047 esse
391 2021 444 2047 vera
452 2012 530 2057 aliqua
539 2012 650 2056 voluntas;
663 2014 689 2049 ci.
702 2014 812 2049 Mannens
823 2013 837 2050 1.
847 2024 864 2050 1.
873 2024 893 2060 p.
904 2013 926 2050 18
931 2014 957 2061 s).

112 2084 135 2090 -
153 2064 245 2109 Saepius
262 2063 362 2108 loquitur
377 2064 399 2100 S.
412 2063 514 2100 'Thomas
533 2064 560 2100 de
577 2064 785 2110 pulchritudine
802 2066 928 2103 universi
946 2076 960 2102 a

112 2117 157 2151 Deo
170 2115 283 2161 provisore
295 2114 419 2151 universali
432 2116 582 2161 respicienda:
599 2117 619 2153 S.
636 2117 666 2153 th.
682 2118 692 2154 1
706 2127 726 2162 q.
742 2117 765 2154 19
775 2127 794 2154 a.
810 2117 829 2161 93
843 2128 862 2164 q.
876 2119 902 2155 22
915 2127 934 2155 a.
949 2119 961 2154 2

112 2168 140 2210 et,
156 2167 194 2212 qui
207 2167 280 2203 textus
293 2166 352 2203 inter
366 2176 442 2203 omnes
456 2168 553 2205 maxime
567 2168 627 2210 iavet
641 2169 740 2214 Alnarez,
756 2179 775 2216 q.
791 2170 815 2207 23
830 2180 850 2208 a.
867 2171 879 2208 5
891 2172 921 2207 ad
934 2170 956 2206 3:

112 2282 140 2317 de
155 2281 308 2327 peccatoribus
325 2280 486 2322 communibus,
504 2280 536 2315 est
553 2279 620 2322 certa;
637 2278 710 2315 altera
725 2287 777 2315 vero
793 2280 820 2316 de
837 2280 961 2316 obcaecatis

113 2328 134 2363 et
147 2327 269 2368 obduratis,
282 2326 334 2363 licet
347 2326 416 2361 tuerit
428 2325 576 2369 controversa,
591 2325 624 2361 est
636 2324 702 2361 hodie
716 2325 840 2361 communis
852 2327 873 2362 et
886 2325 962 2362 tenen-

112 2374 148 2409 da.
159 2386 169 2405 a
185 2392 208 2398 -
221 2383 241 2418 p.
258 2372 310 2410 228:
326 2370 475 2408 «infidelibus
491 2372 594 2408 omnibus
610 2370 679 2406 etiam
694 2369 805 2414 negativis
822 2371 906 2407 dantur
920 2380 961 2417 pro

114 2419 211 2464 tempore
224 2419 245 2454 et
257 2418 305 2454 loco
317 2417 405 2463 gratiae
415 2417 513 2463 proxime
525 2417 561 2453 vel
573 2417 656 2453 remote
669 2415 807 2453 sufficientes.
823 2416 884 2453 Licet
896 2417 962 2454 multi

113 2465 168 2501 olim
181 2464 279 2509 theologi
294 2463 475 2506 contradixerint,
491 2462 604 2499 conclusio
620 2462 660 2498 illa
675 2463 708 2498 est
724 2461 789 2499 hodie
804 2463 850 2498 tere
866 2472 962 2499 commu·

114 2512 155 2547 nis.
166 2524 177 2544 a
189 2511 338 2556 -aeniekamp,
350 2510 426 2554 Duum.
441 2510 478 2545 ΙΙ3
491 2509 527 2546 455
534 2519 551 2553 s,
564 2508 643 2544 statuit
654 2508 738 2544 theses:
755 2508 825 2544 «(1111
836 2509 884 2553 gibt
896 2517 970 2553 sogar

112 2558 157 2593 den
169 2557 309 2593 verstockten
323 2555 370 2591 und
384 2555 541 2591 verblendeten
556 2555 659 2590 sundern
672 2554 707 2590 die
723 2554 797 2598 gratia
812 2555 911 2600 proxime
926 2555 961 2591 vel

113 2603 197 2638 remote
221 2602 332 2637 sufficiens
355 2610 395 2636 zur
419 2600 559 2645 Bekehrung.
584 2600 699 2636 Sententia
723 2609 783 2635 nunc
808 2601 961 2643 eommunisu3

116 2650 199 2685 «leder
218 2648 358 2693 Ungliiubige
375 2647 490 2692 empidngt
509 2647 544 2682 die
564 2646 638 2690 gratia
654 2644 765 2682 sufficiens
784 2655 835 2683 zum
853 2647 960 2683 Glauben.

113 2696 231 2732 Sententia
243 2695 308 2730 certa.
320 2707 329 2727 n
343 2712 366 2719 -
378 2692 546 2729 Maria—Sola
561 2693 600 2737 (La
615 2692 704 2729 Ciencia
717 2693 817 2729 Tomista
829 2693 854 2730 33
869 2692 960 2739 [19261]

113 2740 171 2785 een:
191 2741 233 2776 «la
249 2740 352 2776 doctrina
366 2739 411 2784 hoy
427 2738 474 2774 casi
490 2738 571 2774 comdn
587 2738 649 2774 entre
663 2738 696 2774 los
714 2738 813 2783 turilegos
830 2739 960 2775 catolicos».

174 2808 182 2830 1
195 2808 219 2842 P.
233 2807 373 2849 Mannens,
386 2805 517 2850 Disqntsttio
529 2806 554 2841 in
567 2806 690 2841 doctrinam
702 2806 723 2843 S.
738 2807 835 2842 Thorace
848 2807 874 2842 de
886 2806 962 2842 uolun-

115 2854 159 2888 tate
177 2852 276 2896 saluifica
293 2853 314 2886 11
331 2851 357 2887 (11
372 2851 575 2895 praedestinatione
595 2851 695 2898 [Levanii
712 2851 767 2899 1883)
786 2862 807 2899 p.
827 2852 897 2889 111-83
914 2853 963 2888 iuse

116 2898 218 2940 ostendit,
233 2898 356 2934 secundum
377 2897 502 2933 doctrinam
524 2897 642 2942 Aquinatis
662 2899 740 2942 Deum,
757 2898 825 2934 etiam
848 2898 963 2944 supposito

114 2944 204 2989 peccato
222 2943 334 2987 originali,
359 2942 473 2978 voluntate
497 2943 631 2990 beneplaciti
655 2945 676 2980 et
700 2953 800 2990 operosa,
820 2944 963 2980 antecedente

115 2990 279 3035 praevisionem
293 2989 384 3024 actuum
399 2988 520 3025 liberorum
534 2990 657 3035 hominum,
673 2989 730 3027 velle
745 2991 845 3027 omnium
860 2990 961 3026 salutem.

157 3071 216 3099 Larua,
228 3070 252 3096 De
263 3070 323 3096 1111111,
906 3071 926 3098 35
