2214 3350
216 124 217 127 Ἴ
251 152 327 188 Thesis
342 151 373 187 11,
386 151 506 197 Dispositio
519 160 558 196 per
571 149 639 186 iidem
652 149 750 195 aliosque
765 151 826 186 actus
927 147 967 184 239

115 260 228 311 operibus
240 258 386 301 iustificetur
396 248 512 308 h0m0,et
524 270 572 299 non
584 270 614 299 ex
626 257 674 298 fide
686 257 808 298 tantuma
822 260 862 298 26:
881 256 967 297 «Sicut

115 324 180 364 enim
195 333 282 374 corpus
297 323 347 363 sine
363 322 447 374 spiritu
463 321 586 362 mortuum
602 320 644 369 est,
660 319 692 361 ita
707 320 730 361 et
745 320 807 360 fides
821 321 872 361 sine
887 320 965 371 operi-

115 387 160 427 bus
175 385 270 426 mortua
285 385 326 425 est.
336 403 346 422 »

114 510 169 553 335.
203 510 391 547 Contradictio
411 511 470 547 inter
491 510 547 546 duos
569 509 681 556 apostolos
703 509 735 544 est
758 517 893 554 apparens
913 508 962 543 tan-

91 587 92 590 =
113 563 168 605 tum,
186 571 239 598 non
255 562 348 600 realis.
368 562 471 599 Paulus
487 562 555 606 negat
572 569 641 607 opera
656 560 712 605 legis
731 561 853 597 secundum
870 560 961 595 modum

113 615 134 651 et
145 614 291 650 intentionem
302 614 450 660 plurimorum
462 614 598 651 Iudaeorum
610 614 670 648 iacta
681 612 811 649 iustificare.
825 614 890 648 Bona
902 612 961 648 enim

115 675 188 713 opera,
207 675 264 711 quae
280 666 382 710 neptecto
397 667 436 703 Dei
455 666 529 711 oratio
545 664 599 701 sotis
616 666 711 700 naturae
729 664 813 700 oti-itas
831 664 897 708 fiunt,
915 673 962 707 non

112 718 206 765 possunt
224 719 284 754 hona
301 719 412 754 salutaria
429 727 444 754 a
462 719 507 754 Deo
526 718 639 764 promissa
656 717 772 762 tamquam
792 716 915 752 mercedem
934 726 961 751 ex

87 806 89 809 ,
111 771 199 807 iustitia
210 770 307 806 debitam
317 771 437 816 postulare,
449 770 517 815 idque
529 779 553 806 eo
564 769 646 811 minus,
659 770 679 804 si
690 769 787 805 factores
798 769 821 804 in
833 769 882 803 sota
893 769 962 804 eeter-

111 831 142 858 na
158 822 298 857 observantie
311 821 417 858 fiduciam
430 822 522 868 ponant,
539 831 577 857 cor
591 830 687 867 pravum
701 821 790 857 mutare
805 820 904 856 nolentes
915 820 957 866 (ct.

111 873 232 920 prophetas
250 874 357 909 adversus
374 874 432 909 hunc
448 873 527 920 populi
544 873 645 909 animum
662 872 789 919 pugnantes
807 874 828 908 et
847 872 961 909 Christum¹

111 926 221 962 iustitiam
238 926 411 962 Pharisaeorum
428 924 588 970 damnantem).
608 925 721 961 Iacobus
739 925 799 961 hisce
816 933 959 970 nequaquam

110 978 198 1023 negatis
213 978 309 1013 affirmat
323 987 350 1014 ea
364 987 436 1023 opera,
453 986 510 1021 quae
525 986 550 1012 ex
563 986 617 1012 vera
632 986 685 1021 erga
698 977 769 1012 Deum
785 976 922 1012 oboedientia
937 977 959 1013 et

110 1030 135 1065 in
149 1030 275 1075 proximum
290 1030 383 1065 caritate
398 1029 525 1075 procedant,
543 1029 630 1074 aliquid
644 1029 673 1064 ad
687 1028 868 1074 tristificationem
884 1029 959 1064 coiere

111 1081 232 1126 debereque
246 1082 275 1117 ad
287 1080 354 1117 fidem
366 1081 392 1116 ut
404 1080 540 1126 principium
552 1080 667 1116 vivificans
682 1080 703 1116 et
715 1080 833 1126 perficiens
847 1079 958 1116 accedere,

46 1165 47 1171 ,
111 1133 208 1169 Tantum
222 1133 291 1176 abest,
306 1134 332 1168 ut
344 1132 446 1169 Paulus
461 1132 516 1168 haec
530 1133 602 1178 neget,
617 1132 710 1170 uiatico
726 1132 865 1178 apertissime
881 1132 959 1168 eodem

111 1185 199 1221 doceat:
216 1186 226 1222 1
242 1185 284 1220 Cor
297 1184 327 1227 13,
343 1184 394 1220 iss:
412 1184 463 1221 Sine
478 1183 571 1220 caritate
587 1184 696 1230 (proximi,
712 1183 960 1230 (11101001111110111100111-Ἰ

110 1236 179 1272 tatem
188 1236 237 1280 Dei)
250 1244 300 1272 011111
309 1235 370 1272 velut
381 1244 418 1272 aes
429 1245 513 1272 sonans
524 1236 564 1271 aut
575 1235 702 1280 cymbalum
712 1236 817 1279 tinniens,
831 1235 889 1271 nihil
900 1244 959 1279 sum,
1021 1259 1027 1272 1,

109 1287 167 1323 1111111
178 1287 235 1322 mihi
246 1287 342 1332 prodest,
356 1287 397 1323 etsi
409 1287 508 1323 habuero
521 1287 597 1323 omnia
608 1286 745 1324 charismata
758 1288 779 1323 et
791 1296 880 1323 omnem
891 1286 957 1323 fidem

110 1338 285 1384 (miraculorum,
297 1347 354 1383 quae
366 1338 470 1385 supponit
481 1338 646 1385 dogmaticam).
657 1356 683 1368 -⁴
693 1338 733 1375 Gal
743 1339 764 1381 5,
773 1338 796 1376 6:
811 1340 857 1374 «In
869 1338 959 1375 Christo

108 1391 160 1426 Iesu
173 1399 245 1436 neque
260 1389 398 1426 circumcisio
413 1389 499 1435 aliquid
514 1390 573 1427 valet
587 1399 657 1435 neque
673 1391 822 1437 praeputium,
840 1390 879 1426 sed
893 1389 955 1433 fides,

108 1450 164 1487 quae
174 1451 214 1487 per
223 1442 339 1477 caritatem
350 1442 471 1487 operatur»
481 1460 505 1467 -
513 1442 578 1484 πίστις
585 1439 606 1478 oi
617 1439 697 1488 ἀγάπης
704 1441 843 1489 ἐνεργουμένη,
848 1442 863 1478 i.
870 1451 886 1477 e.
895 1440 956 1483 fides,
994 1486 996 1492 ‚

108 1502 165 1539 quae
180 1502 220 1540 per
235 1493 353 1529 caritatem
374 1493 420 1529 vim
442 1503 508 1529 suam
524 1493 611 1536 exserit,
629 1502 668 1539 per
685 1493 802 1530 caritatem
824 1494 923 1538 actuosa,
942 1504 959 1529 a

108 1545 201 1581 caritate
215 1546 245 1581 ad
258 1545 397 1591 operandum
409 1546 509 1592 impulsa
524 1545 598 1592 (Zea).
613 1545 712 1581 Medium
727 1544 859 1592 ἐνεργουμένη
876 1555 890 1581 a
904 1555 957 1581 non-

107 1596 176 1632 nullis
190 1597 279 1641 passive
294 1597 430 1633 intellectum
446 1598 486 1642 est,
503 1597 524 1632 et
539 1597 647 1642 quoniam
663 1595 752 1644 ἐνὲργὲια
770 1598 802 1632 001
817 1598 891 1634 torma
907 1598 959 1634 sub·

108 1648 220 1684 stantialis
238 1648 380 1690 aristotelica,
399 1648 460 1684 ortus
478 1649 511 1684 est
527 1649 636 1685 terminus
654 1648 728 1685 «fides
745 1648 839 1685 caritate
857 1650 954 1685 forma-

107 1700 161 1742 ta»,
178 1700 215 1745 qui
231 1699 283 1736 licet
296 1700 372 1735 minus
387 1700 444 1736 recte
460 1700 485 1735 in
499 1700 578 1744 Paulo,
595 1701 643 1736 iure
659 1701 736 1737 tamen
751 1701 776 1736 in
791 1702 828 1736 Iac
844 1701 889 1743 926
904 1702 953 1736 tun-

109 1751 181 1795 datur,
196 1751 236 1787 uhi
250 1751 339 1794 caritas,
354 1761 410 1797 quae
423 1751 490 1788 fidem
504 1751 597 1798 perficit,
613 1752 756 1798 comparatur
770 1752 860 1797 spiritui
875 1761 959 1798 corpus

106 1804 234 1846 vivificanti,
252 1804 266 1838 i.
285 1813 301 1840 e.
320 1805 405 1840 iormae
422 1805 566 1841 substantiali
582 1805 687 1852 corporis.
704 1826 730 1833 —
747 1806 778 1842 Ci.
797 1807 823 1842 de
840 1806 877 1842 his
892 1815 911 1842 V.
928 1816 950 1851 g.

106 1857 129 1894 L,
150 1855 275 1900 Gonousch,
294 1859 337 1893 Der
355 1858 489 1902 Lehrgehalt
507 1858 546 1901 der
563 1859 739 1905 Jakobusepistel
760 1859 877 1905 (Freiburg
896 1858 951 1906 1914)

105 1910 186 1954 12-64ς
200 1909 225 1945 Ε.
243 1911 320 1953 Totae,
337 1912 367 1946 Le
382 1910 493 1957 probleme
510 1911 536 1948 de
550 1911 575 1947 ia
589 1911 735 1957 justificatior
751 1912 807 1948 dans
824 1922 840 1948 s.
858 1912 915 1948 Paul
932 1914 952 1948 et

106 1963 163 1999 dans
173 1973 189 2000 s.
200 1964 295 2008 Jacques
307 1964 366 2009 (Rev.
379 1964 461 2001 d’Hist.
475 1964 561 2002 000122
573 1964 641 2011 [1926]
653 1964 766 2011 tot-oum
778 1966 802 2002 R.
814 1967 957 2011 Lemurioper

106 2016 131 2052 in
145 2016 213 2053 DdTh
229 2016 246 2061 8,
263 2016 335 2054 29150.

106 2133 160 2174 336.
195 2133 308 2177 Quomodo
327 2133 430 2169 Paulus
448 2132 566 2178 aliquoties
587 2134 638 2168 soli
657 2133 735 2177 iidei,
755 2133 817 2169 nullo
838 2134 888 2169 alio
901 2134 953 2170 actu

105 2187 235 2230 memorato,
254 2186 434 2222 iustificationem
456 2186 547 2228 tribuat,
575 2186 654 2231 duplec'
679 2197 693 2223 a
716 2187 831 2224 catholicis
850 2188 903 2224 data
920 2188 953 2224 est

106 2239 229 2284 explicatio,
244 2239 339 2285 utraque
352 2240 405 2275 nixa
417 2240 490 2275 verbis
505 2240 525 2276 S.
541 2240 688 2285 Augustini
704 2241 742 2286 (De
757 2240 799 2285 (ide
814 2243 835 2276 et
850 2240 955 2286 operibus·

106 2292 135 2337 13,
150 2292 174 2329 29
187 2292 208 2328 01
222 2292 252 2334 14,
267 2292 290 2329 21
306 2293 358 2339 [ML
370 2292 400 2336 40,
414 2292 502 2338 210s]):
520 2293 541 2339 a)
557 2293 733 2337 Antiquiores
749 2294 851 2339 exegetae
867 2294 888 2329 et
901 2302 955 2339 apo·

103 2346 189 2391 10101οε
203 2346 235 2392 (B.
248 2345 406 2388 Bellormioos,
418 2346 525 2390 Recessere
538 2346 601 2392 etc.):
616 2346 700 2383 Paulus
713 2356 850 2392 nunquam
863 2356 952 2383 omnes

105 2399 185 2434 simui
203 2408 301 2435 causas
319 2398 484 2435 iustificationis
504 2401 627 2445 enumerat,
647 2402 686 2436 sed
704 2402 770 2436 modo
789 2410 865 2443 unam,
886 2402 955 2437 modo

105 2452 174 2489 aliam
189 2452 282 2495 indicat;
298 2453 330 2489 sic
345 2453 401 2489 Rom
415 2452 433 2495 3,
450 2452 474 2488 24
490 2453 594 2497 gratiam,
612 2454 661 2499 Epir
675 2454 693 2496 5,
710 2454 734 2490 26
750 2456 771 2490 01
787 2455 821 2490 Tit
837 2454 855 2498 3,
872 2455 884 2492 5
899 2456 951 2500 bap-

103 2505 201 2548 tismum,
215 2506 225 2540 1
238 2506 284 2542 Cor.
298 2506 316 2549 7,
330 2505 353 2542 19
363 2506 539 2542 observationem
549 2508 708 2543 mandatorum
719 2508 765 2550 Dei,
779 2508 819 2544 Gal
830 2510 849 2551 5,
862 2508 951 2544 6fidem

104 2559 196 2595 caritate
209 2560 331 2603 actuosam,
345 2560 366 2594 et
379 2567 444 2605 saepe
456 2557 522 2595 fidem
535 2560 671 2606 simpliciter.
686 2562 748 2597 Idem
761 2563 786 2596 in
798 2561 954 2606 evangeliis

104 2612 246 2649 observatur:
263 2613 287 2648 10
301 2612 319 2657 3,
335 2613 347 2649 5
360 2613 491 2658 baptismus
508 2614 542 2650 Mc
558 2614 587 2656 16,
604 2614 627 2651 16
639 2615 694 2651 fides
710 2615 730 2651 et
743 2615 876 2660 baptismus,
892 2617 916 2651 Io
931 2616 952 2659 6,

103 2665 163 2701 4101
179 2664 208 2708 15,
225 2666 237 2702 5
252 2666 332 2710 gratia,
350 2666 382 2706 Mt
397 2666 413 2708 i,
432 2665 455 2702 17
470 2668 614 2712 poenitentia,
633 2667 662 2711 19,
680 2668 702 2704 16
710 2678 732 2704 ss
748 2669 954 2706 0110011701101111111·Ἰ

103 2718 213 2761 datorum,
227 2717 256 2763 io,
269 2719 294 2755 22
304 2720 476 2765 perseverantia,
489 2721 553 2756 Hanc
566 2721 734 2768 explicationem
745 2723 845 2768 praefert
857 2723 948 2767 Hareni,

102 2772 170 2808 DdTh
188 2771 205 2815 6,
225 2771 284 2808 ross.
303 2792 327 2798 —
344 2773 366 2820 h)
386 2772 451 2809 Multi
469 2775 636 2811 recentiores
655 2776 728 2820 magis
747 2777 881 2812 conveniunt
900 2786 950 2812 cum
971 2780 973 2786 '

72 2866 74 2870 Α
103 2824 249 2870 explicatione
266 2835 342 2862 eorum
357 2827 514 2862 modernorum
529 2828 712 2873 protestantium,
729 2831 767 2875 qui
784 2830 908 2865 doctrinam
924 2832 950 2867 de
975 2823 977 2826 ’

104 2878 152 2914 sola
169 2878 211 2915 fide
231 2881 304 2924 quoad
322 2889 370 2916 rem
387 2879 563 2924 dereliquerunt:
592 2882 677 2918 Paulus
701 2883 768 2919 tidem
792 2884 953 2921 iustificantem

102 2930 211 2976 intellegit
228 2932 309 2968 iidem
325 2933 421 2977 vivam,
439 2934 453 2970 i.
473 2943 489 2969 e.
507 2936 605 2980 practice
622 2945 670 2971 eam
687 2937 757 2972 animi
775 2937 949 2982 dispositionem,
