2214 3350
236 190 313 225 Thesis
329 190 356 226 18,
375 190 540 225 illustrationes
557 189 577 224 et
592 175 753 233 inspirationes
887 185 922 221 383

73 289 192 345 naturam,
211 297 275 337 Deus
298 297 422 338 bominem
447 296 621 347 sapientissime
645 306 688 345 per
714 294 920 345 supernaturalem

72 359 152 400 actum
175 359 359 401 indeliberatum
382 360 449 402 ducit
472 361 503 400 ad
528 356 735 409 supernaturalem
760 356 838 399 actum
863 356 920 399 deli-

71 421 189 462 beratum.

72 558 127 599 506.
164 558 188 609 b)
209 558 270 599 Sunt
292 559 364 600 etiam
388 559 456 600 actus
478 556 609 604 deliberati,
631 555 761 607 inquibus
782 557 921 597 verificetur

17 668 18 672 η
71 621 203 672 theologica
216 621 280 663 notio
291 623 379 672 gratiae
393 620 500 663 actualis.
515 620 597 667 Ratio:
610 619 685 660 Actus
698 620 760 660 liber
773 620 796 660 et
810 619 921 660 salutaris

72 696 100 724 ex
112 694 162 724 una
174 684 241 734 parte
254 684 289 725 est
301 686 398 725 omnino
414 686 505 725 donum
517 684 651 735 preteritum
663 683 715 732 Dei,
731 683 788 733 quia
801 682 836 723 est
850 683 920 723 eftec-

72 747 111 787 tus
127 746 225 796 gratian
245 748 381 797 saepissime
399 759 457 789 vero
475 747 548 787 simul
567 747 602 787 est
621 747 740 787 1111111111
760 746 871 785 divinum
888 745 920 786 ad

72 809 207 850 salutariter
218 811 345 860 agendum,
361 810 419 861 quia
432 810 571 861 potestesse
583 809 734 861 principium
748 809 849 849 alicuius
863 809 920 849 novi

72 877 137 912 nctus
155 872 277 913 deliberati
295 873 318 914 et
334 873 452 922 salutaris,
470 884 519 914 non
535 883 602 913 secus
618 884 644 913 ac
662 872 731 913 actus
747 871 920 912 indeliberatus

71 935 266 985 supernaturalis.
284 936 310 977 Si
325 935 397 976 homo
413 948 442 976 ex
457 947 538 977 amore
552 936 595 977 Dei
611 936 689 977 eidem
706 935 799 976 cultum
814 934 918 981 exhibet,
975 934 977 937 ’

71 998 268 1047 concupiscentiis
279 997 373 1046 resistit,
388 998 551 1049 eleemosynas
563 997 693 1048 distribuit,
706 999 767 1039 iiber
781 1004 846 1038 actus
862 999 919 1038 1111-

29 1097 30 1100 ,
71 1061 124 1100 tntis
143 1061 179 1101 est
195 1060 342 1111 principium
361 1059 458 1101 actuum
477 1061 607 1111 religionis,
627 1060 806 1110 temperantiae,
827 1061 919 1101 miseri-

70 1123 171 1163 cordiae.
185 1148 217 1154 -—
229 1123 296 1163 idern
310 1123 440 1164 eiontibus
453 1123 536 1164 elucet.
551 1123 670 1164 Docemur
681 1124 747 1164 enim
761 1124 843 1163 omnia
858 1124 918 1163 11111

64 1187 142 1237 'opera
160 1186 287 1228 essedarii
304 1185 359 1225 Dei:
383 1186 406 1225 S.
425 1185 533 1227 Paulus
550 1197 619 1237 saepe
636 1187 685 1227 Deo
704 1186 793 1237 gratias
810 1187 860 1236 agit
874 1198 919 1237 pro

70 1248 119 1288 tide
145 1248 168 1288 et
191 1248 262 1288 bonis
284 1248 399 1299 operibus
423 1247 616 1289 christianorum.
643 1249 796 1289 indiculus
820 1260 871 1300 cap.
892 1252 918 1289 12

73 1312 114 1363 (Dz
131 1311 194 1362 litt:
217 1328 227 1348 1
235 1311 311 1352 Tanta
327 1311 391 1352 enirn
407 1311 514 1361 asterga
530 1323 613 1352 omnes
629 1312 741 1353 bomines
756 1311 851 1353 bonitas
866 1313 917 1360 Dei,

69 1376 97 1416 ut
108 1376 189 1416 nostra
199 1375 257 1416 velit
268 1385 317 1415 esse
329 1373 422 1423 merita,
436 1386 496 1426 quae
509 1375 566 1415 sunt
577 1373 654 1425 ipsius
665 1376 736 1415 dona.
745 1392 755 1411 t
769 1376 833 1423 Quae
845 1375 918 1415 verba

70 1438 272 1479 Tridentinum
287 1450 305 1478 s.
320 1441 333 1478 6
347 1448 399 1487 cap.
416 1441 442 1478 16
458 1438 500 1489 (Di
515 1438 564 1488 810)
580 1438 672 1488 repetit.
688 1439 762 1478 Porro
777 1438 844 1478 actus
857 1438 919 1478 liber

69 1502 142 1542 unius
154 1501 251 1542 virtutis
263 1507 343 1547 1111111
355 1501 386 1541 ad
399 1502 491 1541 bonurn
505 1511 566 1551 opus
578 1499 677 1541 alterius
689 1499 798 1541 virtutis:
814 1500 878 1541 Hebr
892 1503 917 1541 11

70 1565 241 1605 enumerantur
262 1563 340 1612 multi,
359 1564 401 1614 qui
417 1564 467 1615 tide
483 1565 542 1604 moti
559 1564 636 1604 Deum
660 1563 792 1620 coluerunt,
811 1564 833 1604 ei
850 1564 917 1604 oboe-

70 1627 182 1668 diverunt
199 1627 241 1667 111.
267 1627 342 1675 1112,
362 1629 401 1667 22:
427 1627 498 1667 Fides
522 1626 694 1677 cooperabatur
717 1626 788 1667 bonis
805 1626 918 1677 operibus

69 1690 186 1730 Abrahae.
204 1715 235 1720 -
252 1688 460 1730 Arausicanum
478 1701 530 1730 can.
550 1691 577 1730 tr
596 1689 638 1742 (Dz
657 1690 720 1741 190);
741 1689 918 1731 Fortitudinem

70 1751 255 1796 christianorum
266 1754 309 1794 Dei
322 1754 407 1793 caritas
421 1753 485 1794 11111.
498 1779 531 1784 -
542 1752 724 1803 Augustinus
737 1751 918 1793 delectationem

69 1817 194 1858 caelestem
205 1828 273 1867 saepe
285 1815 402 1865 intellegit
411 1816 535 1866 tamquam
544 1827 558 1856 a
568 1816 616 1856 Deo
628 1815 727 1867 quidem
738 1816 764 1855 in
775 1816 845 1856 corde
857 1815 917 1856 exci-

69 1880 150 1928 tatam,
164 1880 205 1920 sed
217 1879 247 1920 ab
259 1879 355 1919 bomine
368 1879 442 1918 libero
456 1889 572 1919 consensu
583 1884 704 1929 receptum
716 1877 787 1929 atque
800 1878 832 1918 sic
845 1889 918 1927 opera

70 1943 154 1983 salutis
169 1941 346 1993 producentem.
369 1941 447 1981 Etiam
473 1941 618 1991 «copitatio»
644 1941 703 1982 dicit
721 1941 917 1982 deliberationem

69 2006 173 2047 debono
188 2005 304 2053 iaciendo;
320 2004 441 2044 interdum
453 2003 619 2054 complectitur
633 2015 716 2044 omnes
731 2010 796 2044 octus
810 2004 917 2044 internos

69 2069 94 2108 in
105 2067 253 2119 oppositione
266 2068 296 2108 ad
309 2066 407 2107 externa
418 2067 490 2107 11111
503 2067 527 2107 11
539 2078 610 2117 opere
626 2066 697 2119 (sicut
709 2067 734 2107 in
748 2067 913 2118 Confessione:

71 2132 184 2183 «peccavi
202 2122 276 2172 nimis
292 2130 439 2182 cogitatione
457 2132 530 2171 verbo
548 2130 571 2171 et
587 2130 698 2181 operae).
716 2157 748 2162 -
766 2131 916 2182 Theologi,

69 2195 165 2245 quando
179 2194 303 2245 disputant
318 2194 346 2234 de
361 2194 450 2233 11111111
466 2193 526 2244 fidei
542 2194 580 2234 111
596 2194 701 2234 caritatis
717 2195 748 2236 ad
765 2194 917 2235 1111111111-

69 2258 142 2298 torios
156 2257 294 2305 necessario⁷
311 2257 371 2296 banc
387 2255 520 2296 doctrinam
536 2257 681 2307 supponunt.

69 2392 123 2434 507.
160 2396 180 2433 1.
204 2393 265 2434 Sunt
288 2403 357 2433 sensu
381 2391 497 2443 explicato
521 2391 673 2434 immediatae
697 2394 719 2444 a)
745 2391 916 2435 illustrationes

68 2455 210 2497 intellectus.
233 2456 354 2505 Quatenus
371 2465 427 2495 vere
444 2455 535 2497 habent
552 2455 669 2496 rationem
689 2456 914 2507 perterritorum,
950 2507 951 2510 Ἰ

68 2530 116 2559 non
135 2518 190 2559 sunt
207 2518 359 2570 cognitiones
379 2529 439 2568 quae
457 2524 540 2568 sponte
559 2525 659 2558 naturae
676 2530 707 2559 ex
724 2518 917 2559 manifestatione

68 2581 165 2622 externa
181 2582 289 2623 veritatis
306 2580 422 2629 oriuntur,
442 2581 483 2621 sed
502 2581 581 2630 potius
598 2583 697 2633 spectati
713 2582 818 2632 Spiritus
834 2582 917 2623 Sancti

68 2646 199 2694 operationi
213 2645 336 2686 debentur.
354 2643 402 2684 Hoc
419 2645 502 2685 contra
515 2645 656 2696 Pelupiunos
672 2645 696 2686 et
711 2645 916 2698 Semipeluptnnos

68 2707 139 2758 atque
150 2708 237 2748 iterum
249 2719 263 2748 a
273 2706 442 2747 Tridentino
454 2707 583 2748 definitum
594 2708 629 2750 est
642 2710 673 2761 (v.
686 2709 719 2749 tli.
732 2711 743 2749 1
755 2709 808 2758 112,
822 2720 846 2749 n.
858 2711 885 2749 36
893 2720 916 2749 ss

68 2771 143 2821 6011).
167 2771 240 2821 Atqui
264 2771 355 2818 saltem,
374 2771 472 2820 quande
493 2772 649 2821 primiceriis
667 2771 783 2812 solutares
807 2772 871 2814 iiunt
885 2774 915 2813 ab

67 2832 171 2881 homine,
187 2834 229 2884 qui
242 2834 317 2874 iidem
331 2831 430 2882 suscipit
443 2844 514 2884 seque
527 2834 558 2874 ad
571 2832 766 2875 iustificationem
780 2835 914 2886 praeparat,

69 2893 114 2935 ista
131 2896 240 2946 specialis
255 2895 362 2946 operatio
379 2894 462 2936 divina
479 2907 527 2936 non
545 2897 653 2937 consistit
666 2897 693 2937 in
710 2897 831 2939 intusione
849 2898 916 2938 habi-

68 2955 145 3006 tuum,
162 2958 241 2998 sedin
256 2958 380 2998 collatione
396 2956 498 2998 alicuius
513 2960 602 3009 gratiae
618 2961 725 3009 actualis,
743 2971 804 3011 quae
820 2961 917 3001 habitus
