2214 3350
143 171 172 206 IV
248 174 250 176 '
367 144 369 146 Ι
502 157 616 212 Praefatio.
636 214 638 216 Ι

202 277 383 320 Notui‚²sicutin
396 276 497 321 plurimis
511 275 577 310 huius
591 275 677 319 pencris
692 275 842 320 librisatque
854 274 998 320 praesertim
1022 316 1031 321 Ἰ,
1053 318 1054 321 ¹

142 329 332 372 succinctioribus,
349 329 380 372 fit,
399 328 528 370 doctrinam,
549 328 614 371 prout
632 334 692 376 nunc
710 336 838 371 maqnaea
857 329 918 373 parte
938 337 987 373 per·
1035 340 1037 342 ’

141 380 199 424 tecta
215 381 282 425 atque
299 380 389 425 definita
406 380 523 424 praeiacet,
541 379 586 423 tere
604 379 632 414 ad
649 378 740 414 modum
757 380 885 415 catechismi
903 378 997 424 simpli-⁵
1017 424 1020 427 ἢ

142 432 196 466 citer
211 441 333 476 proponere
350 434 370 476 et
386 432 496 477 analytice
519 431 629 475 euplioare
651 430 784 476 (coemptum
805 431 871 467 huius
887 432 986 479 methodi
1018 440 1038 466 ἡ
1058 433 1059 436 ’

142 483 210 518 habes
223 484 248 518 in
259 483 420 519 Praenotnndis
434 492 455 518 n.
471 485 488 525 5,
504 483 541 518 ubi
554 482 583 518 ad
596 481 687 518 ultimas
701 483 905 518 animadversiones
919 484 987 518 eelim
1016 488 1031 491 ·“
1047 481 1061 487 ”
1089 495 1091 498 ·

142 535 263 581 otteridas);
282 535 319 569 sed
337 534 410 579 potius
429 534 553 579 incipiendo
570 534 597 568 ab
616 534 650 575 iis,
671 543 727 578 quae
745 534 771 568 in
788 535 808 571 S.
829 534 945 579 Scriptura
964 537 986 570 ei

142 587 247 630 antiquae
261 587 372 622 Ecclesiae
386 586 520 631 professione
535 586 580 620 tom
594 585 693 630 explicite
708 585 854 630 habebantur,
869 587 918 622 aliis
933 587 986 623 dein
1015 615 1016 618 ,

100 657 101 660 =
141 637 296 673 accedentibus
320 638 425 682 teretibus,
452 639 522 673 totum
546 637 611 673 huius
637 638 744 673 tractatus
771 636 896 683 aedificium
919 640 985 675 modo

119 721 121 724 ,
141 689 267 734 synthetico
283 691 408 724 construere
424 692 516 725 conatus
532 698 585 725 sum.
603 690 661 724 Haec
676 690 771 724 intentio
787 690 918 726 diuisionem
933 700 986 737 quo-

141 739 182 784 que
201 742 308 775 tractatus
325 741 409 776 direait.
429 741 464 776 Sic
483 751 499 776 e.
520 751 538 785 q.
556 750 602 775 non
620 750 668 777 cum
686 742 757 777 Pesch
775 742 869 786 aliisque
888 752 901 778 a
920 753 986 792 quae·
1032 757 1034 760 ¹

141 792 211 826 stione
232 792 362 836 specialiore
382 790 499 837 minusque
520 796 584 837 certa,
605 795 687 828 natura
708 794 753 828 scii.
775 795 860 837 qratiae
881 795 983 836 actualis,
1028 831 1030 834 f
1077 794 1102 823 ἶ

118 880 119 883 Ἰ
140 842 256 878 euordium
272 845 363 888 sumpsi,
382 845 420 879 sed
434 845 509 892 potius
527 855 540 880 a
555 841 684 880 necessitate
702 846 787 889 qratiae
806 847 905 890 qenerice
920 847 954 881 int
969 849 1013 882 l-w'

140 895 215 979 lle'dtqe’
228 896 297 981 ,ἰηιὲν
318 896 415 938 qratiam
436 896 574 932 habitualem
593 899 613 932 et
633 898 743 933 actualem
764 899 854 933 nonnisi
873 898 983 943 posterius
1027 905 1030 909 ‘

140 955 174 980 crs
185 955 270 990 inquere
284 955 303 982 o,

201 1019 256 1054 Cum
270 1021 311 1054 hac
324 1019 427 1054 methodo
441 1020 566 1064 spathetica
580 1019 681 1054 cohaeret
693 1018 777 1053 indoles
794 1017 902 1062 quaedam
916 1018 984 1053 histo·
1059 1045 1061 1048 .

139 1071 186 1105 rica
202 1071 246 1105 mci
269 1072 382 1106 tractatus.
408 1071 483 1114 Velim,
502 1073 527 1106 ut
543 1071 672 1115 quicumque
696 1070 753 1105 hunc
776 1069 857 1104 librum
873 1069 902 1104 ad
917 1068 986 1112 qinom
1012 1102 1014 1108 χ
1055 1070 1057 1072 ’

138 1130 208 1166 usque
221 1121 345 1165 perteperit
360 1123 469 1165 quantum
482 1131 521 1166 pro
536 1122 641 1157 hodierno
655 1122 715 1156 statu
728 1121 904 1164 inoestiqationis
917 1121 983 1156 histo-

138 1174 197 1208 ricae
214 1174 263 1218 fieri
279 1174 356 1218 potest,
376 1173 433 1208 clare
452 1174 578 1218 perspiciat,
599 1173 705 1217 quomodo
725 1173 834 1216 theoloqia
854 1172 878 1207 de
898 1172 981 1214 Gratia,

137 1225 192 1260 duce
207 1225 294 1269 Spiritu
308 1225 397 1267 Sancto,
413 1225 544 1269 inoiqilante
560 1225 670 1260 Ecclesiae
686 1225 820 1269 maqisterio,
836 1234 874 1269 per
889 1224 984 1268 tudetes-

137 1285 188 1312 sum
200 1277 298 1312 laborem
310 1277 404 1311 Patrum
416 1279 436 1311 et
449 1277 607 1321 theoloqorum
621 1278 650 1312 ad
662 1278 787 1322 depositum
799 1276 849 1321 (idei
861 1277 984 1312 humanam

122 1328 248 1363 ¹rationem
264 1337 313 1363 curn
329 1329 453 1363 reuerentia
470 1324 607 1364 scrutantem
623 1329 791 1374 applicantium,
807 1329 858 1364 inde
875 1329 901 1363 ab
918 1328 982 1364 initio

137 1389 206 1424 nsque
228 1380 257 1414 ad
278 1388 382 1424 praesens
410 1382 496 1424 tempus
524 1381 634 1426 paulatim
661 1381 749 1416 evoluta
770 1383 798 1416 sit
816 1383 838 1415 et
858 1380 983 1425 profecerit,¹

137 1432 209 1473 uelim,
224 1433 248 1466 ut
262 1440 286 1466 ec
298 1431 353 1466 libro
368 1431 458 1474 eluceat,
474 1432 523 1476 quis
536 1432 604 1476 tuerit
615 1432 684 1467 uariis
697 1433 808 1468 aetatibus
821 1434 893 1468 status
906 1432 989 1468 doctri-¹

107 1520 109 1523 f
135 1482 195 1518 realis
207 1483 288 1518 harum
300 1483 462 1527 quaestionum,
477 1492 533 1527 quae
543 1492 624 1518 causae
637 1491 778 1528 propressum
791 1484 824 1518 oei
837 1484 903 1518 ctiam
915 1485 997 1519 retar->

137 1534 251 1569 dationem
266 1534 383 1580 effecerint,
400 1534 453 1579 quid
469 1535 588 1570 debeamus
604 1536 645 1571 hac
660 1535 684 1569 in
698 1545 721 1570 re
737 1545 756 1569 o.
773 1544 792 1579 q,
809 1535 896 1579 maqnis
911 1536 984 1571 Patri-

137 1587 178 1621 bus
190 1585 281 1630 qraecis,
294 1587 314 1622 S.
328 1587 459 1630 Anqustino,
472 1588 493 1623 S.
509 1588 611 1629 Thomoe,
626 1587 718 1622 diuersis
729 1588 809 1633 scholis
823 1588 980 1630 theoloqorum

136 1638 328 1682 propulsatoribus
344 1639 530 1683 Protestantismi,
547 1639 688 1682 lansenismi
704 1639 867 1675 Rationalismi.
887 1641 914 1675 Ut
930 1641 983 1675 huic

136 1690 176 1733 pini
190 1690 331 1732 inserviatur,
346 1698 392 1724 non
406 1690 479 1725 solum
494 1693 623 1735 conspectus
639 1691 755 1737 historicos
771 1691 903 1726 sectionibus
920 1700 986 1735 prae.

136 1742 194 1784 misi,
212 1741 251 1776 sed
267 1742 334 1776 etiarn
348 1743 481 1784 arqumenta
496 1752 521 1777 er
535 1742 633 1787 tontibus
650 1751 714 1787 saepe
731 1744 781 1786 apte
798 1743 899 1778 ordinavi
917 1745 982 1787 atque
1010 1765 1013 1768 >

136 1793 357 1836 speciminisyqratia
374 1792 501 1827 historiam·
516 1793 582 1829 unius
608 1793 726 1829 alteriusve
754 1794 888 1838 quaestionis
908 1794 982 1838 fusius

138 1844 232 1878 tractavi
249 1844 275 1888 (o.
294 1852 312 1887 q.
329 1852 350 1878 n.
367 1843 477 1888 ils-229).

199 1917 262 1960 Quod
277 1917 366 1962 quidem
378 1926 416 1961 per
432 1926 454 1951 se
470 1919 537 1961 potet,
553 1916 577 1951 id
593 1917 667 1950 tamen
683 1915 790 1959 erpressis
805 1914 876 1949 uerbis
892 1922 981 1949 monere

138 1978 183 2004 non
198 1969 292 2014 piqebit:
308 1969 364 2003 Nolo
380 1968 627 2012 sinqulisarqumentis
643 1966 777 2010 eu'sinqulis
793 1966 890 2011 tontibus
906 1966 981 2001 allatis

139 2021 263 2056 adscribere
284 2021 329 2055 oim
350 2029 376 2055 eu
396 2029 418 2054 se
440 2019 493 2054 sotis
513 2019 592 2054 thesim
612 2019 759 2063 respectioam
779 2027 829 2053 cum
850 2018 981 2052 certitudine

138 2071 254 2117 probandi.
271 2072 305 2107 Sic
322 2080 416 2116 quaeest
430 2071 534 2107 Patribus
549 2072 679 2116 afferuntur,
696 2070 812 2115 aliquoties
829 2070 857 2105 ad
871 2070 895 2105 id
909 2070 982 2105 solum

138 2124 245 2168 spectant,
261 2125 285 2158 ut
299 2122 433 2165 ostendatur,
451 2132 507 2167 quae
522 2122 647 2158 testimonia
662 2132 686 2158 eu
700 2123 744 2157 ista
759 2124 830 2157 aetate
844 2123 868 2157 in
882 2122 982 2166 fauorem

137 2175 233 2218 alicuius
252 2175 318 2210 thesis
336 2175 424 2210 instent.
442 2174 485 2210 Sed
501 2175 530 2210 ad
545 2176 592 2209 veri
607 2175 704 2210 nominis
720 2174 847 2219 certumque
864 2182 982 2217 arqumen-

139 2229 185 2262 tum
199 2236 224 2262 er
239 2227 350 2268 Patribus,
367 2228 392 2261 ut
407 2227 509 2262 omnibus
525 2228 602 2262 noticm
617 2228 654 2269 est,
672 2226 793 2272 requiritur
809 2226 922 2262 unanimis
939 2227 981 2262 Pa-

138 2281 197 2313 trum
221 2286 346 2320 consensus,
367 2287 431 2323 quem
448 2279 472 2313 in
491 2279 566 2314 multis
590 2279 757 2324 quaestionibus
783 2278 910 2322 theolopicis
934 2287 981 2313 non

137 2332 214 2367 haberi
230 2331 288 2366 ultro
304 2330 420 2376 fatendum
438 2332 476 2375 est,
497 2332 546 2367 licet
564 2332 653 2367 eaedem
671 2333 810 2377 quaestiones
829 2332 919 2366 iuterim
935 2340 980 2366 sor-

138 2384 190 2420 titae
203 2385 248 2420 sint
260 2387 342 2420 certam
355 2384 487 2419 solutionem
501 2386 527 2420 ab
539 2385 641 2420 omnibus
656 2385 763 2429 theotopis
776 2384 868 2429 ipsaque
881 2380 980 2418 Ecclesia

135 2439 242 2482 apuliam.
259 2437 366 2473 Prudenti
380 2438 454 2483 itaque
470 2439 556 2473 lectoris
571 2437 653 2473 iudicio
668 2438 833 2473 aestimandum
848 2437 894 2478 erit,
912 2445 980 2481 quan-

136 2493 183 2526 tum
200 2492 284 2526 roboris
302 2491 392 2535 sinqula
410 2500 463 2526 suae
482 2491 537 2526 thesi
555 2490 640 2526 addant
657 2491 795 2534 arqumenta.

195 2568 257 2603 Sicut
273 2567 398 2611 qeneralem
414 2556 522 2601 tractatus
538 2563 685 2599 evolutionem
701 2560 831 2595 historicam
846 2558 979 2594 adumbrare
1002 2580 1004 2582 -

134 2620 216 2663 studui,
233 2620 266 2655 ita
280 2617 346 2654 eliam
361 2620 396 2653 sat
410 2619 537 2663 frequenter
552 2617 644 2651 conatus
661 2622 711 2648 sum
724 2612 844 2654 ostendere,
862 2621 916 2656 quas
933 2621 980 2647 eoo-

134 2674 235 2716 lutiones,
252 2682 306 2717 quas
321 2672 389 2707 etiam
402 2671 537 2706 mutationes
551 2667 661 2703 nonnulla
677 2665 814 2711 problemata
829 2665 919 2700 maioris
935 2674 980 2700 mo·

132 2727 202 2761 merui
226 2726 251 2760 in
274 2727 346 2760 mente
371 2724 466 2759 duorum
491 2722 673 2767 coryphaeorum,
699 2718 736 2754 SS.
758 2718 802 2753 scil.
820 2718 938 2762 Auqustini
959 2721 992 2753 et>

134 2780 237 2820 Thomae‚
255 2779 279 2812 in
295 2778 391 2829 decursu
404 2778 462 2812 uitae
478 2776 579 2819 ipsorum
595 2771 709 2807 subierint,

194 2849 298 2883 Attamen
320 2855 366 2882 non
390 2845 491 2880 obstante
517 2840 641 2887 spnthetica
663 2822 810 2884 historiaeque
837 2841 901 2876 huius
928 2840 980 2875 libri

132 2901 207 2936 indole
227 2901 356 2935 methodum
377 2896 534 2933 scholasticam
554 2895 579 2928 in
599 2892 736 2936 penetranda
756 2894 855 2936 neoterio,
877 2895 890 2929 i
915 2903 931 2929 e.
954 2894 981 2927 in

132 2953 278 2998 euplicatiorze
296 2953 442 2995 conceptuum
460 2951 481 2983 et
498 2946 656 2991 definitionum
675 2946 821 2982 inrationali
838 2948 981 2991 arqumenta-
1038 2970 1040 2973 -
1078 2974 1080 2976 .
