2214 3350
335 193 412 229 Thesis
425 191 455 228 20.
472 188 573 226 Libertas
588 187 685 224 hominis
699 187 758 234 lapsi
932 185 969 222 423

125 290 181 340 552.
216 299 243 341 V.
259 299 337 347 Ratio.
354 304 373 341 1.
386 299 523 350 Rationes
536 295 726 346 theologicae:
745 296 766 347 a)
782 295 846 336 Deus
860 295 968 345 impossi-

124 362 185 403 bilia
198 374 246 403 non
260 364 327 405 iubet
341 375 383 404 neo
399 361 492 411 deserit,
510 361 557 401 nisi
573 359 696 400 deseratur
712 359 750 411 (ei.
768 359 801 400 th.
818 362 831 400 6
847 359 887 417 ll).
904 359 969 399 Deus

123 425 178 466 vult
188 436 271 466 omnes
282 426 391 468 homines
403 425 481 467 salros
492 423 554 473 fieri,
570 423 593 464 et
606 421 714 464 Christus
724 432 767 472 pro
781 421 893 462 omnibus
906 432 968 461 mor-

67 490 71 495 *
124 488 181 528 tuus
198 488 233 529 est
251 490 290 541 (ei.
312 490 343 530 th.
362 490 407 541 25).
432 490 494 540 Ergo
513 488 577 527 salus
595 485 631 527 est
653 486 680 525 ia
704 490 818 536 potestate
842 484 969 524 hominum

122 552 233 592 omnium
248 552 271 593 et
286 540 389 593 maritae
405 552 530 592 iustarum.
545 550 593 590 Aut
608 549 698 589 habent
712 548 755 588 aut
768 547 814 587 sihi
830 557 968 597 comparare

124 614 224 665 possunt
240 615 330 656 auxilia
346 627 400 656 rere
417 615 441 655 et
457 613 566 665 proxime
585 610 731 652 sufficientia.
751 610 814 668 Haeo
831 610 922 651 auxilia
939 621 969 650 ex
1043 607 1045 610 ’

122 676 195 728 eulpa
206 677 313 719 humana
327 689 395 728 saepe
409 677 496 719 effectu
511 675 621 717 frustrari
636 673 782 726 experientia
797 672 928 715 muliorum
942 672 969 713 in

124 740 218 791 peccata
234 741 316 791 gravia
328 740 461 791 labentium
475 738 585 781 ostendit.
602 764 634 770 »-
649 739 673 790 b)
691 736 846 779 Providentia
860 736 903 777 Dei
919 748 969 777 nort

124 803 255 854 corrumpit
270 810 382 844 ueterani
397 815 485 852 rerum,
503 802 684 843 sedeonserrat
701 802 803 854 (Tarm,
822 801 848 841 S,
865 800 898 841 th.
917 803 937 848 t,
955 803 969 841 2

123 864 147 917 q'.
167 869 193 907 10
210 878 232 907 a.
250 867 283 918 4).
303 866 382 907 Gratia
400 877 448 907 non
465 865 567 907 destruit
583 865 702 913 naturam,
723 864 764 905 sed
782 862 866 905 elevat.
890 864 968 912 Quare

123 929 200 979 gratia
211 929 283 971 etiam
296 928 376 970 effioax
388 929 521 977 naturalem
533 929 724 979 indifferentiam
736 927 825 968 liberae
838 927 968 968 voluntatis

123 991 238 1043 relinquit
252 992 372 1032 intactam.

191 1088 212 1124 2.
230 1084 317 1125 Contra
338 1083 480 1124 ohieotiones
501 1085 689 1123 temeraturum
710 1082 800 1134 gratiae
822 1094 882 1134 pure
905 1081 967 1123 suffi-

124 1146 196 1187 cienti
219 1146 356 1187 vindicatur
375 1146 435 1187 ratio
457 1147 519 1186 veri
541 1143 682 1187 heneiieii
707 1146 747 1197 (ei.
770 1147 846 1187 litare.
870 1157 906 1196 pr.
931 1146 967 1194 17;

53 1212 55 1218 ’
103 1209 184 1250 aaa·
197 1209 230 1249 tn.
246 1212 282 1258 aa
297 1209 349 1249 aa.
365 1220 390 1249 n.
406 1208 537 1259 iae-474).

193 1302 214 1352 a)
232 1301 275 1341 Est
290 1300 435 1341 heneficium
457 1298 617 1340 materiale.
641 1300 677 1339 De
698 1311 723 1338 se
745 1299 810 1339 enirn
827 1299 863 1339 est
877 1299 969 1339 donum
1028 1290 1029 1293 ’

122 1363 265 1412 indebitum,
284 1363 381 1414 propter
398 1362 486 1403 Christi
503 1363 588 1403 merita
606 1361 726 1411 collatum,
745 1362 870 1402 conferens
885 1372 968 1402 veram

123 1426 257 1479 potentiam¹
273 1425 407 1467 salutariter
423 1426 509 1477 agendi
528 1426 551 1466 et
568 1424 642 1467 vitam
659 1425 780 1466 aeternam
798 1424 966 1476 oonsequendi.

123 1489 191 1538 Quod
201 1501 230 1528 err
239 1479 315 1529 abusu
324 1488 454 1529 voluntatis
461 1490 581 1529 humanae
592 1487 679 1529 effectu
689 1489 759 1536 earet,
771 1487 888 1529 rationem
898 1488 968 1529 bene-

1 1539 4 1555 }
66 1566 69 1570 ¹
123 1552 174 1592 iieii
190 1552 321 1593 materialis
338 1563 393 1593 sane
411 1563 458 1592 noa
476 1552 545 1600 tollit
564 1563 622 1592 nani
638 1551 739 1593 materia
756 1551 842 1592 idonea
855 1552 968 1593 beneficii

122 1615 237 1665 pensetur
251 1626 280 1654 err
293 1615 386 1654 iuterna
400 1614 487 1663 valore,
503 1626 551 1654 non
565 1626 594 1655 ex
608 1614 696 1665 aliquo,
712 1615 776 1665 quod
791 1615 820 1656 ab
836 1615 967 1656 extrinseco

122 1690 166 1730 per
179 1679 281 1720 abusum
294 1678 430 1729 recipientis
441 1677 587 1729 adiungitur.
602 1696 612 1714 a
620 1678 666 1727 Qui
680 1678 771 1718 exsistit
784 1678 809 1718 in
824 1678 900 1727 fovea,
915 1689 967 1729 gra-

123 1741 169 1782 tias
181 1741 251 1782 dehet
262 1752 361 1782 inanum
373 1740 491 1789 offerenti,
505 1741 533 1782 ut
544 1740 689 1789 extrahatur,
703 1741 814 1792 quamvis
827 1741 888 1783 nolit
899 1741 967 1781 illam
997 1755 1000 1758 ⁴

123 1805 302 1855 apprehendere
317 1805 340 1845 et
354 1804 445 1845 extrahi
461 1804 491 1844 oh
507 1804 643 1844 desidiam»
664 1804 747 1855 [litera.
764 1816 788 1844 n.
806 1805 865 1855 528).
882 1806 966 1845 Missio

123 1867 287 1917 Redemptoris
299 1879 342 1917 pro
354 1867 467 1907 omnibus
481 1866 620 1907 hominibus
633 1867 669 1908 est
681 1877 797 1917 magnum
811 1867 965 1915 heneficium,

84 1942 91 1962 r
123 1930 178 1971 lieet
193 1931 285 1981 positus
303 1930 333 1970 sit
350 1930 375 1969 in
390 1929 485 1970 ruinam
502 1928 634 1970 multorum
655 1930 693 1981 (Le
712 1933 732 1979 2,
751 1930 796 1980 34).
816 1930 967 1971 Eucharistia

122 2004 238 2044 magnum
255 1992 290 2033 est
306 1992 458 2042 beneficium,
478 1992 520 2033 etsi
536 1993 607 2033 multi
625 1993 670 2034 sihi
687 1994 833 2035 manducent
849 1993 967 2035 iudicium

125 2057 145 2108 (1
163 2057 208 2097 Gor
221 2058 254 2105 li,
271 2055 316 2107 29).

191 2145 215 2196 h)
232 2144 311 2185 Etiam
325 2144 360 2185 est
373 2144 518 2185 heneficium
534 2144 664 2193 formale,
681 2144 696 2184 i.
713 2156 732 2186 e.
750 2145 833 2185 datum
849 2157 876 2185 ea
891 2146 967 2186 tatere

121 2207 184 2247 tinae
201 2207 374 2249 benefaciendi.
403 2207 427 2258 a)
453 2207 479 2248 Si
503 2206 650 2248 abstrahitur
667 2218 680 2248 a
698 2205 846 2258 praevisione
870 2208 967 2257 abusus,

122 2270 244 2311 decretum
257 2271 300 2311 Dei
313 2270 449 2311 eonferendi
465 2269 568 2321 gratiam
582 2270 737 2312 sufficientem
750 2271 858 2322 procedit
873 2282 901 2312 ea
915 2273 968 2312 urii-

122 2333 209 2374 oersuli
222 2334 343 2373 voluntate
358 2334 472 2384 satutare,
488 2333 654 2375 condicionata
666 2335 770 2386 quidem,
787 2334 892 2375 attamen
907 2334 969 2375 seria

121 2396 147 2436 et
160 2396 251 2437 sincera
268 2397 298 2447 (v.
314 2408 337 2436 n.
354 2399 394 2437 636
408 2398 447 2437 649
462 2399 502 2437 did
517 2397 576 2448 676).
590 2423 623 2428 -—
642 2397 665 2451 β)
680 2397 800 2438 Praevisio
816 2399 904 2438 abrasus
920 2408 969 2438 non

123 2459 201 2500 mutat
215 2460 327 2500 naturam
341 2459 413 2499 huius
430 2459 494 2499 doni.
518 2461 583 2500 Deus
605 2460 707 2511 gratiam
729 2472 789 2511 pure
814 2460 968 2502 sufficientem

122 2533 172 2561 riou
187 2523 291 2562 studiose
309 2521 380 2572 eapti,
399 2522 455 2572 quta
472 2534 525 2563 earn
542 2523 665 2574 praevidet
681 2522 810 2565 carituram
827 2523 916 2565 eiieotu
936 2525 966 2576 (v.

123 2598 147 2626 n.
165 2587 223 2638 653),
243 2587 283 2627 sed
300 2586 379 2637 potius
395 2597 447 2626 earn
465 2586 571 2628 decernit
586 2587 651 2636 dare,
669 2587 725 2637 quia
742 2586 834 2627 ooniert
850 2587 968 2627 auxilium

122 2660 177 2689 vere
192 2649 310 2689 sufficiens
321 2648 343 2689 et
356 2649 465 2700 quamuis
479 2649 561 2690 futura
576 2650 606 2690 sit
620 2651 670 2690 sine
685 2660 800 2690 consensu
816 2649 922 2690 salutari.
938 2675 969 2681 —

122 2714 169 2763 Qui
180 2714 290 2764 praevisa
300 2711 471 2764 ingratitudine
482 2713 620 2764 accipientis
630 2725 677 2754 non
690 2713 781 2754 desistit
793 2726 807 2754 a
818 2714 969 2754 conterendis

122 2776 254 2824 benefieiis,
270 2774 407 2816 manifestat
420 2774 529 2815 animum
544 2775 676 2816 formaliter
689 2776 840 2817 benevolum.
854 2802 886 2808 -
900 2777 968 2826 Quod

123 2839 187 2880 Deus
210 2840 261 2879 loeo
285 2838 374 2889 gratiae
397 2837 519 2888 praevisae
537 2851 585 2890 qua
600 2838 726 2880 inefficacis
741 2850 789 2880 non
808 2839 968 2891 deigratiam

122 2901 249 2949 efficacem,
266 2902 310 2942 hoo
326 2901 411 2952 prohat
425 2900 523 2950 quidem
539 2912 592 2941 eum
609 2902 672 2942 nolle
690 2903 796 2953 conferre
812 2905 891 2943 maias
907 2904 968 2943 illud

124 2962 270 3014 beneficium
284 2963 422 3016 gratuitum,
439 2963 468 3003 de
483 2975 530 3014 quo
547 2964 572 3004 in
588 2965 621 3005 th.
639 2977 713 3016 sequ,
728 2966 777 3007 sive
791 2966 877 3017 probat
891 2966 969 3006 Deum
