<?xml version="1.0" encoding="UTF-8"?>
<!DOCTYPE html PUBLIC "-//W3C//DTD XHTML 1.0 Transitional//EN"
    "http://www.w3.org/TR/xhtml1/DTD/xhtml1-transitional.dtd">
<html xmlns="http://www.w3.org/1999/xhtml" xml:lang="en" lang="en">
 <head>
  <title>
</title>
<meta http-equiv="Content-Type" content="text/html;charset=utf-8" />
  <meta name='ocr-system' content='tesseract 3.04.00' />
  <meta name='ocr-capabilities' content='ocr_page ocr_carea ocr_par ocr_line ocrx_word'/>
</head>
<body>
  <div class='ocr_page' id='page_1' title='image "./MN41637ucmf_2_0402.png"; bbox 0 0 2214 3350; ppageno 0'>
   <div class='ocr_carea' id='block_1_1' title="bbox 200 213 894 271">
    <p class='ocr_par' dir='ltr' id='par_1_1' title="bbox 200 213 894 271">
     <span class='ocr_line' id='line_1_1' title="bbox 200 213 894 271; baseline -0.004 -16"><span class='ocrx_word' id='word_1_1' title='bbox 200 218 237 255; x_wconf 79' lang='lat'>368</span> <span class='ocrx_word' id='word_1_2' title='bbox 393 218 447 255; x_wconf 84' lang='lat' dir='ltr'>Sect.</span> <span class='ocrx_word' id='word_1_3' title='bbox 466 219 501 254; x_wconf 85' lang='lat' dir='ltr'>IV.</span> <span class='ocrx_word' id='word_1_4' title='bbox 518 220 549 254; x_wconf 86' lang='lat' dir='ltr'>De</span> <span class='ocrx_word' id='word_1_5' title='bbox 565 217 648 253; x_wconf 83' lang='lat' dir='ltr'>natura</span> <span class='ocrx_word' id='word_1_6' title='bbox 663 216 749 260; x_wconf 83' lang='lat' dir='ltr'>gratiae</span> <span class='ocrx_word' id='word_1_7' title='bbox 766 215 867 271; x_wconf 84' lang='lat' dir='ltr'>actualis</span> <span class='ocrx_word' id='word_1_8' title='bbox 893 213 894 216; x_wconf 71' lang='grc'>’</span> 
     </span>
    </p>
   </div>
   <div class='ocr_carea' id='block_1_2' title="bbox 200 323 1051 1809">
    <p class='ocr_par' dir='ltr' id='par_1_2' title="bbox 200 323 1051 1809">
     <span class='ocr_line' id='line_1_2' title="bbox 202 323 1049 377; baseline -0.004 -10"><span class='ocrx_word' id='word_1_9' title='bbox 202 328 246 367; x_wconf 84' lang='lat' dir='ltr'>Dei</span> <span class='ocrx_word' id='word_1_10' title='bbox 263 326 388 376; x_wconf 77' lang='lat' dir='ltr'>moveatis,</span> <span class='ocrx_word' id='word_1_11' title='bbox 408 327 482 367; x_wconf 82' lang='lat' dir='ltr'>matio</span> <span class='ocrx_word' id='word_1_12' title='bbox 500 327 610 377; x_wconf 68' lang='lat' dir='ltr'>gratuita,</span> <span class='ocrx_word' id='word_1_13' title='bbox 629 325 758 376; x_wconf 69' lang='lat' dir='ltr'><em>influentia</em></span> <span class='ocrx_word' id='word_1_14' title='bbox 777 323 886 375; x_wconf 80' lang='lat' dir='ltr'>specialis</span> <span class='ocrx_word' id='word_1_15' title='bbox 906 324 957 372; x_wconf 78' lang='lat' dir='ltr'>etc,</span> <span class='ocrx_word' id='word_1_16' title='bbox 978 324 1049 374; x_wconf 88' lang='lat' dir='ltr'>atque</span> 
     </span>
     <span class='ocr_line' id='line_1_3' title="bbox 202 386 1049 440; baseline -0.006 -10"><span class='ocrx_word' id='word_1_17' title='bbox 202 401 230 430; x_wconf 87' lang='grc'>55</span> <span class='ocrx_word' id='word_1_18' title='bbox 240 389 338 438; x_wconf 78' lang='lat' dir='ltr'>auxilia,</span> <span class='ocrx_word' id='word_1_19' title='bbox 352 401 412 440; x_wconf 91' lang='lat' dir='ltr'>quac</span> <span class='ocrx_word' id='word_1_20' title='bbox 424 388 619 430; x_wconf 80' lang='lat' dir='ltr'>iustificationem</span> <span class='ocrx_word' id='word_1_21' title='bbox 630 386 783 438; x_wconf 87' lang='lat' dir='ltr'>praecedunt,</span> <span class='ocrx_word' id='word_1_22' title='bbox 796 387 876 437; x_wconf 90' lang='lat' dir='ltr'>potius</span> <span class='ocrx_word' id='word_1_23' title='bbox 887 386 949 428; x_wconf 86' lang='lat' dir='ltr'>inter</span> <span class='ocrx_word' id='word_1_24' title='bbox 960 386 1049 438; x_wconf 87' lang='lat' dir='ltr'>gratias</span> 
     </span>
     <span class='ocr_line' id='line_1_4' title="bbox 201 450 1049 503; baseline -0.002 -12"><span class='ocrx_word' id='word_1_25' title='bbox 201 453 276 503; x_wconf 77' lang='lat' dir='ltr'>pratis</span> <span class='ocrx_word' id='word_1_26' title='bbox 290 453 357 493; x_wconf 81' lang='lat' dir='ltr'>datas</span> <span class='ocrx_word' id='word_1_27' title='bbox 371 452 529 493; x_wconf 68' lang='lat' dir='ltr'><strong>numerantur</strong></span> <span class='ocrx_word' id='word_1_28' title='bbox 544 451 584 503; x_wconf 84' lang='lat' dir='ltr'>(cf.</span> <span class='ocrx_word' id='word_1_29' title='bbox 598 450 721 491; x_wconf 84' lang='lat' dir='ltr'>Schecben</span> <span class='ocrx_word' id='word_1_30' title='bbox 734 461 758 490; x_wconf 89' lang='lat' dir='ltr'>n.</span> <span class='ocrx_word' id='word_1_31' title='bbox 773 451 809 498; x_wconf 79' lang='lat'>413</span> <span class='ocrx_word' id='word_1_32' title='bbox 822 450 916 501; x_wconf 72' lang='lat' dir='ltr'>Deaiflc</span> <span class='ocrx_word' id='word_1_33' title='bbox 931 450 957 489; x_wconf 73' lang='lat'>1²</span> <span class='ocrx_word' id='word_1_34' title='bbox 969 461 993 500; x_wconf 69' lang='lat' dir='ltr'>pv</span> <span class='ocrx_word' id='word_1_35' title='bbox 1008 451 1049 490; x_wconf 84' lang='grc'>586</span> 
     </span>
     <span class='ocr_line' id='line_1_5' title="bbox 201 512 1049 566; baseline -0.004 -11"><span class='ocrx_word' id='word_1_36' title='bbox 201 515 250 556; x_wconf 87' lang='lat' dir='ltr'>not.</span> <span class='ocrx_word' id='word_1_37' title='bbox 267 515 299 566; x_wconf 84' lang='lat'>3).</span> <span class='ocrx_word' id='word_1_38' title='bbox 323 515 489 556; x_wconf 88' lang='lat' dir='ltr'>Nominales</span> <span class='ocrx_word' id='word_1_39' title='bbox 504 514 527 555; x_wconf 89' lang='grc'>51</span> <span class='ocrx_word' id='word_1_40' title='bbox 542 513 596 564; x_wconf 88' lang='lat' dir='ltr'>post</span> <span class='ocrx_word' id='word_1_41' title='bbox 611 524 652 553; x_wconf 88' lang='lat' dir='ltr'>eos</span> <span class='ocrx_word' id='word_1_42' title='bbox 673 513 830 553; x_wconf 85' lang='lat' dir='ltr'>Novatores</span> <span class='ocrx_word' id='word_1_43' title='bbox 851 512 942 553; x_wconf 87' lang='lat' dir='ltr'>rectum</span> <span class='ocrx_word' id='word_1_44' title='bbox 959 512 1049 563; x_wconf 85' lang='lat' dir='ltr'>gratiae</span> 
     </span>
     <span class='ocr_line' id='line_1_6' title="bbox 202 575 1047 629; baseline -0.005 -11"><span class='ocrx_word' id='word_1_45' title='bbox 202 578 303 619; x_wconf 88' lang='lat' dir='ltr'>actualis</span> <span class='ocrx_word' id='word_1_46' title='bbox 319 578 459 629; x_wconf 85' lang='lat' dir='ltr'>conceptum</span> <span class='ocrx_word' id='word_1_47' title='bbox 476 588 523 617; x_wconf 91' lang='lat' dir='ltr'>non</span> <span class='ocrx_word' id='word_1_48' title='bbox 539 576 676 617; x_wconf 84' lang='lat' dir='ltr'>habuerunt</span> <span class='ocrx_word' id='word_1_49' title='bbox 693 575 797 628; x_wconf 69' lang='lat' dir='ltr'>(Desiste</span> <span class='ocrx_word' id='word_1_50' title='bbox 813 577 896 626; x_wconf 78' lang='grc'><strong>5.,577</strong></span> <span class='ocrx_word' id='word_1_51' title='bbox 903 586 927 616; x_wconf 88' lang='grc'>55</span> <span class='ocrx_word' id='word_1_52' title='bbox 942 577 984 617; x_wconf 84' lang='grc'>586</span> <span class='ocrx_word' id='word_1_53' title='bbox 991 575 1047 626; x_wconf 66' lang='grc'><strong>5511.</strong></span> 
     </span>
     <span class='ocr_line' id='line_1_7' title="bbox 202 638 1049 690; baseline -0.002 -9"><span class='ocrx_word' id='word_1_54' title='bbox 202 665 233 672; x_wconf 78' lang='lat'><strong>-</strong></span> <span class='ocrx_word' id='word_1_55' title='bbox 243 640 406 683; x_wconf 72' lang='lat' dir='ltr'>&#39;tridentinum</span> <span class='ocrx_word' id='word_1_56' title='bbox 418 639 549 681; x_wconf 87' lang='lat' dir='ltr'>secundum</span> <span class='ocrx_word' id='word_1_57' title='bbox 560 651 610 680; x_wconf 89' lang='lat' dir='ltr'>rem</span> <span class='ocrx_word' id='word_1_58' title='bbox 621 639 683 680; x_wconf 86' lang='lat' dir='ltr'>clare</span> <span class='ocrx_word' id='word_1_59' title='bbox 695 638 809 680; x_wconf 74' lang='lat' dir='ltr'>describit</span> <span class='ocrx_word' id='word_1_60' title='bbox 819 639 921 690; x_wconf 85' lang='lat' dir='ltr'>gratiam</span> <span class='ocrx_word' id='word_1_61' title='bbox 932 638 1049 679; x_wconf 88' lang='lat' dir='ltr'>actualem</span> 
     </span>
     <span class='ocr_line' id='line_1_8' title="bbox 205 700 1049 755; baseline -0.006 -11"><span class='ocrx_word' id='word_1_62' title='bbox 205 704 233 755; x_wconf 86' lang='lat' dir='ltr'>(s.</span> <span class='ocrx_word' id='word_1_63' title='bbox 248 707 261 744; x_wconf 84' lang='grc'><strong>6</strong></span> <span class='ocrx_word' id='word_1_64' title='bbox 275 715 326 755; x_wconf 84' lang='lat' dir='ltr'>cap.</span> <span class='ocrx_word' id='word_1_65' title='bbox 342 704 392 744; x_wconf 80' lang='grc'>551</span> <span class='ocrx_word' id='word_1_66' title='bbox 404 707 425 751; x_wconf 77' lang='grc'>11;</span> <span class='ocrx_word' id='word_1_67' title='bbox 441 714 459 743; x_wconf 90' lang='lat' dir='ltr'>s.</span> <span class='ocrx_word' id='word_1_68' title='bbox 475 705 501 743; x_wconf 98' lang='grc'>14</span> <span class='ocrx_word' id='word_1_69' title='bbox 515 713 567 753; x_wconf 89' lang='lat' dir='ltr'>cap.</span> <span class='ocrx_word' id='word_1_70' title='bbox 581 702 613 752; x_wconf 88' lang='grc'>4);</span> <span class='ocrx_word' id='word_1_71' title='bbox 629 702 655 742; x_wconf 84' lang='grc'>15</span> <span class='ocrx_word' id='word_1_72' title='bbox 669 702 776 742; x_wconf 89' lang='lat' dir='ltr'>eiusdem</span> <span class='ocrx_word' id='word_1_73' title='bbox 791 700 864 741; x_wconf 89' lang='lat' dir='ltr'>actis</span> <span class='ocrx_word' id='word_1_74' title='bbox 878 701 962 742; x_wconf 90' lang='lat' dir='ltr'>saltem</span> <span class='ocrx_word' id='word_1_75' title='bbox 977 701 1049 742; x_wconf 88' lang='lat' dir='ltr'>semel</span> 
     </span>
     <span class='ocr_line' id='line_1_9' title="bbox 201 764 1049 817; baseline -0.002 -11"><span class='ocrx_word' id='word_1_76' title='bbox 201 766 306 807; x_wconf 89' lang='lat' dir='ltr'>occurrit</span> <span class='ocrx_word' id='word_1_77' title='bbox 319 767 436 808; x_wconf 87' lang='lat' dir='ltr'>terminus</span> <span class='ocrx_word' id='word_1_78' title='bbox 452 765 534 817; x_wconf 80' lang='lat' dir='ltr'>(Ehses</span> <span class='ocrx_word' id='word_1_79' title='bbox 548 765 569 806; x_wconf 87' lang='lat' dir='ltr'>V</span> <span class='ocrx_word' id='word_1_80' title='bbox 583 767 631 813; x_wconf 91' lang='grc'><strong>434,</strong></span> <span class='ocrx_word' id='word_1_81' title='bbox 646 767 681 812; x_wconf 87' lang='grc'>44;</span> <span class='ocrx_word' id='word_1_82' title='bbox 697 765 727 805; x_wconf 85' lang='grc'>51.</span> <span class='ocrx_word' id='word_1_83' title='bbox 744 775 818 814; x_wconf 90' lang='lat' dir='ltr'>supra</span> <span class='ocrx_word' id='word_1_84' title='bbox 832 775 854 804; x_wconf 69' lang='grc'>5,</span> <span class='ocrx_word' id='word_1_85' title='bbox 871 764 930 815; x_wconf 84' lang='grc'><strong>376),</strong></span> <span class='ocrx_word' id='word_1_86' title='bbox 946 764 1049 815; x_wconf 74' lang='grc'><strong>55111115-</strong></span> 
     </span>
     <span class='ocr_line' id='line_1_10' title="bbox 202 826 1051 880; baseline -0.002 -11"><span class='ocrx_word' id='word_1_87' title='bbox 202 840 305 880; x_wconf 86' lang='lat' dir='ltr'>rumque</span> <span class='ocrx_word' id='word_1_88' title='bbox 323 829 405 869; x_wconf 91' lang='lat' dir='ltr'>Patres</span> <span class='ocrx_word' id='word_1_89' title='bbox 422 829 445 870; x_wconf 90' lang='lat' dir='ltr'>et</span> <span class='ocrx_word' id='word_1_90' title='bbox 461 827 565 879; x_wconf 75' lang='lat' dir='ltr'>theologi</span> <span class='ocrx_word' id='word_1_91' title='bbox 590 826 689 868; x_wconf 84' lang='lat' dir='ltr'>Concilii</span> <span class='ocrx_word' id='word_1_92' title='bbox 713 827 768 868; x_wconf 89' lang='lat' dir='ltr'>aliis</span> <span class='ocrx_word' id='word_1_93' title='bbox 792 826 932 867; x_wconf 89' lang='lat' dir='ltr'>nominibus</span> <span class='ocrx_word' id='word_1_94' title='bbox 948 826 1051 867; x_wconf 86' lang='lat' dir='ltr'>utuntur</span> 
     </span>
     <span class='ocr_line' id='line_1_11' title="bbox 205 889 1050 943; baseline -0.002 -11"><span class='ocrx_word' id='word_1_95' title='bbox 205 893 235 943; x_wconf 89' lang='lat' dir='ltr'>(v.</span> <span class='ocrx_word' id='word_1_96' title='bbox 250 892 415 940; x_wconf 81' lang='lat' dir='ltr'>Hiinermann,</span> <span class='ocrx_word' id='word_1_97' title='bbox 428 892 517 932; x_wconf 88' lang='lat' dir='ltr'>Wesen</span> <span class='ocrx_word' id='word_1_98' title='bbox 530 902 554 930; x_wconf 91' lang='lat' dir='ltr'>u.</span> <span class='ocrx_word' id='word_1_99' title='bbox 570 889 763 941; x_wconf 81' lang='lat' dir='ltr'>Notwendigkeit</span> <span class='ocrx_word' id='word_1_100' title='bbox 776 892 820 931; x_wconf 91' lang='lat' dir='ltr'>der</span> <span class='ocrx_word' id='word_1_101' title='bbox 833 889 952 931; x_wconf 79' lang='grc'><strong>5111551155</strong></span> <span class='ocrx_word' id='word_1_102' title='bbox 969 891 1050 931; x_wconf 84' lang='lat' dir='ltr'>Gnade</span> 
     </span>
     <span class='ocr_line' id='line_1_12' title="bbox 202 952 1050 1011; baseline -0.002 -17"><span class='ocrx_word' id='word_1_103' title='bbox 202 955 264 995; x_wconf 90' lang='lat' dir='ltr'>nach</span> <span class='ocrx_word' id='word_1_104' title='bbox 279 955 334 995; x_wconf 90' lang='lat' dir='ltr'>dem</span> <span class='ocrx_word' id='word_1_105' title='bbox 348 954 433 994; x_wconf 86' lang='lat' dir='ltr'>Konzil</span> <span class='ocrx_word' id='word_1_106' title='bbox 446 966 469 994; x_wconf 90' lang='grc'>5.</span> <span class='ocrx_word' id='word_1_107' title='bbox 486 952 569 993; x_wconf 76' lang='lat' dir='ltr'>Trient</span> <span class='ocrx_word' id='word_1_108' title='bbox 582 953 729 1011; x_wconf 78' lang='lat' dir='ltr'>[Paderborn</span> <span class='ocrx_word' id='word_1_109' title='bbox 744 954 808 1011; x_wconf 80' lang='lat'>1926]</span> <span class='ocrx_word' id='word_1_110' title='bbox 823 953 972 1004; x_wconf 66' lang='grc'><strong>7551-15</strong></span> <span class='ocrx_word' id='word_1_111' title='bbox 987 964 1050 994; x_wconf 89' lang='lat' dir='ltr'>con-</span> 
     </span>
     <span class='ocr_line' id='line_1_13' title="bbox 202 1015 1050 1067; baseline -0.002 -10"><span class='ocrx_word' id='word_1_112' title='bbox 202 1016 353 1057; x_wconf 86' lang='lat' dir='ltr'>troversiis</span> <span class='ocrx_word' id='word_1_113' title='bbox 369 1018 397 1057; x_wconf 91' lang='lat' dir='ltr'>de</span> <span class='ocrx_word' id='word_1_114' title='bbox 411 1015 489 1067; x_wconf 86' lang='lat' dir='ltr'>gratia</span> <span class='ocrx_word' id='word_1_115' title='bbox 503 1016 639 1067; x_wconf 64' lang='lat' dir='ltr'>sufficiente</span> <span class='ocrx_word' id='word_1_116' title='bbox 654 1021 676 1055; x_wconf 84' lang='lat' dir='ltr'>et</span> <span class='ocrx_word' id='word_1_117' title='bbox 691 1015 792 1066; x_wconf 68' lang='lat' dir='ltr'>efficaci,</span> <span class='ocrx_word' id='word_1_118' title='bbox 809 1026 869 1066; x_wconf 82' lang='lat' dir='ltr'>quae</span> <span class='ocrx_word' id='word_1_119' title='bbox 883 1016 937 1065; x_wconf 87' lang='lat' dir='ltr'>post</span> <span class='ocrx_word' id='word_1_120' title='bbox 951 1015 1050 1056; x_wconf 83' lang='lat' dir='ltr'>Triden-</span> 
     </span>
     <span class='ocr_line' id='line_1_14' title="bbox 201 1078 1051 1129; baseline 0 -11"><span class='ocrx_word' id='word_1_121' title='bbox 201 1079 281 1119; x_wconf 88' lang='lat' dir='ltr'>tinum</span> <span class='ocrx_word' id='word_1_122' title='bbox 303 1080 386 1120; x_wconf 87' lang='lat' dir='ltr'>contra</span> <span class='ocrx_word' id='word_1_123' title='bbox 406 1079 529 1119; x_wconf 87' lang='lat' dir='ltr'>Baianos</span> <span class='ocrx_word' id='word_1_124' title='bbox 551 1079 574 1129; x_wconf 88' lang='lat' dir='ltr'>et</span> <span class='ocrx_word' id='word_1_125' title='bbox 590 1078 773 1119; x_wconf 74' lang='lat' dir='ltr'>vlansenistas</span> <span class='ocrx_word' id='word_1_126' title='bbox 795 1078 818 1119; x_wconf 90' lang='grc'>51</span> <span class='ocrx_word' id='word_1_127' title='bbox 839 1078 915 1118; x_wconf 87' lang='grc'><strong>15151</strong></span> <span class='ocrx_word' id='word_1_128' title='bbox 937 1078 1051 1119; x_wconf 87' lang='lat' dir='ltr'>scholas</span> 
     </span>
     <span class='ocr_line' id='line_1_15' title="bbox 202 1139 1050 1199; baseline -0.002 -17"><span class='ocrx_word' id='word_1_129' title='bbox 202 1141 362 1183; x_wconf 87' lang='lat' dir='ltr'>catholicas</span> <span class='ocrx_word' id='word_1_130' title='bbox 375 1141 514 1192; x_wconf 72' lang='lat' dir='ltr'>agebantur,</span> <span class='ocrx_word' id='word_1_131' title='bbox 531 1140 640 1182; x_wconf 85' lang='lat' dir='ltr'>doctrina</span> <span class='ocrx_word' id='word_1_132' title='bbox 653 1139 742 1192; x_wconf 86' lang='lat' dir='ltr'>gratiae</span> <span class='ocrx_word' id='word_1_133' title='bbox 757 1141 858 1199; x_wconf 82' lang='lat' dir='ltr'>actualis</span> <span class='ocrx_word' id='word_1_134' title='bbox 871 1140 940 1192; x_wconf 81' lang='lat' dir='ltr'>plene</span> <span class='ocrx_word' id='word_1_135' title='bbox 955 1140 1050 1182; x_wconf 86' lang='lat' dir='ltr'>evoluta</span> 
     </span>
     <span class='ocr_line' id='line_1_16' title="bbox 201 1204 1050 1255; baseline -0.002 -10"><span class='ocrx_word' id='word_1_136' title='bbox 201 1205 244 1253; x_wconf 87' lang='lat' dir='ltr'>est,</span> <span class='ocrx_word' id='word_1_137' title='bbox 261 1204 337 1245; x_wconf 92' lang='lat' dir='ltr'>immo</span> <span class='ocrx_word' id='word_1_138' title='bbox 350 1205 410 1245; x_wconf 86' lang='lat' dir='ltr'>adeo</span> <span class='ocrx_word' id='word_1_139' title='bbox 423 1204 565 1255; x_wconf 82' lang='lat' dir='ltr'>praevaluit,</span> <span class='ocrx_word' id='word_1_140' title='bbox 581 1204 608 1244; x_wconf 89' lang='lat' dir='ltr'>ut</span> <span class='ocrx_word' id='word_1_141' title='bbox 621 1204 698 1255; x_wconf 85' lang='lat' dir='ltr'>gratia</span> <span class='ocrx_word' id='word_1_142' title='bbox 713 1204 842 1244; x_wconf 78' lang='lat' dir='ltr'>habitualis</span> <span class='ocrx_word' id='word_1_143' title='bbox 857 1216 912 1245; x_wconf 87' lang='lat' dir='ltr'>cum</span> <span class='ocrx_word' id='word_1_144' title='bbox 927 1204 1050 1245; x_wconf 88' lang='lat' dir='ltr'>habitibus</span> 
     </span>
     <span class='ocr_line' id='line_1_17' title="bbox 203 1266 1049 1318; baseline -0.001 -11"><span class='ocrx_word' id='word_1_145' title='bbox 203 1268 320 1308; x_wconf 87' lang='grc'><strong>5111515111</strong></span> <span class='ocrx_word' id='word_1_146' title='bbox 333 1267 469 1307; x_wconf 85' lang='grc'><strong>1515551515</strong></span> <span class='ocrx_word' id='word_1_147' title='bbox 481 1266 608 1317; x_wconf 86' lang='lat' dir='ltr'>paululum</span> <span class='ocrx_word' id='word_1_148' title='bbox 620 1266 715 1318; x_wconf 65' lang='lat' dir='ltr'>neglegi</span> <span class='ocrx_word' id='word_1_149' title='bbox 726 1267 810 1317; x_wconf 86' lang='lat' dir='ltr'>coepta</span> <span class='ocrx_word' id='word_1_150' title='bbox 822 1267 859 1315; x_wconf 86' lang='lat' dir='ltr'>sit,</span> <span class='ocrx_word' id='word_1_151' title='bbox 874 1266 957 1308; x_wconf 86' lang='lat' dir='ltr'>saltem</span> <span class='ocrx_word' id='word_1_152' title='bbox 971 1267 1049 1317; x_wconf 90' lang='lat' dir='ltr'>quoad</span> 
     </span>
     <span class='ocr_line' id='line_1_18' title="bbox 202 1328 1050 1380; baseline -0.002 -10"><span class='ocrx_word' id='word_1_153' title='bbox 202 1330 322 1370; x_wconf 82' lang='lat' dir='ltr'>auxilium</span> <span class='ocrx_word' id='word_1_154' title='bbox 341 1331 371 1370; x_wconf 88' lang='lat' dir='ltr'>ad</span> <span class='ocrx_word' id='word_1_155' title='bbox 382 1329 523 1370; x_wconf 66' lang='lat' dir='ltr'>‘salutariter</span> <span class='ocrx_word' id='word_1_156' title='bbox 541 1328 668 1380; x_wconf 85' lang='lat' dir='ltr'>agendum,</span> <span class='ocrx_word' id='word_1_157' title='bbox 688 1330 752 1380; x_wconf 90' lang='lat' dir='ltr'>quod</span> <span class='ocrx_word' id='word_1_158' title='bbox 770 1341 800 1370; x_wconf 84' lang='grc'>511</span> <span class='ocrx_word' id='word_1_159' title='bbox 817 1328 856 1369; x_wconf 89' lang='grc'><strong>1115</strong></span> <span class='ocrx_word' id='word_1_160' title='bbox 873 1328 962 1379; x_wconf 84' lang='lat' dir='ltr'>gratiae</span> <span class='ocrx_word' id='word_1_161' title='bbox 981 1329 1050 1369; x_wconf 88' lang='lat' dir='ltr'>donis</span> 
     </span>
     <span class='ocr_line' id='line_1_19' title="bbox 203 1391 1049 1444; baseline 0 -12"><span class='ocrx_word' id='word_1_162' title='bbox 203 1394 305 1434; x_wconf 90' lang='lat' dir='ltr'>habetur</span> <span class='ocrx_word' id='word_1_163' title='bbox 332 1393 463 1444; x_wconf 81' lang='lat' dir='ltr'>(Scheeben</span> <span class='ocrx_word' id='word_1_164' title='bbox 481 1404 504 1432; x_wconf 86' lang='lat' dir='ltr'>n.</span> <span class='ocrx_word' id='word_1_165' title='bbox 524 1392 570 1443; x_wconf 84' lang='lat'>31).</span> <span class='ocrx_word' id='word_1_166' title='bbox 596 1391 667 1433; x_wconf 87' lang='lat' dir='ltr'>Multi</span> <span class='ocrx_word' id='word_1_167' title='bbox 692 1391 800 1433; x_wconf 87' lang='lat' dir='ltr'>auctores</span> <span class='ocrx_word' id='word_1_168' title='bbox 824 1392 999 1433; x_wconf 66' lang='lat' dir='ltr'>recentiores</span> <span class='ocrx_word' id='word_1_169' title='bbox 1024 1393 1049 1432; x_wconf 89' lang='lat' dir='ltr'>in</span> 
     </span>
     <span class='ocr_line' id='line_1_20' title="bbox 201 1453 1049 1506; baseline 0 -10"><span class='ocrx_word' id='word_1_170' title='bbox 201 1454 304 1496; x_wconf 85' lang='lat' dir='ltr'>tractatu</span> <span class='ocrx_word' id='word_1_171' title='bbox 321 1455 350 1496; x_wconf 89' lang='lat' dir='ltr'>de</span> <span class='ocrx_word' id='word_1_172' title='bbox 366 1455 443 1505; x_wconf 85' lang='lat' dir='ltr'>gratia</span> <span class='ocrx_word' id='word_1_173' title='bbox 460 1453 547 1495; x_wconf 87' lang='lat' dir='ltr'>actuali</span> <span class='ocrx_word' id='word_1_174' title='bbox 564 1454 691 1496; x_wconf 89' lang='lat' dir='ltr'>absolvunt</span> <span class='ocrx_word' id='word_1_175' title='bbox 707 1455 864 1506; x_wconf 74' lang='lat' dir='ltr'>quaestiones,</span> <span class='ocrx_word' id='word_1_176' title='bbox 883 1454 1003 1506; x_wconf 86' lang='lat' dir='ltr'>imprimis</span> <span class='ocrx_word' id='word_1_177' title='bbox 1020 1456 1049 1496; x_wconf 89' lang='lat' dir='ltr'>de</span> 
     </span>
     <span class='ocr_line' id='line_1_21' title="bbox 203 1516 1049 1568; baseline -0.002 -10"><span class='ocrx_word' id='word_1_178' title='bbox 203 1517 341 1558; x_wconf 87' lang='lat' dir='ltr'>necessitato</span> <span class='ocrx_word' id='word_1_179' title='bbox 358 1518 382 1558; x_wconf 89' lang='lat' dir='ltr'>et</span> <span class='ocrx_word' id='word_1_180' title='bbox 398 1516 524 1568; x_wconf 74' lang='lat' dir='ltr'>gratuitate</span> <span class='ocrx_word' id='word_1_181' title='bbox 548 1517 645 1567; x_wconf 86' lang='lat' dir='ltr'>gratiae,</span> <span class='ocrx_word' id='word_1_182' title='bbox 670 1529 731 1568; x_wconf 87' lang='lat' dir='ltr'>quae</span> <span class='ocrx_word' id='word_1_183' title='bbox 755 1529 907 1568; x_wconf 86' lang='lat' dir='ltr'>nequaquam</span> <span class='ocrx_word' id='word_1_184' title='bbox 925 1518 956 1558; x_wconf 89' lang='lat' dir='ltr'>ad</span> <span class='ocrx_word' id='word_1_185' title='bbox 974 1517 1049 1558; x_wconf 90' lang='lat' dir='ltr'>solam</span> 
     </span>
     <span class='ocr_line' id='line_1_22' title="bbox 201 1579 1051 1632; baseline 0.001 -13"><span class='ocrx_word' id='word_1_186' title='bbox 201 1580 305 1631; x_wconf 85' lang='lat' dir='ltr'>gratiam</span> <span class='ocrx_word' id='word_1_187' title='bbox 319 1580 436 1621; x_wconf 86' lang='lat' dir='ltr'>actualem</span> <span class='ocrx_word' id='word_1_188' title='bbox 451 1580 565 1630; x_wconf 86' lang='lat' dir='ltr'>spectant,</span> <span class='ocrx_word' id='word_1_189' title='bbox 581 1580 604 1620; x_wconf 89' lang='lat' dir='ltr'>et</span> <span class='ocrx_word' id='word_1_190' title='bbox 618 1579 746 1621; x_wconf 86' lang='lat' dir='ltr'>divisiones</span> <span class='ocrx_word' id='word_1_191' title='bbox 760 1580 849 1631; x_wconf 86' lang='lat' dir='ltr'>gratiae</span> <span class='ocrx_word' id='word_1_192' title='bbox 867 1580 1051 1632; x_wconf 79' lang='lat' dir='ltr'>(praevenientis</span> 
     </span>
     <span class='ocr_line' id='line_1_23' title="bbox 200 1642 1050 1694; baseline 0.001 -11"><span class='ocrx_word' id='word_1_193' title='bbox 200 1643 226 1683; x_wconf 88' lang='grc'>51</span> <span class='ocrx_word' id='word_1_194' title='bbox 238 1643 381 1691; x_wconf 75' lang='lat' dir='ltr'>adinventis,</span> <span class='ocrx_word' id='word_1_195' title='bbox 396 1642 517 1693; x_wconf 88' lang='lat' dir='ltr'>operantis</span> <span class='ocrx_word' id='word_1_196' title='bbox 529 1643 552 1683; x_wconf 85' lang='lat' dir='ltr'>et</span> <span class='ocrx_word' id='word_1_197' title='bbox 563 1642 711 1694; x_wconf 85' lang='lat' dir='ltr'>cooperantis</span> <span class='ocrx_word' id='word_1_198' title='bbox 724 1642 787 1693; x_wconf 84' lang='grc'><strong>515),</strong></span> <span class='ocrx_word' id='word_1_199' title='bbox 803 1655 862 1693; x_wconf 84' lang='lat' dir='ltr'>quas</span> <span class='ocrx_word' id='word_1_200' title='bbox 875 1643 966 1684; x_wconf 87' lang='lat' dir='ltr'>veteres</span> <span class='ocrx_word' id='word_1_201' title='bbox 980 1643 1050 1684; x_wconf 82' lang='lat' dir='ltr'>Scho</span> 
     </span>
     <span class='ocr_line' id='line_1_24' title="bbox 203 1705 1049 1757; baseline 0.002 -12"><span class='ocrx_word' id='word_1_202' title='bbox 203 1706 279 1746; x_wconf 88' lang='lat' dir='ltr'>lastici</span> <span class='ocrx_word' id='word_1_203' title='bbox 297 1705 412 1756; x_wconf 88' lang='lat' dir='ltr'>primario</span> <span class='ocrx_word' id='word_1_204' title='bbox 430 1705 459 1746; x_wconf 88' lang='lat' dir='ltr'>de</span> <span class='ocrx_word' id='word_1_205' title='bbox 476 1705 554 1756; x_wconf 86' lang='lat' dir='ltr'>gratia</span> <span class='ocrx_word' id='word_1_206' title='bbox 570 1705 687 1747; x_wconf 82' lang='lat' dir='ltr'>habituali</span> <span class='ocrx_word' id='word_1_207' title='bbox 705 1705 880 1755; x_wconf 85' lang='lat' dir='ltr'>intellexerunt,</span> <span class='ocrx_word' id='word_1_208' title='bbox 900 1707 942 1747; x_wconf 90' lang='lat' dir='ltr'>uni</span> <span class='ocrx_word' id='word_1_209' title='bbox 960 1707 1049 1757; x_wconf 88' lang='lat' dir='ltr'>gratiae</span> 
     </span>
     <span class='ocr_line' id='line_1_25' title="bbox 200 1767 439 1809; baseline -0.008 0"><span class='ocrx_word' id='word_1_210' title='bbox 200 1768 290 1809; x_wconf 88' lang='lat' dir='ltr'>actuali</span> <span class='ocrx_word' id='word_1_211' title='bbox 306 1767 439 1809; x_wconf 60' lang='grc'><strong>1111155512,</strong></span> 
     </span>
    </p>
   </div>
   <div class='ocr_carea' id='block_1_3' title="bbox 201 1892 1050 2257">
    <p class='ocr_par' dir='ltr' id='par_1_3' title="bbox 201 1892 1050 2257">
     <span class='ocr_line' id='line_1_26' title="bbox 203 1892 1050 1945; baseline 0.001 -12"><span class='ocrx_word' id='word_1_212' title='bbox 203 1894 258 1934; x_wconf 78' lang='grc'><strong>4911.</strong></span> <span class='ocrx_word' id='word_1_213' title='bbox 295 1893 329 1934; x_wconf 90' lang='lat' dir='ltr'>De</span> <span class='ocrx_word' id='word_1_214' title='bbox 344 1894 448 1934; x_wconf 88' lang='lat' dir='ltr'>natura</span> <span class='ocrx_word' id='word_1_215' title='bbox 462 1893 552 1944; x_wconf 87' lang='lat' dir='ltr'>gratiae</span> <span class='ocrx_word' id='word_1_216' title='bbox 567 1893 667 1934; x_wconf 88' lang='lat' dir='ltr'>actualis</span> <span class='ocrx_word' id='word_1_217' title='bbox 682 1892 819 1944; x_wconf 87' lang='lat' dir='ltr'>disputatur</span> <span class='ocrx_word' id='word_1_218' title='bbox 833 1893 972 1945; x_wconf 85' lang='lat' dir='ltr'>praesertim</span> <span class='ocrx_word' id='word_1_219' title='bbox 988 1893 1050 1935; x_wconf 87' lang='grc'><strong>15151</strong></span> 
     </span>
     <span class='ocr_line' id='line_1_27' title="bbox 204 1956 1050 2008; baseline 0.004 -13"><span class='ocrx_word' id='word_1_220' title='bbox 204 1956 309 1997; x_wconf 88' lang='lat' dir='ltr'>scholam</span> <span class='ocrx_word' id='word_1_221' title='bbox 321 1956 528 1996; x_wconf 80' lang='lat' dir='ltr'>neothomisticam</span> <span class='ocrx_word' id='word_1_222' title='bbox 541 1956 564 1997; x_wconf 88' lang='lat' dir='ltr'>et</span> <span class='ocrx_word' id='word_1_223' title='bbox 575 1957 752 1997; x_wconf 80' lang='lat' dir='ltr'>molinisticam.</span> <span class='ocrx_word' id='word_1_224' title='bbox 766 1958 829 1997; x_wconf 86' lang='lat' dir='ltr'>Haec</span> <span class='ocrx_word' id='word_1_225' title='bbox 843 1956 947 2008; x_wconf 81' lang='lat' dir='ltr'>quaestio</span> <span class='ocrx_word' id='word_1_226' title='bbox 962 1968 1050 2008; x_wconf 89' lang='lat' dir='ltr'>magna</span> 
     </span>
     <span class='ocr_line' id='line_1_28' title="bbox 201 2018 1049 2071; baseline 0.004 -14"><span class='ocrx_word' id='word_1_227' title='bbox 201 2018 311 2070; x_wconf 82' lang='lat' dir='ltr'>exparte</span> <span class='ocrx_word' id='word_1_228' title='bbox 325 2019 360 2059; x_wconf 91' lang='lat' dir='ltr'>est</span> <span class='ocrx_word' id='word_1_229' title='bbox 371 2018 544 2069; x_wconf 79' lang='lat' dir='ltr'>philosophica,</span> <span class='ocrx_word' id='word_1_230' title='bbox 561 2019 609 2059; x_wconf 72' lang='lat' dir='ltr'>scil⁴</span> <span class='ocrx_word' id='word_1_231' title='bbox 625 2019 743 2070; x_wconf 88' lang='lat' dir='ltr'>quatenus</span> <span class='ocrx_word' id='word_1_232' title='bbox 756 2019 874 2071; x_wconf 87' lang='lat' dir='ltr'>dependet</span> <span class='ocrx_word' id='word_1_233' title='bbox 887 2032 902 2061; x_wconf 90' lang='grc'>5</span> <span class='ocrx_word' id='word_1_234' title='bbox 914 2030 1049 2070; x_wconf 86' lang='lat' dir='ltr'>correspon-</span> 
     </span>
     <span class='ocr_line' id='line_1_29' title="bbox 202 2081 1050 2132; baseline 0.001 -11"><span class='ocrx_word' id='word_1_235' title='bbox 202 2081 272 2122; x_wconf 87' lang='lat' dir='ltr'>dente</span> <span class='ocrx_word' id='word_1_236' title='bbox 289 2081 425 2132; x_wconf 82' lang='lat' dir='ltr'>quaestione</span> <span class='ocrx_word' id='word_1_237' title='bbox 442 2082 471 2122; x_wconf 89' lang='lat' dir='ltr'>de</span> <span class='ocrx_word' id='word_1_238' title='bbox 488 2093 603 2121; x_wconf 80' lang='lat' dir='ltr'>concursu</span> <span class='ocrx_word' id='word_1_239' title='bbox 620 2082 662 2121; x_wconf 89' lang='lat' dir='ltr'>Dei</span> <span class='ocrx_word' id='word_1_240' title='bbox 678 2082 791 2131; x_wconf 82' lang='lat' dir='ltr'>naturali,</span> <span class='ocrx_word' id='word_1_241' title='bbox 808 2082 903 2132; x_wconf 86' lang='lat' dir='ltr'>praevio</span> <span class='ocrx_word' id='word_1_242' title='bbox 921 2094 951 2122; x_wconf 91' lang='lat' dir='ltr'>an</span> <span class='ocrx_word' id='word_1_243' title='bbox 969 2083 1050 2123; x_wconf 88' lang='lat' dir='ltr'>simul-</span> 
     </span>
     <span class='ocr_line' id='line_1_30' title="bbox 202 2144 1049 2196; baseline 0.004 -13"><span class='ocrx_word' id='word_1_244' title='bbox 202 2144 279 2192; x_wconf 87' lang='lat' dir='ltr'>taneo,</span> <span class='ocrx_word' id='word_1_245' title='bbox 299 2156 377 2195; x_wconf 85' lang='lat' dir='ltr'>neque</span> <span class='ocrx_word' id='word_1_246' title='bbox 394 2144 430 2185; x_wconf 88' lang='grc'>551</span> <span class='ocrx_word' id='word_1_247' title='bbox 446 2144 529 2194; x_wconf 86' lang='lat' dir='ltr'>magni</span> <span class='ocrx_word' id='word_1_248' title='bbox 548 2144 662 2185; x_wconf 87' lang='lat' dir='ltr'>momenti</span> <span class='ocrx_word' id='word_1_249' title='bbox 681 2144 815 2194; x_wconf 71' lang='lat' dir='ltr'>theologici,</span> <span class='ocrx_word' id='word_1_250' title='bbox 835 2144 965 2186; x_wconf 87' lang='lat' dir='ltr'>dummodo</span> <span class='ocrx_word' id='word_1_251' title='bbox 985 2157 1049 2196; x_wconf 87' lang='lat' dir='ltr'>sepa-</span> 
     </span>
     <span class='ocr_line' id='line_1_31' title="bbox 202 2206 1049 2257; baseline 0.004 -12"><span class='ocrx_word' id='word_1_252' title='bbox 202 2207 269 2247; x_wconf 88' lang='lat' dir='ltr'>retur</span> <span class='ocrx_word' id='word_1_253' title='bbox 284 2207 314 2247; x_wconf 87' lang='lat' dir='ltr'>ab</span> <span class='ocrx_word' id='word_1_254' title='bbox 331 2206 487 2256; x_wconf 74' lang='lat' dir='ltr'>explicatione</span> <span class='ocrx_word' id='word_1_255' title='bbox 502 2206 592 2257; x_wconf 72' lang='lat' dir='ltr'>gratiae</span> <span class='ocrx_word' id='word_1_256' title='bbox 608 2207 720 2257; x_wconf 74' lang='lat' dir='ltr'>efficacis.</span> <span class='ocrx_word' id='word_1_257' title='bbox 738 2207 800 2248; x_wconf 89' lang='lat' dir='ltr'>Hinc</span> <span class='ocrx_word' id='word_1_258' title='bbox 815 2219 863 2247; x_wconf 88' lang='lat' dir='ltr'>non</span> <span class='ocrx_word' id='word_1_259' title='bbox 879 2208 966 2249; x_wconf 87' lang='lat' dir='ltr'>desunt</span> <span class='ocrx_word' id='word_1_260' title='bbox 981 2208 1049 2249; x_wconf 86' lang='lat' dir='ltr'>Moli-</span> 
     </span>
    </p>
   </div>
   <div class='ocr_carea' id='block_1_4' title="bbox 125 2268 1049 2320">
    <p class='ocr_par' dir='ltr' id='par_1_4' title="bbox 125 2268 1049 2320">
     <span class='ocr_line' id='line_1_32' title="bbox 125 2268 1049 2320; baseline 0.003 -12"><span class='ocrx_word' id='word_1_261' title='bbox 125 2311 127 2313; x_wconf 62' lang='lat'>,</span> <span class='ocrx_word' id='word_1_262' title='bbox 202 2269 287 2317; x_wconf 80' lang='lat' dir='ltr'>nisiae,</span> <span class='ocrx_word' id='word_1_263' title='bbox 307 2269 348 2319; x_wconf 83' lang='lat' dir='ltr'>qui</span> <span class='ocrx_word' id='word_1_264' title='bbox 366 2268 469 2320; x_wconf 82' lang='lat' dir='ltr'>gratiam</span> <span class='ocrx_word' id='word_1_265' title='bbox 488 2269 555 2309; x_wconf 86' lang='lat' dir='ltr'>actus</span> <span class='ocrx_word' id='word_1_266' title='bbox 572 2268 659 2310; x_wconf 90' lang='lat' dir='ltr'>liberos</span> <span class='ocrx_word' id='word_1_267' title='bbox 677 2269 774 2320; x_wconf 82' lang='lat' dir='ltr'>physice</span> <span class='ocrx_word' id='word_1_268' title='bbox 794 2269 1049 2320; x_wconf 88' lang='lat' dir='ltr'>praedeterminantem</span> 
     </span>
    </p>
   </div>
   <div class='ocr_carea' id='block_1_5' title="bbox 201 2332 1050 2634">
    <p class='ocr_par' dir='ltr' id='par_1_5' title="bbox 201 2332 1050 2634">
     <span class='ocr_line' id='line_1_33' title="bbox 203 2332 1050 2384; baseline 0.004 -12"><span class='ocrx_word' id='word_1_269' title='bbox 203 2343 302 2383; x_wconf 88' lang='lat' dir='ltr'>prorsus</span> <span class='ocrx_word' id='word_1_270' title='bbox 314 2332 402 2383; x_wconf 87' lang='lat' dir='ltr'>negant</span> <span class='ocrx_word' id='word_1_271' title='bbox 414 2332 437 2372; x_wconf 93' lang='lat' dir='ltr'>et</span> <span class='ocrx_word' id='word_1_272' title='bbox 449 2332 529 2372; x_wconf 89' lang='lat' dir='ltr'>tamen</span> <span class='ocrx_word' id='word_1_273' title='bbox 542 2332 653 2373; x_wconf 85' lang='lat' dir='ltr'>naturam</span> <span class='ocrx_word' id='word_1_274' title='bbox 666 2332 756 2384; x_wconf 82' lang='lat' dir='ltr'>gratiae</span> <span class='ocrx_word' id='word_1_275' title='bbox 769 2332 870 2373; x_wconf 86' lang='lat' dir='ltr'>actualis</span> <span class='ocrx_word' id='word_1_276' title='bbox 882 2344 937 2374; x_wconf 90' lang='lat' dir='ltr'>cum</span> <span class='ocrx_word' id='word_1_277' title='bbox 949 2334 1050 2375; x_wconf 87' lang='lat' dir='ltr'>Neotho-</span> 
     </span>
     <span class='ocr_line' id='line_1_34' title="bbox 204 2394 1050 2448; baseline 0.002 -13"><span class='ocrx_word' id='word_1_278' title='bbox 204 2395 282 2435; x_wconf 85' lang='lat' dir='ltr'>mistis</span> <span class='ocrx_word' id='word_1_279' title='bbox 297 2395 423 2445; x_wconf 80' lang='lat' dir='ltr'>explicant.</span> <span class='ocrx_word' id='word_1_280' title='bbox 442 2395 507 2436; x_wconf 88' lang='lat' dir='ltr'>Intra</span> <span class='ocrx_word' id='word_1_281' title='bbox 524 2394 630 2436; x_wconf 87' lang='lat' dir='ltr'>scholam</span> <span class='ocrx_word' id='word_1_282' title='bbox 647 2394 817 2436; x_wconf 86' lang='lat' dir='ltr'>molinisticam</span> <span class='ocrx_word' id='word_1_283' title='bbox 835 2396 938 2437; x_wconf 83' lang='lat' dir='ltr'>Suarez</span> <span class='ocrx_word' id='word_1_284' title='bbox 956 2397 982 2437; x_wconf 93' lang='lat' dir='ltr'>in</span> <span class='ocrx_word' id='word_1_285' title='bbox 999 2399 1050 2448; x_wconf 88' lang='lat' dir='ltr'>qui-</span> 
     </span>
     <span class='ocr_line' id='line_1_35' title="bbox 201 2457 1049 2510; baseline 0.006 -13"><span class='ocrx_word' id='word_1_286' title='bbox 201 2458 306 2499; x_wconf 86' lang='lat' dir='ltr'>busdam</span> <span class='ocrx_word' id='word_1_287' title='bbox 324 2457 504 2509; x_wconf 88' lang='lat' dir='ltr'>quaestionibus</span> <span class='ocrx_word' id='word_1_288' title='bbox 526 2469 541 2497; x_wconf 92' lang='lat' dir='ltr'>a</span> <span class='ocrx_word' id='word_1_289' title='bbox 563 2457 671 2499; x_wconf 86' lang='lat' dir='ltr'>Molina</span> <span class='ocrx_word' id='word_1_290' title='bbox 694 2457 790 2499; x_wconf 87' lang='lat' dir='ltr'>recedit.</span> <span class='ocrx_word' id='word_1_291' title='bbox 815 2459 896 2510; x_wconf 87' lang='lat' dir='ltr'>Neque</span> <span class='ocrx_word' id='word_1_292' title='bbox 913 2460 1049 2502; x_wconf 87' lang='lat' dir='ltr'>Thomistae</span> 
     </span>
     <span class='ocr_line' id='line_1_36' title="bbox 204 2520 1050 2571; baseline 0.007 -12"><span class='ocrx_word' id='word_1_293' title='bbox 204 2521 283 2571; x_wconf 85' lang='lat' dir='ltr'>quoad</span> <span class='ocrx_word' id='word_1_294' title='bbox 303 2520 385 2561; x_wconf 89' lang='lat' dir='ltr'>omnia</span> <span class='ocrx_word' id='word_1_295' title='bbox 404 2520 467 2561; x_wconf 90' lang='lat' dir='ltr'>inter</span> <span class='ocrx_word' id='word_1_296' title='bbox 487 2532 510 2560; x_wconf 91' lang='grc'>55</span> <span class='ocrx_word' id='word_1_297' title='bbox 530 2522 657 2561; x_wconf 87' lang='lat' dir='ltr'>concordes</span> <span class='ocrx_word' id='word_1_298' title='bbox 678 2521 740 2562; x_wconf 88' lang='grc'><strong>5551.</strong></span> <span class='ocrx_word' id='word_1_299' title='bbox 764 2521 832 2562; x_wconf 81' lang='lat' dir='ltr'>Certa</span> <span class='ocrx_word' id='word_1_300' title='bbox 853 2521 937 2563; x_wconf 88' lang='lat' dir='ltr'>solutio</span> <span class='ocrx_word' id='word_1_301' title='bbox 959 2523 984 2563; x_wconf 90' lang='lat' dir='ltr'>in</span> <span class='ocrx_word' id='word_1_302' title='bbox 1005 2524 1050 2565; x_wconf 90' lang='lat' dir='ltr'>hac</span> 
     </span>
     <span class='ocr_line' id='line_1_37' title="bbox 204 2582 797 2634; baseline 0.003 -12"><span class='ocrx_word' id='word_1_303' title='bbox 204 2582 304 2623; x_wconf 87' lang='lat' dir='ltr'>materia</span> <span class='ocrx_word' id='word_1_304' title='bbox 317 2583 440 2634; x_wconf 87' lang='lat' dir='ltr'>hucusque</span> <span class='ocrx_word' id='word_1_305' title='bbox 456 2594 504 2623; x_wconf 91' lang='lat' dir='ltr'>non</span> <span class='ocrx_word' id='word_1_306' title='bbox 518 2582 615 2624; x_wconf 86' lang='grc'><strong>51115151</strong></span> <span class='ocrx_word' id='word_1_307' title='bbox 629 2594 678 2624; x_wconf 89' lang='grc'><strong>5555</strong></span> <span class='ocrx_word' id='word_1_308' title='bbox 693 2584 797 2624; x_wconf 84' lang='grc'><strong>1555515.</strong></span> 
     </span>
    </p>
   </div>
   <div class='ocr_carea' id='block_1_6' title="bbox 203 2715 1050 2853">
    <p class='ocr_par' dir='ltr' id='par_1_6' title="bbox 203 2715 1050 2853">
     <span class='ocr_line' id='line_1_38' title="bbox 266 2715 1050 2762; baseline 0.004 -11"><span class='ocrx_word' id='word_1_309' title='bbox 266 2717 273 2738; x_wconf 87' lang='lat'>1</span> <span class='ocrx_word' id='word_1_310' title='bbox 288 2715 481 2751; x_wconf 86' lang='lat' dir='ltr'>Melanchthon</span> <span class='ocrx_word' id='word_1_311' title='bbox 495 2726 513 2752; x_wconf 89' lang='grc'>5.</span> <span class='ocrx_word' id='word_1_312' title='bbox 531 2715 578 2753; x_wconf 74' lang='lat'>1521</span> <span class='ocrx_word' id='word_1_313' title='bbox 593 2717 682 2761; x_wconf 83' lang='lat' dir='ltr'>negavit</span> <span class='ocrx_word' id='word_1_314' title='bbox 697 2718 717 2753; x_wconf 87' lang='lat' dir='ltr'>S.</span> <span class='ocrx_word' id='word_1_315' title='bbox 734 2717 885 2761; x_wconf 79' lang='lat' dir='ltr'>augustinum</span> <span class='ocrx_word' id='word_1_316' title='bbox 898 2719 986 2754; x_wconf 87' lang='lat' dir='ltr'>novisse</span> <span class='ocrx_word' id='word_1_317' title='bbox 1001 2728 1050 2762; x_wconf 82' lang='lat' dir='ltr'>gra-</span> 
     </span>
     <span class='ocr_line' id='line_1_39' title="bbox 203 2761 1047 2853; baseline 0.004 -56"><span class='ocrx_word' id='word_1_318' title='bbox 203 2761 395 2853; x_wconf 43' lang='grc' dir='ltr'><strong>1115ἓ1875511ί5ΐ511ῧ15</strong></span> <span class='ocrx_word' id='word_1_319' title='bbox 414 2775 424 2794; x_wconf 77' lang='grc'>11</span> <span class='ocrx_word' id='word_1_320' title='bbox 432 2762 472 2798; x_wconf 89' lang='lat' dir='ltr'>Die</span> <span class='ocrx_word' id='word_1_321' title='bbox 487 2762 624 2798; x_wconf 75' lang='lat' dir='ltr'>sandaracae</span> <span class='ocrx_word' id='word_1_322' title='bbox 640 2763 758 2808; x_wconf 68' lang='lat' dir='ltr'>Gatteshilt</span> <span class='ocrx_word' id='word_1_323' title='bbox 770 2764 839 2799; x_wconf 83' lang='lat' dir='ltr'>kannt</span> <span class='ocrx_word' id='word_1_324' title='bbox 854 2773 877 2799; x_wconf 92' lang='lat' dir='ltr'>er</span> <span class='ocrx_word' id='word_1_325' title='bbox 890 2764 970 2799; x_wconf 76' lang='lat' dir='ltr'>nicht»</span> <span class='ocrx_word' id='word_1_326' title='bbox 987 2765 1047 2810; x_wconf 81' lang='lat' dir='ltr'>(Dea.</span> 
     </span>
    </p>
   </div>
   <div class='ocr_carea' id='block_1_7' title="bbox 203 2865 1051 3049">
    <p class='ocr_par' dir='ltr' id='par_1_7' title="bbox 203 2865 1051 3049">
     <span class='ocr_line' id='line_1_40' title="bbox 267 2865 1051 2912; baseline 0.003 -10"><span class='ocrx_word' id='word_1_327' title='bbox 267 2869 274 2888; x_wconf 83' lang='lat'><strong>²</strong></span> <span class='ocrx_word' id='word_1_328' title='bbox 287 2867 319 2902; x_wconf 78' lang='lat' dir='ltr'>Ex</span> <span class='ocrx_word' id='word_1_329' title='bbox 331 2866 373 2901; x_wconf 85' lang='lat' dir='ltr'>hac</span> <span class='ocrx_word' id='word_1_330' title='bbox 386 2866 510 2901; x_wconf 85' lang='lat' dir='ltr'>evolutione</span> <span class='ocrx_word' id='word_1_331' title='bbox 522 2865 632 2901; x_wconf 85' lang='lat' dir='ltr'>tractatus</span> <span class='ocrx_word' id='word_1_332' title='bbox 645 2867 670 2902; x_wconf 88' lang='lat' dir='ltr'>de</span> <span class='ocrx_word' id='word_1_333' title='bbox 683 2867 759 2911; x_wconf 81' lang='lat' dir='ltr'>gratia</span> <span class='ocrx_word' id='word_1_334' title='bbox 771 2866 899 2912; x_wconf 80' lang='lat' dir='ltr'>explicatur,</span> <span class='ocrx_word' id='word_1_335' title='bbox 915 2868 973 2912; x_wconf 86' lang='lat' dir='ltr'>quod</span> <span class='ocrx_word' id='word_1_336' title='bbox 987 2868 1051 2904; x_wconf 81' lang='lat' dir='ltr'>Scho-</span> 
     </span>
     <span class='ocr_line' id='line_1_41' title="bbox 204 2911 1050 2951; baseline 0.005 -5"><span class='ocrx_word' id='word_1_337' title='bbox 204 2912 278 2948; x_wconf 86' lang='lat' dir='ltr'>lastici</span> <span class='ocrx_word' id='word_1_338' title='bbox 292 2913 380 2948; x_wconf 88' lang='lat' dir='ltr'>mediae</span> <span class='ocrx_word' id='word_1_339' title='bbox 396 2912 476 2947; x_wconf 86' lang='lat' dir='ltr'>aetatis</span> <span class='ocrx_word' id='word_1_340' title='bbox 491 2911 564 2947; x_wconf 87' lang='lat' dir='ltr'>multa</span> <span class='ocrx_word' id='word_1_341' title='bbox 579 2912 639 2947; x_wconf 87' lang='lat' dir='ltr'>dicta</span> <span class='ocrx_word' id='word_1_342' title='bbox 653 2913 764 2948; x_wconf 72' lang='lat' dir='ltr'>Petrum</span> <span class='ocrx_word' id='word_1_343' title='bbox 779 2912 837 2947; x_wconf 81' lang='grc'><strong>15155</strong></span> <span class='ocrx_word' id='word_1_344' title='bbox 852 2912 1009 2949; x_wconf 83' lang='lat' dir='ltr'>intellexerunt</span> <span class='ocrx_word' id='word_1_345' title='bbox 1024 2916 1050 2951; x_wconf 91' lang='lat' dir='ltr'>de</span> 
     </span>
     <span class='ocr_line' id='line_1_42' title="bbox 205 2957 1051 2995; baseline 0.002 -2"><span class='ocrx_word' id='word_1_346' title='bbox 205 2958 318 2993; x_wconf 77' lang='lat' dir='ltr'>habitibus</span> <span class='ocrx_word' id='word_1_347' title='bbox 341 2958 362 2993; x_wconf 87' lang='lat' dir='ltr'>et</span> <span class='ocrx_word' id='word_1_348' title='bbox 385 2957 431 2993; x_wconf 89' lang='lat' dir='ltr'>vice</span> <span class='ocrx_word' id='word_1_349' title='bbox 448 2967 513 2993; x_wconf 88' lang='lat' dir='ltr'>versa</span> <span class='ocrx_word' id='word_1_350' title='bbox 530 2957 594 2992; x_wconf 88' lang='grc'><strong>155111</strong></span> <span class='ocrx_word' id='word_1_351' title='bbox 612 2958 713 2993; x_wconf 87' lang='lat' dir='ltr'>auctores</span> <span class='ocrx_word' id='word_1_352' title='bbox 736 2958 837 2994; x_wconf 87' lang='lat' dir='ltr'>moderni</span> <span class='ocrx_word' id='word_1_353' title='bbox 861 2959 929 2995; x_wconf 80' lang='lat' dir='ltr'>effata</span> <span class='ocrx_word' id='word_1_354' title='bbox 951 2960 1051 2995; x_wconf 85' lang='grc'><strong>55151515</strong></span> 
     </span>
     <span class='ocr_line' id='line_1_43' title="bbox 203 3003 942 3049; baseline 0.001 -10"><span class='ocrx_word' id='word_1_355' title='bbox 203 3003 437 3039; x_wconf 64' lang='lat' dir='ltr'>{scholasticorum</span> <span class='ocrx_word' id='word_1_356' title='bbox 453 3003 510 3038; x_wconf 82' lang='grc'><strong>15155</strong></span> <span class='ocrx_word' id='word_1_357' title='bbox 528 3003 554 3038; x_wconf 88' lang='lat' dir='ltr'>de</span> <span class='ocrx_word' id='word_1_358' title='bbox 572 3003 645 3047; x_wconf 82' lang='lat' dir='ltr'>gratia</span> <span class='ocrx_word' id='word_1_359' title='bbox 662 3004 745 3039; x_wconf 84' lang='lat' dir='ltr'>actuali</span> <span class='ocrx_word' id='word_1_360' title='bbox 761 3004 942 3049; x_wconf 85' lang='lat' dir='ltr'>interpretantur.</span> 
     </span>
    </p>
   </div>
   <div class='ocr_carea' id='block_1_8' title="bbox 0 0 1116 3350">
    <p class='ocr_par' dir='ltr' id='par_1_8' title="bbox 0 0 1116 3350">
     <span class='ocr_line' id='line_1_44' title="bbox 0 0 1116 3350; baseline 0 0"><span class='ocrx_word' id='word_1_361' title='bbox 0 0 1116 3350; x_wconf 95' lang='lat' dir='ltr'> </span> 
     </span>
    </p>
   </div>
  </div>
 </body>
</html>
