2214 3350
162 117 190 153 ’71
301 117 356 152 Soet.
371 117 387 151 Ι.
402 116 447 152 Art.
463 117 491 151 II.
506 117 517 161 ξ
530 116 546 152 1.
562 117 620 160 Quid
633 116 716 152 natura
728 115 793 161 lapsa
806 116 876 160 possit
955 127 957 132 ’

168 225 221 266 123.
258 223 289 267 11.
311 224 433 278 Scriptura
453 225 583 275 generatim
610 236 661 264 raon.
683 222 919 274 decimumnonum
945 221 1013 264 actus

164 287 267 336 bonesti,
291 299 351 339 quos
373 287 462 337 laudat,
481 299 535 329 oum
552 286 642 327 auxilio
664 286 754 337 gratiae
772 285 848 337 posin
866 286 913 327 sint
929 295 1010 326 neone.

164 348 229 391 Ro'm‘
242 354 263 399 2,
282 354 307 392 14
322 363 380 392 voce
395 353 463 406 φύσει
481 349 615 391 excluditur
630 348 668 389 lex
684 347 794 397 revelata,
812 349 853 389 sed
870 360 918 390 non
934 359 1011 389 neces

161 413 228 454 sario
250 413 369 455 auxilium
391 413 486 465 gratiae.
510 410 635 452 Probabile
657 410 829 462 argumentum¹
850 413 912 452 sumi
934 410 1011 462 potest

164 490 194 518 ex
208 477 264 518 Phil
278 481 298 526 3,
313 481 339 518 d:
359 478 382 518 S.
397 477 486 517 Paulus
500 475 553 515 ante
569 486 637 515 suam
651 473 830 515 conversionem
844 476 896 516 erat
911 492 922 511 «
929 484 1010 515 secun-

163 541 225 580 dum
245 540 368 587 iustitiam,
388 550 449 591 quae
467 538 492 578 in
510 538 559 588 lege
578 536 621 584 est,
641 536 793 578 conversatus
818 537 870 578 sine
894 538 1008 588 querela»

160 604 235 659 (κατὰ
251 603 398 658 δικαιοσύνην
414 604 456 658 τὴν
471 602 498 642 ἐν
511 602 577 653 νόμῳ
588 601 719 655 γενόμενος
731 600 867 655 ἄμεμπτος),
881 600 931 642 Sibi
945 599 1011 641 attu-

164 666 219 707 buit
237 665 341 707 actiones
358 664 469 705 honestas
487 663 577 714 absque
594 662 671 714 gratia
690 662 778 704 Christi
796 662 872 703 laetas
888 664 913 708 ,et
930 673 1010 704 conse-

164 728 265 779 quenter
282 729 312 779 (v.
328 727 350 778 7)
367 738 414 767 non
429 737 485 767 vera
499 726 574 774 lucra,
591 726 632 766 sed
647 725 880 777 potiusarbitranda
896 726 1011 777 «propter

166 791 289 832 Christum
305 789 475 830 detrimenta».
499 814 531 821 -
553 789 682 839 Vazquez
706 789 730 829 et
753 788 886 839 Ripalda,
911 790 953 840 qui
976 788 1010 829 tot

159 854 255 894 ,auxilia
270 852 360 904 gratiae
378 852 465 893 Christi
481 852 507 892 in
524 852 637 893 omnibus
652 850 794 892 infidelibus
810 852 946 900 admittunt,
965 851 1009 891 cni

164 927 209 956 aas
235 921 392 955 consentanea
418 914 554 964 scripturae
580 915 662 955 dooere
687 907 807 963 videntur,
834 909 922 966 quippe
947 925 1009 965 quae

161 980 260 1020 initium
279 977 369 1030 gratiae
388 978 477 1020 Christi
494 978 520 1018 in
538 977 661 1018 vocatione
679 978 709 1018 ad
729 988 810 1018 veram
831 978 905 1018 fidem
924 975 1009 1018 consti-

157 1043 227 1082 tuere
244 1041 308 1082 solet.

166 1168 218 1208 124.
255 1165 298 1208 lll.
314 1165 408 1207 Patres.
426 1165 556 1216 Complura
570 1165 706 1207 testimonia
722 1164 746 1206 S.
763 1163 890 1217 Augustini
905 1166 930 1207 in
945 1167 980 1207 th.
996 1168 1009 1206 3

164 1232 196 1281 (n.
214 1231 322 1281 99-101)
343 1229 415 1270 allata
432 1228 505 1269 etiarn
523 1230 585 1269 bano
599 1229 689 1269 thesim
707 1229 816 1280 probant.
836 1229 873 1269 De
891 1228 961 1281 spir.
981 1230 1008 1270 et

156 1293 220 1334 litt.
237 1294 272 1342 27,
290 1295 329 1333 48:
355 1292 431 1340 Ratio,
450 1302 492 1332 our
507 1291 626 1342 quaedam
649 1291 710 1332 recte
734 1292 795 1333 facta
818 1292 844 1331 in
867 1291 1007 1332 infidelibus

163 1356 261 1396 concedi
279 1355 378 1406 possint,
397 1354 504 1403 nonest,
524 1355 588 1405 quod
607 1354 632 1393 bi
646 1366 745 1405 vquoque
763 1355 868 1405 aliquem
886 1355 1008 1396 influxum

135 1455 139 1460 ,
159 1418 294 1459 ²Salvatoris
316 1417 477 1468 experiantur,
503 1419 543 1458 sed
568 1417 632 1468 quod
656 1417 768 1468 truncinis
785 1419 830 1458 Dei
847 1418 873 1457 in
892 1419 1007 1459 creatione

163 1483 262 1523 collatae
282 1482 366 1524 «velut
383 1481 527 1523 lineamenta
542 1482 648 1523 extrema
667 1482 825 1523 remanserint
832 1495 852 1530 »3
880 1494 954 1524 «narn
973 1495 1007 1523 re-

161 1548 283 1587 manserat
299 1547 382 1597 utique
399 1546 431 1595 id,
450 1546 514 1596 quod
531 1547 612 1586 anima
630 1545 736 1587 hominis
753 1547 798 1586 nisi
817 1547 939 1588 rationulis
957 1558 1007 1587 esse

162 1623 209 1652 non
225 1611 328 1662 potest».
352 1610 430 1652 Etiam
454 1610 547 1651 Iudaeis
565 1611 619 1650 «oia
635 1611 677 1651 illo
693 1616 792 1651 naturae
815 1611 935 1652 inerat...
959 1623 1007 1662 qua

158 1676 297 1728 ¹legitimum
319 1675 412 1726 aliquid
435 1675 516 1715 anima
538 1672 707 1716 rationalis'et
729 1675 800 1716 sentit
822 1676 847 1716 et
869 1675 952 1717 facit»,
976 1701 1008 1706 -

155 1741 251 1781 Serm.
270 1742 311 1780 349
329 1738 415 1780 caritas
432 1740 539 1780 humana
556 1738 622 1779 licita
640 1750 689 1780 non
707 1751 736 1780 ex
755 1739 830 1790 gratia
850 1740 944 1789 Christi,
965 1742 1006 1781 sed

161 1816 189 1844 cr
200 1804 305 1845 naturali
316 1804 405 1855 aflectu
417 1804 539 1852 derivator
549 1804 574 1845 et
585 1815 639 1844 oum
652 1815 732 1845 amore
744 1804 875 1845 bestiarum
887 1817 943 1856 erga
953 1805 1006 1856 pul-

155 1871 196 1910 'los
211 1869 371 1919 comparatur.
386 1893 418 1899 —
432 1867 506 1918 Epist.
525 1871 564 1909 111
580 1867 725 1909 continentia
741 1869 876 1908 Polemonis
892 1870 1006 1910 tribuitur

161 1933 259 1984 quidem
271 1934 338 1984 operi
351 1933 440 1981 divino,
455 1932 496 1973 sed
509 1934 540 1974 ab
552 1932 679 1974 effectibus
691 1932 782 1983 oratioe
793 1933 904 1973 salutaris
919 1926 1015 1974 Christi

161 1999 260 2038 omnino
274 1996 436 2048 distinguitur,
453 2008 501 2047 qua
515 1997 592 2048 gratia
607 1997 723 2037 Cirtenses
737 2008 808 2038 verae
821 1997 937 2040 Ecclesiae
953 2000 1005 2040 uni-

160 2063 204 2103 tati
221 2062 307 2103 redditi
326 2062 389 2103 sunt.
413 2062 503 2121 Eadem
527 2062 638 2102 accurata
661 2061 782 2102 distinctio
804 2063 944 2104 observatur
967 2064 1004 2103 De

161 2138 238 2177 raeco
258 2138 326 2167 mer.
348 2127 375 2167 et
392 2138 461 2167 rem.
482 2129 502 2174 1,
523 2129 557 2175 22,
578 2129 612 2166 31.
639 2127 717 2176 Quare
742 2126 882 2177 Vazquez,
908 2139 1005 2168 omnem

155 2190 326 2242 cogitationem
343 2202 473 2242 congruam
488 2190 561 2231 etiam
578 2190 604 2230 in
621 2191 763 2231 infidelibus
779 2203 792 2232 a
808 2189 901 2232 meritis
918 2191 1005 2233 Christi

102 2306 105 2309 Α
161 2256 298 2304 derivando,
311 2256 439 2306 Augustini
450 2254 554 2296 mentem
566 2255 665 2296 mininie
678 2255 819 2305 assequitur.
833 2257 913 2306 Neque
924 2258 1005 2297 minus

161 2319 285 2370 Ripalda
306 2320 327 2359 ei
350 2319 496 2360 adversatur.
521 2320 583 2359 Nam
605 2319 754 2369 Augustinus
777 2321 843 2360 actus
866 2321 1005 2362 naturaliter

153 2383 277 2432 honestos,
294 2396 315 2424 v.
335 2396 357 2434 g.
376 2384 401 2424 in
418 2384 545 2425 Polemone
561 2384 599 2425 vel
617 2384 641 2424 in
658 2383 765 2434 antiquis
781 2384 902 2434 Romanis,
921 2397 1003 2436 reapse
1032 2410 1033 2413 =

158 2450 235 2499 foetos
249 2449 273 2489 et
287 2449 316 2488 ab
332 2449 424 2489 actibus
439 2448 585 2489 salutaribus
599 2448 710 2490 fidelium
725 2449 764 2489 vel
780 2450 874 2489 credere
890 2450 1004 2502 incipien-

121 2537 123 2539 -
153 2514 334 2562 ‘tinniprorsus
349 2512 453 2553 diversos
470 2513 584 2564 supponit
601 2514 632 2564 (r.
649 2525 673 2553 n.
691 2516 739 2562 108,
757 2513 778 2565 5)
788 2515 804 2552 ³.

160 2638 212 2680 125.
250 2637 289 2680 IV.
302 2637 423 2690 Theologi.
436 2638 524 2680 Textus
537 2639 560 2680 S.
574 2639 678 2681 Thomae
689 2640 723 2681 th.
738 2642 751 2680 3
768 2641 799 2690 (n.
816 2642 856 2680 103
863 2641 894 2692 ss)
912 2641 1003 2681 laudati
1072 2692 1073 2696 Ἰ

151 2703 230 2744 etiam
245 2703 285 2743 bic
298 2703 382 2743 afferri
396 2703 506 2754 possunt:
524 2704 561 2744 De
576 2715 634 2745 ver.
652 2717 674 2755 q,
689 2708 717 2745 23
731 2716 753 2745 a.
769 2707 793 2745 7:
812 2704 892 2746 Potest
905 2706 1002 2747 honeste

157 2770 196 2819 agi
208 2780 238 2809 ex
251 2767 377 2808 dilectione
390 2767 501 2816 naturali,
516 2770 546 2809 ad
560 2780 633 2819 qnam
646 2770 734 2819 aliquis
747 2781 790 2819 per
802 2769 922 2821 principia
935 2770 1002 2811 natu-

226 2902 233 2921 1
254 2900 340 2935 Hareni
356 2900 379 2933 ln
393 2900 460 2936 DdTh
475 2900 492 2942 T,
511 2900 557 2937 1784-
574 2901 623 2946 (art.
642 2900 798 2947 «Infidelesnt
