2214 3350
184 168 262 204 Thesis
277 167 305 204 13.
320 168 401 205 Gratia
414 167 557 205 sanctificans
572 169 592 204 et
606 167 699 205 virtutes
715 168 850 214 theologicae
904 166 942 205 269

95 279 154 314 riam
166 278 265 313 nondum
277 276 399 321 definitum
413 277 533 312 nonnullos
546 277 645 313 doctores
658 277 726 313 etiam
738 286 797 313 nunc
811 278 864 314 istos
878 278 939 314 effec-

95 331 132 365 tus
149 329 196 365 sine
213 339 240 365 ea
256 329 392 374 explicare.»
415 331 447 365 De
470 330 513 365 hac
535 330 664 374 quaestione
687 329 794 365 historica
816 331 938 366 secundum

96 382 208 417 Morinum
223 381 257 417 ita
271 382 381 418 sentiunt:
399 382 462 417 nom.
478 382 537 425 soto,
553 381 660 416 Melchtor
676 382 743 424 Cano,
760 382 836 417 Barth.
855 382 880 417 cte
895 381 939 417 Me-

94 435 156 478 tina,
180 434 286 470 ricardus
304 436 398 480 Puppim,
423 434 519 469 Ioannes
539 433 673 476 Vincentius,
702 433 801 482 Thomas·
816 434 936 479 stapleton,

94 486 147 523 Alb:
155 485 255 531 Piphz‘us,
268 487 377 529 Baccarus,
390 485 484 529 Metina,
498 486 602 530 chqrtez.
616 486 686 521 Immo
699 483 813 529 Pighius
825 485 937 527 universa,

93 547 152 583 quae
168 537 297 574 scholastici
314 539 341 574 de
355 534 435 574 habitu
449 537 535 582 gratiae
551 538 572 573 et
587 537 689 573 caritatis
705 537 813 579 statuunt,
830 545 938 572 commen-

95 585 149 625 ticia
171 589 282 625 existimat
304 598 374 635 neque
392 599 417 625 ex
434 588 555 635 scripturis
578 588 648 624 ullam
671 588 828 624 auctoritatem
849 588 936 625 habere.

94 643 158 686 Quod
176 643 286 678 assertum
304 642 405 678 Marinus
424 641 499 678 censet
524 645 534 673 c
543 641 627 676 dictum
651 641 729 676 forsan
752 640 938 686 intemperantius
959 679 960 682 Ἴ

93 703 170 739 aequo.
187 694 271 730 Tantus
286 694 413 730 scholarum
427 702 550 729 consensus
564 693 588 728 in
601 692 716 728 habitibus
729 692 838 738 ponendis
853 693 874 728 et
889 701 939 728 con-

93 746 140 782 cilii
154 746 285 782 Viennensis
299 740 416 793 sententia,
432 755 490 790 quae
506 753 581 781 eonun
595 744 776 791 probabilitatem
791 744 877 787 asserit⁷
893 753 938 779 mo-

93 797 179 834 destius
192 797 262 844 excipi
277 798 402 834 debuerat»
418 797 444 843 (c,
460 797 507 833 711.
521 795 541 840 8;
555 795 582 833 ci.
598 806 619 832 n.
636 795 688 842 57).

163 876 186 927 d)
204 876 282 916 Simili
297 877 368 916 modo
382 875 511 927 displicent
524 875 620 916 habitus
635 876 709 916 infusi
724 875 825 916 Eusebio
840 876 938 917 Amori

92 940 116 981 et
130 939 213 980 multis
227 939 343 992 theologis
357 940 440 982 aetatis
455 940 488 980 sic
504 940 579 981 dictae
595 939 779 981 illuminationis
797 939 836 991 (ci.
853 940 937 980 Scher-

95 1005 147 1054 bcn‚
161 1005 244 1056 Dogm.
259 1005 288 1053 II,
302 1007 323 1045 3.
338 1006 365 1045 Β,
379 1016 404 1044 n.
418 1005 478 1055 782),
493 1005 554 1045 inter
567 1015 626 1056 quos
640 1005 667 1045 B.
684 1003 792 1052 Stattter,
809 1005 937 1056 Theolopic

93 1069 222 1109 christiana
238 1069 366 1109 rbrecretica‘
381 1069 411 1111 tr.
429 1072 443 1110 i
459 1080 483 1109 n,
501 1071 554 1110 307:
575 1069 655 1110 Gratia
672 1069 831 1118 sanctificans,
850 1069 936 1110 iustiti-

43 1164 45 1170 ,
92 1137 157 1182 cans,
174 1133 304 1174 habitualis
325 1134 361 1174 est
384 1150 395 1170 «
403 1135 568 1174 decretum...
591 1133 636 1174 Dei
657 1133 800 1175 benevolum
816 1134 840 1174 et
855 1133 936 1174 efficax

92 1198 184 1258 stapilis
197 1198 365 1249 applicationis
376 1197 561 1249 omnipotentiae
581 1209 637 1239 suae
656 1199 686 1238 ad
706 1197 832 1248 largienda
843 1199 935 1238 homini

91 1263 173 1304 omnia
195 1262 335 1303 sufficientia
357 1262 446 1303 currilia
469 1263 602 1314 praticae...
627 1264 758 1304 secundum
781 1263 935 1314 capacitatem

44 1326 45 1329 ’
91 1327 168 1378 ipsius
181 1327 330 1378 praesentem
344 1328 367 1368 et
381 1338 425 1378 pro
440 1328 506 1368 omni
520 1338 576 1368 casu
591 1327 737 1368 necessitatis
751 1338 834 1368 eorum
849 1328 880 1369 ad
895 1328 936 1369 eli-

91 1393 231 1433 ciendos...
251 1392 317 1433 actus
340 1403 423 1433 omnes
446 1392 555 1432 omnium
579 1391 739 1433 virtutum...
760 1392 892 1442 requisitos,
913 1394 936 1434 et

91 1458 194 1508 denique
207 1457 354 1508 perducendi
368 1457 471 1513 eundem
485 1458 516 1498 ad
530 1458 607 1508 ipsam
621 1456 741 1498 aeternam
755 1457 898 1506 beatitatem,
915 1457 936 1497 si

90 1522 151 1563 citra
167 1534 237 1573 grave
255 1522 377 1573 peccatum
395 1523 421 1562 in
438 1516 466 1562 aa
484 1522 574 1563 iustitia
590 1520 802 1572 perseveraverit».
828 1522 935 1564 Gratiam

90 1587 168 1627 dicere
183 1578 323 1638 qualitatem
332 1587 431 1642 'animae
447 1587 553 1627 infusam
569 1586 752 1638 «philosophiae
762 1587 879 1637 ,antiquae
895 1588 934 1628 oh-

91 1650 226 1692 scuritatem
244 1651 336 1701 spirat»
357 1652 389 1702 (n.
406 1650 466 1700 308).
489 1674 520 1680 -
542 1651 658 1692 Hermes
675 1651 782 1701 sequitur
799 1651 895 1692 Stattler
911 1652 934 1692 et

90 1714 284 1756 tristificationem
298 1714 402 1765 concipit
415 1716 443 1756 ut
457 1713 583 1755 transitum
597 1715 704 1755 hominis
717 1727 731 1755 a
745 1715 869 1755 dominatu
884 1726 934 1756 car-

90 1780 128 1820 nis
145 1780 175 1821 ad
193 1780 342 1821 dominatum
361 1779 466 1830 spiritus
492 1779 572 1830 Neque
596 1780 679 1819 Kuhn
704 1779 809 1822 admittit
826 1780 933 1830 aliquam

89 1843 191 1894 gratiam
202 1844 362 1895 quiescentem
373 1845 421 1885 sive
432 1844 499 1885 extra
509 1855 580 1884 usum
591 1844 732 1892 facultatum
744 1845 931 1894 permanentem.

91 1909 227 1949 Secundum
246 1909 326 1958 ipsum
345 1909 421 1959 gratia
439 1907 570 1949 habitualis
587 1908 611 1950 et
629 1909 729 1950 actualis
747 1909 842 1950 nonnisi
862 1921 933 1951 sensu

88 1973 159 2014 valde
176 1973 309 2023 improprio
325 1973 425 2023 possunt
441 1972 489 2014 dici
507 1973 613 2014 diversae
631 1972 722 2025 gratiae
747 1974 786 2025 (ci.
806 1974 835 2015 de
853 1974 891 2014 his
909 1987 931 2015 o.

89 2037 208 2086 Schazler,
225 2038 290 2078 Neue
307 2034 520 2094 Untersuchu'npen
535 2049 560 2089 p„
574 2040 633 2079 333s
648 2040 726 2090 aias).

158 2123 178 2174 e)
193 2123 300 2164 Tandem
314 2123 388 2164 thesis
401 2134 449 2163 non
464 2122 532 2173 plene
548 2124 720 2165 concedebatur
733 2137 746 2165 a
761 2123 845 2164 multis
859 2124 933 2165 vete-

88 2187 170 2227 ribus
187 2188 339 2229 Scholasticis
355 2188 410 2229 ante
428 2198 493 2228 conc.
512 2188 653 2236 Viennense‚
673 2190 715 2239 qui
733 2188 852 2239 negabant
869 2201 933 2241 par-

88 2251 204 2292 valisin
218 2252 337 2302 baptismo
351 2252 448 2292 infundi
462 2252 559 2293 habitus
572 2252 661 2304 gratiae
676 2253 700 2294 et
712 2253 852 2294 virtutum1.
869 2255 933 2295 Inter

88 2328 148 2366 quos
162 2316 212 2357 erat
226 2317 310 2358 Petrus
325 2317 420 2358 Ioannis
435 2316 511 2357 Olivi
527 2319 553 2358 Ο.
570 2319 595 2358 F.
612 2318 645 2358 M.
660 2344 692 2349 -
706 2318 784 2360 Etiam
800 2318 932 2368 Stattler‚¹

87 2380 213 2429 Hermes,
238 2381 321 2421 Kuhn
342 2376 474 2421 secundum
495 2392 538 2422 sua
559 2383 683 2433 principia·
699 2393 795 2423 omnem
816 2383 932 2424 iustitiam

88 2444 250 2486 inhaerentem
266 2445 374 2496 parvulis
390 2446 505 2494 denegare
522 2446 662 2487 debuerunt.

150 2577 157 2597 1
173 2576 208 2611 Ita
223 2577 291 2612 etiarn
307 2577 327 2613 S.
345 2576 487 2615 anselmus
502 2578 618 2621 sentiebat;
634 2579 660 2614 ct.
678 2579 708 2614 Dc
725 2588 783 2614 coac.
801 2580 855 2623 vira.
873 2590 890 2616 c.
908 2580 933 2617 29

89 2623 139 2670 (ML
155 2623 195 2667 158,
213 2624 287 2670 462&
307 2623 411 2660 Parvulis
428 2625 544 2669 peccatum
561 2626 669 2670 originale
687 2636 711 2662 eo
727 2627 854 2669 remittitur,
873 2629 932 2672 quod

88 2670 174 2707 iustitia
186 2671 303 2716 originalis
315 2681 360 2707 non
372 2671 469 2717 amplius
482 2673 509 2708 ab
521 2673 601 2709 iisdem
613 2674 709 2719 exigitur
721 2675 787 2719 atque
799 2684 932 2720 consequen-

86 2719 122 2753 ter
134 2720 181 2754 eius
194 2720 296 2756 absentia
308 2728 354 2754 non
367 2719 464 2764 amplius
477 2720 544 2756 habet
556 2721 653 2757 indolem
665 2722 797 2767 privationis
811 2724 832 2758 et
845 2723 929 2768 culpae.

87 2765 141 2801 Post
159 2767 268 2802 Petrum
287 2767 473 2810 Lombardurn‚
494 2769 531 2802 cui
550 2768 604 2804 satis
625 2768 709 2814 placuit
729 2769 840 2805 sententia
862 2780 932 2815 «quo-

87 2812 184 2848 rundam
192 2826 210 2856 n,
223 2814 261 2858 qui
272 2814 375 2849 dicebant
386 2813 485 2859 gratiam
497 2822 507 2847 c
516 2816 601 2851 cunctis
612 2815 712 2862 parvulis
723 2816 747 2851 in
759 2816 869 2862 baptismo
882 2819 932 2854 dari

88 2859 113 2893 in
125 2869 222 2904 munere,
237 2862 319 2896 nonin
332 2870 393 2897 usu»
410 2861 477 2906 (Sent.
493 2861 506 2897 l.
521 2863 533 2898 4
546 2863 565 2899 d.
580 2864 592 2899 4
605 2873 622 2899 c.
638 2862 664 2907 7),
679 2863 733 2899 haec
747 2865 858 2901 sententia
871 2865 932 2901 intra

87 2905 349 3001 &pffffipabfmmbus
361 2910 407 2944 iere
420 2910 509 2954 recepta
522 2910 562 2954 est;
574 2919 593 2947 v.
608 2910 723 2955 Landpruf
737 2911 907 2957 (Gregorianum
921 2913 932 2950 9

216 2965 253 2991 ss.
754 2980 756 2983 s
872 2982 874 2985 ι
