2214 3350
230 169 231 173 Ἰ
265 160 266 163 ¹
289 186 366 222 Thesis
382 187 399 225 9.
417 189 481 223 Dona
497 185 628 231 simpliciter
644 184 826 242 supernaturalia
947 181 982 218 189

83 315 85 318 ·
132 306 176 336 nos
201 305 283 336 sumus
313 295 436 351 ἄνθρωποι
461 295 659 348 πνευματοφόροι,
681 290 838 332 essentialiter
863 290 979 338 homines,

131 357 311 409 accidentaliter
329 358 421 400 elevati.
447 384 480 389 -
503 358 530 398 V.
550 357 650 405 Strater,
671 355 729 404 Peli,
751 354 884 406 Aizberper,
906 354 979 394 Born-

75 460 77 463 1
134 422 228 469 baasor,
246 420 359 462 Cremera.

130 545 188 587 275.
226 544 249 586 S.
270 545 372 588 Basilius
396 558 465 598 saepe
488 544 591 586 ostendit
614 543 732 595 Spiritum
757 542 870 583 Sanctum
893 547 979 582 patara

131 609 242 650 sanctum
254 620 310 658 esse,
325 610 421 661 angelos
431 609 455 651 et
465 608 576 649 homines
587 606 683 647 nonnisi
694 606 876 657 participatione
889 606 913 646 S.
928 605 979 656 Spi-

128 672 192 713 ritus
209 673 434 727 (μεταλααβάνουσι,
450 674 479 712 τὰ
490 673 624 727 μετέχοντα
642 671 672 729 [R
685 672 725 710 941
739 669 809 727 944]).
824 669 851 709 Ι11
866 667 980 709 creaturis

130 734 244 776 sanctitas
267 735 302 776 cst
325 736 391 776 extra
414 733 572 776 substantiam
593 733 698 787 (ἔξωθεν
718 740 760 789 τῆς
782 734 871 786 οὐσίας)
891 731 915 772 et
939 731 980 772 dat

130 798 216 839 iisdem
232 797 402 848 perfectionem
417 800 469 855 (τὴν
487 798 617 851 τελείωσιν)
635 807 678 846 per
693 793 887 836 communionem
906 794 979 845 Spiri-

127 861 169 901 tus
181 863 227 914 (dcci
240 869 281 918 τῆς
290 865 415 914 κοινωνίας
432 867 474 902 τοῦ
490 862 623 913 πνεύματος
641 861 671 919 [R
685 858 755 917 950]).
771 858 902 909 Distinguit
917 868 978 898 crea-

129 924 220 964 tionem
237 923 376 974 angelorum
393 936 437 975 per
452 923 557 964 Verbum
574 923 598 964 et
614 922 827 963 sanctificationem
844 933 887 973 per
905 920 978 972 Spiri-

128 987 183 1027 tum
195 987 308 1027 Sanctum
322 988 420 1039 (11960).
432 1012 464 1018 -
474 985 601 1037 Gregorius
613 985 738 1038 Nysscnus
750 985 853 1026 celebrat
863 995 976 1035 magnam

126 1050 239 1100 gratiam,
256 1061 316 1100 quae
332 1051 357 1089 in
371 1062 399 1090 eo
411 1049 456 1097 est,
472 1049 500 1090 ut
514 1050 592 1097 homo,
609 1050 651 1100 qui
667 1059 709 1099 pro
725 1048 801 1089 nihilo
817 1047 974 1095 existimatur,

128 1112 174 1153 iiat
193 1112 320 1153 familiaris
339 1113 362 1154 et
381 1113 449 1153 iilius
469 1111 594 1162 adoptivus
615 1112 666 1153 Dei.
691 1111 808 1165 Ἐκβαὶνετ
827 1114 870 1166 τὴν
891 1113 978 1152 ἑαυτοῦ

69 1216 71 1222 ,
127 1178 201 1229 φύσιν
217 1176 230 1217 ὁ
247 1175 380 1229 ἄνθρωπος,
407 1174 549 1215 immortalis
569 1174 647 1216 iactus
664 1186 694 1215 ex
712 1173 815 1221 mortali,
836 1172 977 1222 incorrupti-

108 1267 111 1269 -
128 1239 186 1279 bilis
198 1250 228 1279 ex
244 1237 401 1289 corruptibili,
418 1238 528 1279 aeternus
542 1249 572 1278 ex
587 1238 685 1289 caducO,
702 1240 741 1278 καὶ
757 1238 784 1278 τό
802 1237 859 1278 ὅλον
875 1236 935 1288 θεὸς
950 1236 979 1287 ἐξ

126 1301 258 1355 ανθρώπου
268 1303 397 1355 γινόμενος
413 1303 442 1353 (R
456 1301 527 1352 1027).
541 1325 572 1329 —
586 1299 779 1352 Chrysostomus,
794 1299 824 1338 m
836 1300 897 1339 Rom
911 1298 975 1338 aori.

127 1367 162 1411 10,
178 1368 192 1405 2
208 1365 237 1413 (R
252 1365 312 1414 1185)
330 1365 433 1405 ostendit
450 1366 586 1417 περὶσσειαν
597 1365 703 1420 χάριτος,
721 1374 782 1413 quae
798 1362 867 1403 sitin
883 1372 977 1412 regene-

126 1427 226 1476 ratione,
245 1427 430 1475 resuscitatione,
449 1425 644 1475 sanctificatione,
663 1425 797 1474 adoptione,
817 1425 901 1465 intima
919 1435 974 1464 cum

126 1490 223 1531 'Christo
234 1490 309 1540 capite
322 1489 418 1530 unione.
433 1489 472 1530 Sic
484 1489 618 1539 accepimus
638 1489 765 1544 φάρμακον
782 1500 830 1529 non
843 1489 921 1529 solum
933 1499 977 1538 par

125 1553 221 1593 vulneri
240 1552 325 1604 (gratia
341 1552 445 1604 sanans),
463 1552 504 1593 sed
520 1552 592 1593 etiam
608 1551 742 1600 sanitatem,
759 1551 972 1603 pulchritudinem,

125 1616 249 1663 honorem,
275 1616 377 1666 gloriam
403 1616 426 1657 et
449 1614 576 1665 dignitates
597 1615 658 1656 πολὺ
674 1617 718 1669 τὴν
734 1617 853 1671 ἡμετέραν
869 1615 977 1668 arrepticii,

124 1692 201 1719 νοντα
218 1680 288 1733 φύσιν
312 1679 356 1729 (gr.
376 1678 490 1729 elevans).

125 1807 182 1848 276.
219 1807 348 1848 Summum
374 1807 448 1848 huius
475 1805 596 1847 doctrinae
623 1805 747 1856 fastigium
775 1806 880 1847 cernitur
907 1806 972 1856 apud

125 1869 151 1911 S.
165 1870 275 1922 cyrillum
286 1868 496 1911 Alexandrinum
517 1870 594 1920 Wer'pi
612 1869 688 1910 toturn
706 1868 815 1920 systema,
835 1869 899 1920 quod
918 1869 971 1920 Gyr.

127 1944 248 1984 nusquam
263 1932 318 1973 data
334 1944 405 1983 opera
421 1944 468 1984 qua
483 1931 529 1973 tale
544 1932 664 1983 proponit,
681 1931 842 1972 reconstruere
858 1931 969 1972 conatur:

124 1996 223 2037 Praeter
234 1995 368 2037 naturalem
380 1995 588 2047 participationem
600 1994 673 2037 Verbi
687 1995 763 2035 divini
776 1996 889 2037 omnibus
902 1995 973 2035 rebus

122 2059 213 2103 ,creatis
230 2070 382 2099 communem
401 2059 436 2100 est
451 2058 522 2099 altior
538 2059 657 2109 quaedam
675 2058 738 2099 vitae
756 2058 851 2100 divinae
869 2069 974 2099 commu-

127 2121 221 2171 nicatio,
246 2121 319 2172 gratis
344 2121 436 2170 collata,
461 2121 594 2162 creaturam
619 2132 691 2172 supra
716 2120 838 2172 propriam
862 2121 973 2162 naturam

125 2185 229 2226 elevans.
244 2185 318 2233 Dona,
334 2185 423 2235 quibus
436 2185 480 2224 hoc
494 2184 529 2233 iit,
545 2185 576 2225 ad
589 2185 702 2226 naturam
716 2196 764 2225 non
778 2184 904 2235 pertinent,
920 2184 975 2226 licet

125 2259 180 2288 eam
196 2246 323 2299 perficiant
339 2248 362 2289 ct
377 2247 518 2299 compleant.
537 2247 569 2288 Iis
585 2247 681 2289 amissis
691 2247 783 2299 natura
799 2248 906 2289 remanet
925 2249 972 2300 (W.

125 2324 150 2363 p.
163 2314 191 2352 36
203 2311 248 2362 39).
261 2311 333 2351 Verbi
346 2309 477 2351 incarnatio
489 2311 520 2350 ad
532 2310 706 2352 restitutionem
719 2310 792 2351 huius
803 2311 865 2353 ritae
878 2311 973 2352 divinae

125 2374 174 2414 11111
189 2374 277 2414 summi
292 2373 407 2414 momenti
425 2373 472 2426 (W.
489 2375 523 2422 633
538 2374 559 2414 R
573 2373 647 2425 2115).
664 2373 764 2414 Videtur
780 2373 883 2424 Gyrillus
901 2373 974 2425 (simi-

125 2437 181 2477 liter
195 2449 222 2478 ac
238 2437 261 2477 S.
278 2432 390 2487 Thomas)
408 2435 507 2476 naturae
522 2437 643 2478 humanae
659 2435 746 2477 Christi
762 2436 834 2477 etiam
850 2437 974 2488 quandam

124 2499 290 2540 causalitatem
306 2499 432 2550 physicam
449 2498 494 2538 hac
512 2499 579 2539 inre
598 2499 732 2540 adscribere
752 2500 805 2551 (64).
825 2502 859 2541 Ex
877 2500 973 2541 deifica-

124 2562 190 2603 tione
204 2562 324 2603 creaturae
339 2573 381 2613 per
394 2560 544 2602 efficientiam
558 2563 631 2603 Verbi
646 2563 669 2617 et
684 2563 707 2603 S.
724 2562 829 2621 Spiritus
841 2564 973 2604 eorundem

188 2703 195 2723 1
214 2715 224 2734 1(
232 2702 347 2737 Wiihrend
363 2702 457 2737 ireneus
474 2702 521 2737 und
538 2703 596 2738 auch
612 2702 750 2738 Athanasius
767 2702 799 2737 im
816 2711 909 2746 grossen
926 2703 972 2738 und

123 2756 212 2791 ganzen
229 2747 286 2782 noch
304 2748 367 2783 stark
385 2746 523 2792 platonische
541 2748 655 2785 Elementa
674 2747 803 2791 aufweisen,
823 2749 852 2785 ist
870 2749 906 2785 bei
924 2749 971 2784 ihm

124 2793 161 2828 die
180 2794 255 2837 streng
273 2793 412 2838 platonische
430 2794 559 2830 Denkweise
577 2794 660 2830 bereits
680 2793 815 2838 abgestreitt.
842 2796 897 2831 Man
915 2795 972 2831 uara
1026 2839 1028 2841 v

126 2840 188 2875 nicht
200 2839 246 2875 iehl
260 2840 332 2884 gehen
346 2849 372 2874 zu
386 2839 519 2883 hehaupten,
534 2840 587 2875 dass
601 2841 638 2876 bei
652 2840 735 2876 diesem
749 2840 909 2877 Kirchenvater
924 2842 972 2877 eine

124 2886 166 2920 aui
182 2885 259 2921 Grund
282 2886 320 2921 der
345 2885 427 2921 Schritt
442 2885 490 2920 und
507 2886 636 2922 Vaterlehre
653 2886 764 2929 russeriae,
789 2887 854 2923 unter
877 2886 973 2922 Zuhilie-

122 2931 207 2966 nahme
221 2930 412 2976 philosophischer
427 2930 495 2966 Ideen
509 2931 669 2976 iortgebildete‚
687 2932 756 2968 sehon
769 2933 821 2968 weit
835 2932 972 2969 entwickelte

124 2976 266 3012 einheitliche
283 2976 490 3021 Lehranschauung
506 2977 636 3013 vorhanden
652 2978 700 3013 ist»
720 2979 800 3024 (dicipi
815 2988 836 3024 p.
854 2979 881 3025 7).
