2214 3350
178 161 256 197 Thesis
272 160 300 196 13.
315 161 394 197 Gratia
408 160 550 197 sanctificans
565 162 586 197 et
601 161 693 197 virtutes
709 160 845 205 theologicae
899 160 936 196 267

89 269 152 310 trina
168 264 264 311 interim
279 270 401 324 supposita
415 269 491 320 gratia
507 269 659 310 sanctificans
673 270 751 320 potest
766 270 862 309 definiri
878 280 933 310 oum

88 332 165 372 Peren
178 332 211 384 (n.
224 332 287 384 307):
305 350 314 369 i<
322 333 412 373 donum
423 332 467 373 Dei
478 342 628 383 permanens,
641 344 688 383 quo
700 333 771 372 homo
784 332 842 390 [tota
853 331 935 372 anima

89 394 205 446 superior,
222 406 269 436 nou
286 396 363 437 solum
380 392 462 446 aliqua
476 395 582 446 potentia
598 395 625 436 ut
641 394 774 442 intellectus
789 405 831 444 per
848 394 932 452 iidem]

90 458 115 498 in
130 458 239 499 ordinem
253 458 458 509 supernaturalem
473 458 579 498 elevatur
593 458 616 499 et
630 457 728 498 naturae
743 457 838 499 divinae
853 457 933 507 aliquo

90 522 160 562 modo
175 520 294 572 particeps
309 522 365 571 ritu
381 522 418 563 vel
435 533 489 562 oum
505 522 580 561 niczz.
595 518 632 572 '(n.
649 521 713 570 877):
736 537 745 556 ιι
754 519 933 570 supernaturale

89 584 133 624 Dei
147 583 245 633 donum,
261 583 428 634 permanenter
442 584 569 624 inhaerens
583 580 690 632 animae,
702 595 749 634 quo
765 582 835 623 homo
852 582 934 623 imme-

90 646 152 688 diate
164 646 188 687 et
201 646 333 688 formaliter
345 647 440 688 sanetus
452 646 558 695 efficitur,
574 646 651 688 iustus
664 647 687 687 et
700 647 749 687 Deo
762 646 851 697 gratus,
867 645 933 686 iilius

54 715 55 718 ’
89 709 132 750 Dei
148 709 282 760 adoptivus,
300 722 375 760 oepax
391 710 500 751 eliciendi
518 720 589 760 opera
606 709 728 750 meritoria
745 709 807 750 vitoe
824 709 933 750 aeternae

88 773 243 824 eiusdemque
260 773 327 814 heres
335 791 355 812 ».
375 772 441 814 Siout
457 773 552 814 anima
569 772 605 814 est
622 771 769 823 principium
785 772 848 813 vitae
866 773 933 813 natu-

88 835 153 884 ralis,
170 835 205 875 ita
219 835 296 885 gratia
311 835 463 876 sanctificans
477 836 512 877 est
530 835 662 876 «nltimam
676 836 825 886 principium
840 845 933 886 permo-

88 909 147 937 nens
164 898 227 938 vitoe
244 899 458 948 supernaturalis».
476 925 507 930 -
524 900 544 950 c)
564 899 591 940 et
607 898 743 939 virtutes:
765 898 862 939 habitus
879 910 932 949 ope-

89 960 158 1001 rativi
172 961 238 1009 honi;
254 986 285 992 —
299 961 425 1001 infusae:
445 971 487 1012 per
503 972 535 1009 se,
552 963 577 1002 in
593 960 740 1010 oppositione
757 962 787 1001 ad
804 961 933 1012 acquisitas

87 1024 111 1064 et
125 1034 167 1074 per
181 1023 291 1064 accidens
304 1024 404 1071 infusas3
418 1050 451 1055 —
464 1023 620 1074 theologicae:
640 1023 722 1071 fidei,
740 1023 810 1074 spei,
828 1023 932 1064 carita-

88 1086 125 1126 tis
140 1088 170 1138 (ν.
186 1098 210 1126 u.
225 1087 355 1138 366—368).
370 1112 401 1117 —
414 1087 439 1137 d)
455 1097 526 1138 quae
540 1086 615 1137 gratie
629 1087 652 1127 et
665 1086 765 1128 virtutes
779 1088 846 1128 sunt
859 1088 931 1128 dona

38 1168 40 1175 v
87 1148 196 1189 creatas
217 1150 316 1190 eftectus
335 1148 527 1199 supernaturales
546 1151 570 1189 in
589 1148 669 1189 anima
689 1149 805 1199 producti,
826 1149 931 1191 distincti

88 1224 101 1252 a
118 1212 179 1252 dono
194 1204 306 1261 increato,
324 1212 415 1262 Spiritu
432 1212 525 1259 Sancto,
543 1238 574 1243 -
589 1212 616 1253 et
627 1212 749 1263 vphysice
765 1223 932 1263 permanen-

87 1274 137 1322 tia,
155 1286 211 1325 ergo
227 1285 275 1314 non
292 1280 357 1314 aetus
373 1274 469 1325 physice
486 1274 636 1315 transeuntes
651 1276 674 1316 et
690 1275 812 1315 moraliter
829 1275 930 1321 tantum,

86 1339 160 1378 donee
177 1337 348 1395 retractentur,
373 1337 530 1388 perdurantes
557 1338 597 1389 (ol.
624 1337 798 1379 «intentionem
824 1338 931 1378 hahitua-
1004 1386 1006 1388 ³

87 1400 173 1451 lem),
198 1400 239 1440 sed
262 1399 325 1441 entia
348 1400 453 1451 physica,
471 1400 574 1452 quaein
592 1400 636 1441 hee
653 1411 696 1441 sue
713 1400 812 1452 physica
835 1401 931 1442 entitate

86 1463 198 1504 exsistere
211 1463 320 1514 pergunt,

86 1593 141 1644 371.
162 1634 163 1637 ,
177 1597 198 1634 3.
215 1592 357 1635 Adversarii,
374 1595 396 1645 a)
415 1592 500 1636 Petrus
517 1594 598 1635 Lomh.
617 1594 714 1635 Gratia
730 1595 825 1645 gratum
842 1595 931 1635 iaciens

44 1703 46 1706 Α
86 1656 132 1707 ipsi
152 1656 188 1697 est
208 1655 344 1706 compienne
364 1657 480 1697 virtntnm
501 1657 637 1698 inlusarum
652 1657 749 1698 caritate
763 1657 929 1705 formatarum

85 1718 193 1760 caritas
216 1730 271 1760 vero
295 1719 395 1760 nonest
412 1719 509 1760 habitus
527 1719 626 1767 oreatus,
651 1721 693 1761 sed
709 1720 777 1770 ipse
802 1720 944 1770 Spiritus

87 1783 219 1831 Sanetus,
241 1785 283 1834 qui
304 1782 422 1841 diligendi
441 1784 521 1824 aetum
541 1782 678 1824 immediate
701 1794 744 1833 per
763 1794 787 1823 se
809 1783 928 1833 operatur.

147 1869 206 1905 Seni.
231 1868 244 1905 l.
264 1869 273 1904 1
297 1870 316 1905 d.
337 1869 360 1905 17
381 1878 429 1915 cap.
447 1868 459 1905 6
481 1878 503 1904 n.
523 1867 558 1906 159
583 1868 648 1913 (eae
664 1869 809 1913 Quaraechi):
837 1868 929 1904 «Alios

86 1920 163 1956 actus
180 1920 247 1965 atque
264 1920 338 1956 motus
354 1920 463 1956 virtutum
480 1921 586 1966 operatur
603 1920 717 1963 ceritas,
736 1920 750 1955 i.
770 1930 787 1956 e,
809 1920 944 1965 Spiritus,

87 1972 213 2014 Sanctus,
240 1971 389 2007 mediantibus
417 1972 543 2015 virtutibus,
572 1980 668 2016 quarum
689 1971 752 2007 actus
773 1971 832 2015 sunt,
854 1965 930 2017 utpote

86 2023 231 2068 aetumfidet,
243 2024 260 2066 i.
277 2032 294 2059 e.
310 2024 405 2067 credere
420 2022 463 2060 fide
477 2023 558 2066 media,
574 2024 595 2059 et
609 2024 684 2059 actum
699 2024 752 2069 spei,
767 2025 781 2060 i.
798 2034 814 2060 e.
832 2032 928 2069 sperare,

85 2077 159 2112 media
174 2086 222 2122 spe;
243 2085 283 2122 per
303 2075 370 2111 fidem
385 2076 445 2111 enim
461 2076 482 2111 et
498 2084 560 2121 spem
582 2075 708 2120 praedictos
731 2076 837 2121 operatur
859 2076 928 2111 actus.

85 2128 225 2172 Diligendi
247 2137 298 2163 vero
321 2128 395 2163 actum
417 2137 463 2173 per
485 2136 512 2162 se
535 2127 640 2163 tanturn
662 2128 711 2169 sine
728 2127 824 2163 alicuius
841 2127 930 2162 virtutis

85 2180 158 2215 medio
176 2180 288 2225 operatur,
306 2180 320 2214 i.
340 2189 357 2215 e.
377 2179 475 2223 diligere.
496 2178 565 2215 Aliter
584 2188 635 2224 ergo
654 2179 713 2215 hunc
733 2180 807 2215 actum
825 2180 931 2224 operetur

85 2237 153 2275 quarn
169 2231 226 2267 alios
241 2231 350 2267 virtutum
366 2231 456 2267 aetus.»
476 2249 500 2256 —
522 2232 544 2267 L.
562 2230 575 2268 2
591 2231 610 2267 d.
629 2231 653 2267 27
669 2231 763 2276 quaerit,
789 2231 872 2275 «quid
894 2231 930 2265 sit

85 2283 146 2328 ipsa
160 2282 262 2327 gratia,
279 2291 309 2318 an
324 2282 394 2318 virtus
410 2291 441 2318 an
456 2291 508 2325 nom
525 2283 545 2317 et
560 2283 580 2317 si
595 2283 673 2325 virtus,
691 2291 722 2317 an
737 2283 800 2318 actus
815 2284 849 2319 vel
865 2291 911 2318 non
918 2296 928 2314 u

86 2335 111 2380 (c.
125 2335 169 2375 2n.
182 2334 234 2380 240).
248 2335 384 2381 Respondet:
401 2334 505 2378 «Gratia,
519 2332 576 2379 quae
589 2335 654 2370 sanat
667 2335 688 2370 et
700 2335 780 2370 liberat
791 2334 930 2370 voluntatem

85 2386 189 2430 hominis,
207 2387 295 2422 virtus
312 2387 351 2422 est
366 2386 400 2421 vel
417 2395 463 2421 une
479 2386 515 2422 vel
531 2386 618 2432 plures.
628 2414 647 2422 ..
666 2387 694 2422 Et
710 2386 751 2422 illa
768 2387 842 2431 gratia
858 2386 929 2421 virtus

84 2447 130 2473 non
139 2439 260 2483 incongrue
271 2438 405 2482 nominatur,
419 2437 472 2482 quia
481 2437 620 2473 voluntatem
630 2438 728 2473 hominis
739 2437 852 2474 infirmem
863 2439 929 2474 sanat

86 2491 107 2525 et
123 2490 233 2526 adiuvat»
249 2490 277 2535 (e.
295 2489 306 2525 6
321 2498 343 2525 n.
360 2489 410 2535 244).
431 2489 481 2525 «Ex
497 2490 611 2534 gratia...
630 2490 692 2526 etex
708 2491 757 2534 ipso
773 2489 866 2525 arbitrio
881 2499 930 2535 pro-

84 2542 173 2577 creatur
185 2541 210 2576 in
222 2542 298 2576 anima
310 2542 381 2576 honus
394 2540 487 2576 affectus
500 2542 547 2577 sive
559 2542 631 2576 honus
643 2541 717 2576 motus
730 2540 852 2577 mentis...
868 2542 929 2577 Sicut

84 2601 103 2627 v.
117 2596 144 2637 g.'
152 2598 178 2628 e'x
190 2593 245 2628 tide
257 2593 338 2628 virtute
351 2592 372 2628 et
384 2592 481 2628 hominis
494 2593 587 2628 arbitrio
601 2593 721 2638 generatur
733 2594 757 2627 in
770 2592 843 2628 mente
855 2593 929 2628 motus

85 2644 176 2692 quidam
191 2645 262 2680 honus
278 2645 298 2680 et
312 2644 489 2687 remunerabilis,
507 2644 553 2680 scil.
570 2645 644 2690 ipsum
660 2645 754 2687 eredere,
770 2645 803 2680 ita
820 2654 845 2681 ex
860 2646 929 2680 cari-

84 2696 139 2733 tate
152 2697 173 2733 et
187 2697 256 2733 libero
270 2696 362 2734 arbitrio
376 2695 434 2732 alius
449 2696 541 2741 quidam
554 2696 627 2731 motus
641 2695 749 2741 provenit,
766 2696 811 2733 scil.
829 2697 927 2742 diltqere,

84 2747 244 2792 bonusvvalde5
262 2749 293 2784 sic
311 2749 338 2783 de
355 2747 577 2784 ceterisvirtutihus
601 2748 775 2792 intellegendum
794 2749 845 2784 est»
873 2749 897 2794 (o.
918 2749 929 2785 8

84 2796 105 2835 u.
118 2800 168 2846 246).
180 2801 232 2836 :Non
243 2813 253 2833 n
261 2800 317 2836 fides
327 2800 382 2846 ipsa,
394 2799 467 2835 virtus
477 2801 650 2845 praeveniens»,
663 2801 696 2836 est
709 2812 719 2832 «
727 2800 808 2837 mentis
820 2800 891 2836 actus.
899 2829 903 2836 .
911 2828 928 2843 .,

85 2851 123 2893 qui
138 2852 170 2887 est
184 2852 288 2887 meritum
296 2862 315 2894 »;
330 2851 369 2887 sed
384 2863 394 2884 ι(
403 2851 434 2886 sic
450 2850 532 2887 dicitur
546 2861 594 2887 esse
607 2851 718 2895 meritum,
735 2853 788 2897 quia
803 2853 865 2888 aetus
882 2852 930 2887 eius

85 2901 118 2936 est
136 2903 247 2945 meritum,
268 2904 287 2938 si
305 2903 381 2938 tamen
400 2902 459 2938 adsit
479 2903 568 2946 coritas,
590 2904 637 2938 sine
657 2912 702 2948 qua
721 2912 761 2938 neo
781 2903 870 2939 credere
889 2912 929 2939 nec

85 2960 175 2997 sperare
190 2954 222 2989 est
235 2955 340 2989 meritum
352 2955 417 2991 vitae.
434 2954 497 2990 Unde
512 2956 605 3001 apparet
619 2963 676 2999 vere,
693 2954 747 3000 quia
766 2954 869 2991 caritas
890 2954 930 2990 est
