2214 3350
93 242 95 244 ,
170 212 206 250 510
329 213 382 248 sect.
397 213 421 249 V.
436 213 482 249 Art
498 213 525 257 Π,
541 191 664 259 Explicatio
676 211 762 265 gratiae
776 211 870 248 efficacis

169 331 261 371 persev.
272 323 294 369 c,
306 323 331 362 21
345 320 375 378 [a
387 321 460 379 iosap
471 292 516 373 op.
528 307 624 373 imperf.
636 325 655 369 r,
668 324 695 362 aa
707 322 737 380 [a
748 319 831 378 accip.
846 320 871 361 si
883 317 1014 371 quantur,

170 393 220 423 cur
240 383 315 431 Deus
336 382 458 435 elegerit
481 384 555 425 hunc
573 384 718 431 ordinem,
742 383 768 424 in
791 394 839 434 quo
862 383 1017 433 praevidebat
1093 426 1097 442 μ

169 446 267 487 Petrum
278 445 353 488 libere
366 457 507 501 conversum
520 448 543 489 et
555 445 674 488 salvatum
686 446 724 496 iri,
739 446 824 488 Iudam
838 444 911 488 libere
919 446 1014 497 vgratiae

170 508 309 551 restiturum
326 510 350 551 et
364 511 499 561 periturum
514 520 572 558 esse,
590 520 647 560 prae
664 508 710 550 alio
725 508 817 558 ordine,
836 508 862 549 in
879 520 926 560 quo
943 520 1014 560 oppo-
1095 532 1097 556 ,ς

170 571 243 612 situm
262 573 405 614 eventurum
424 583 474 613 esse
490 571 623 624 praescivit,
642 571 769 613 ueletiam
788 583 845 623 prae
864 572 911 629 alio
931 572 1014 614 ordine
1094 593 1095 596 =

167 634 305 691 futuribssi'
320 636 345 676 in
363 647 410 688 quo
429 647 484 676 cum
502 635 590 695 auxilio
610 635 740 685 gratiarum
761 635 867 676 finaliter
884 629 1014 677 efficacium
1095 633 1097 659 ἶ

169 709 254 738 omnes
263 699 342 739 essent
353 710 401 739 sese
414 697 534 755 salvaturi,
548 698 609 738 nihil
621 699 728 739 valemus
740 698 883 749 respondere
895 699 941 753 nisi
954 699 1010 741 hocs:
1094 695 1098 708 ²

170 761 235 802 Deus
247 761 318 813 elegit
331 761 447 809 ordinem,
469 761 517 811 qui
539 762 579 802 est
601 761 692 802 bonus
712 762 738 803 et
760 762 827 812 quia
848 762 890 802 est
911 763 1013 811 bonus,

170 824 245 864 immo
270 823 391 865 relative
416 823 552 874 optimus,
579 822 604 864 in
632 823 749 874 quantum
769 824 859 866 ratione
879 825 1020 865 mediorum

169 887 258 937 optime
279 887 407 936 dispositus
427 887 462 927 est
482 887 512 927 ad
532 886 651 937 optimum
672 888 747 929 finem
768 887 950 938 glorificationis
970 890 1013 929 Dei

169 951 246 1000 gradu
260 949 416 990 determinato
429 949 586 991 obtinendum
602 951 608 1002 l
625 951 641 990 i.
657 953 675 991 P
689 952 722 991 III
736 962 760 991 n.
773 951 817 1002 46).
834 952 881 992 Sed
894 962 938 991 eur
951 952 1014 992 Deus
1092 935 1098 979 s

169 1012 256 1052 horum
275 1011 487 1053 determinatorum
495 1020 496 1023 ’
505 1012 633 1064 hominum
658 1012 759 1055 salutem
783 1013 918 1054 efficaciter·
931 1026 1014 1065 procu·
1072 1030 1075 1035 ’

169 1075 244 1115 rande
262 1074 412 1126 aliorumque
431 1075 589 1125 perditionem
608 1076 714 1118 absolute
732 1073 891 1127 permittendo
910 1078 1013 1118 eundem

91 1155 93 1159 ·
168 1136 271 1178 voluerit
290 1138 406 1189 attingere
420 1137 511 1186 finem,
533 1138 610 1188 ipsius
633 1139 668 1180 est
695 1139 886 1181 inscrutabile
911 1139 1014 1191 myste-

168 1199 253 1240 rium.
272 1225 304 1231 --
319 1199 462 1252 Mysterium
478 1201 583 1251 praecise
600 1202 626 1242 in
643 1201 848 1244 conciliatione
866 1202 1014 1244 libertatis

168 1263 309 1316 humanae
325 1275 381 1304 curn
398 1263 480 1305 divino
497 1264 643 1307 dominioet
657 1265 734 1315 gratia
750 1265 911 1308 infallibiliter
927 1266 1012 1307 efficaci

169 1326 252 1377 reponi
270 1326 362 1376 dehere,
381 1326 407 1368 in
424 1327 532 1368 fontibus
546 1327 697 1369 reuelationis
713 1328 800 1370 nullibi
819 1328 914 1370 dicitur.
934 1330 958 1371 S.
966 1331 1013 1371 An-

168 1390 278 1440 pastibus
296 1390 357 1430 banc
369 1389 537 1441 ‘quaestionem
551 1392 655 1432 arduam
672 1391 771 1441 quidem
787 1402 837 1432 esse
855 1393 953 1441 censuit,
971 1394 1013 1434 sed

168 1452 269 1492 minime
280 1452 434 1493 insolubilem
447 1453 486 1503 (ci.
498 1454 601 1494 Portare}
613 1454 638 1494 in
649 1455 725 1504 DdTh
736 1457 746 1495 1
757 1458 820 1504 2389}
832 1457 907 1497 Maza.
920 1467 944 1496 n.
952 1456 1001 1507 697)

120 1678 121 1681 Ἰ
163 1625 165 1628 ⁴
240 1600 393 1668 Selrolium
407 1624 427 1669 1.
455 1623 490 1665 De
504 1624 638 1666 Molinismo
651 1627 676 1666 et
691 1624 846 1678 Congruismo
861 1626 910 1668 sive
924 1626 953 1668 de

167 1685 275 1728 ferentiis
287 1686 457 1729 doctrinalibus
469 1687 614 1729 asseclarum
626 1688 741 1729 scientiae
752 1688 844 1731 mediae
856 1690 934 1742 quoad
945 1699 972 1741 pr

167 1749 351 1791 destinationem
362 1750 393 1790 ad
404 1750 503 1801 gloriam
514 1752 539 1792 et
549 1750 770 1804 praedefinitionem
781 1753 895 1794 bonorum
906 1754 1011 1795 actuum.

168 1864 223 1907 645,
257 1868 274 1902 Ρ
285 1866 345 1902 2898,
357 1885 381 1892 -
392 1866 444 1902 Lah.
458 1866 512 1902 ‘alis
522 1865 623 1903 236—241'.
637 1886 660 1892 -
671 1867 718 1902 Ber.
733 1866 786 1903 613s
798 1865 898 1903 633-639.
911 1867 1014 1903 —Fran-

166 1917 230 1960 zella,
254 1919 284 1954 De
302 1919 346 1954 Deo
360 1919 409 1954 Uno
426 1927 446 1963 p.
463 1918 500 1954 449
506 1928 522 1954 s.
545 1937 569 1943 —-
589 1918 706 1960 Pfcctrelll,
731 1919 762 1954 De
778 1921 823 1955 Deo
840 1919 889 1954 Uno
906 1921 927 1954 et
945 1920 1011 1954 Trino

166 1977 194 2005 nq
205 1968 276 2006 arose.
294 1988 317 1995 -
331 1969 362 2006 De
377 1969 477 2014 Beonan,
499 1970 571 2007 Banes
586 1971 607 2006 ei
623 1970 707 2006 Melina
721 1980 741 2016 p.
760 1969 859 2007 raa-133.
876 1990 899 1996 -
914 1971 1012 2015 Astraia,

166 2023 268 2059 Historia
281 2024 311 2059 IV
324 2032 344 2069 p.
362 2022 402 2059 121.
417 2042 441 2048 -
453 2024 483 2059 De
498 2023 623 2065 Seorrcilla
636 2023 719 2059 suarez
734 2024 744 2059 Ι
758 2032 778 2068 p.
795 2021 854 2060 355s.
870 2042 893 2047 -
906 2021 1010 2065 Pertalie',
1086 2018 1105 2068 523³ss

83 2076 85 2079 “
166 2075 235 2111 Dara
246 2076 257 2111 I
268 2075 369 2111 2401-03.
382 2094 405 2100 -
416 2076 442 2111 H.
456 2075 550 2119 Quilltet
561 2075 605 2110 vart
618 2075 764 2119 congruisme
776 2073 801 2109 in
811 2075 879 2110 DdTb
891 2073 908 2118 3,
923 2073 971 2110 1'120
982 2075 1011 2110 ed

167 2126 214 2163 1138
232 2127 372 2173 (praesertim
386 2126 654 2174 1126-112911131-1137).
670 2146 694 2153 -
706 2127 730 2163 A.
749 2126 827 2170 d'Ales,
845 2127 885 2161 art.
903 2125 1011 2170 Pre'desti-

166 2178 245 2214 nation
257 2179 282 2213 in
293 2178 347 2214 Dici.
362 2179 451 2222 Apolop.
466 2179 484 2221 4,
498 2178 597 2214 alo—247.

237 2283 371 2334 Explicatio
392 2281 544 2322 efficaciae
569 2280 679 2331 gratiae
703 2280 860 2322 essentialiter
877 2281 959 2323 eadem
977 2281 1012 2321 est

167 2345 449 2396 apudomnesscie-ntiae
459 2345 550 2386 mediae
562 2345 705 2392 defensores;
717 2344 758 2385 sed
768 2344 913 2385 elementum
924 2344 1013 2385 affec-

166 2408 257 2450 tivum
274 2407 456 2449 infallibilitatis
472 2407 662 2459 discrepantibus
679 2408 707 2448 de
725 2406 923 2458 praedefinitione
941 2409 1012 2448 bonu

166 2485 222 2514 rum
238 2485 338 2524 operum
355 2473 379 2514 et
395 2472 424 2513 de
441 2472 655 2524 praedestinatione
673 2472 702 2513 ad
720 2472 822 2522 gloriam
840 2471 953 2512 doctrinis
969 2471 1012 2512 ali-

167 2538 286 2590 quatenus
306 2537 419 2589 tangitur.
451 2537 539 2578 Omnes
566 2536 723 2578 'Phomisnii
751 2537 775 2579 et
798 2536 1011 2587 Augustinismi

166 2602 261 2654 patroni
287 2602 420 2643 defendunt
442 2601 682 2652 praedestinationem
707 2601 797 2652 gloriae
823 2602 877 2643 ante
902 2601 1012 2653 praevisa

168 2667 253 2707 merita
269 2666 294 2708 et
310 2667 435 2708 formalem
453 2667 562 2706 omnium
581 2666 698 2707 bonorum
715 2677 816 2717 operum
835 2666 1011 2717 praedefinitio·

169 2742 230 2779 nem,
255 2731 325 2782 atque
348 2732 393 2772 hae
417 2731 537 2772 doctrinae
562 2742 618 2771 sane
639 2730 714 2772 multo
738 2731 826 2772 melius
849 2743 904 2771 cum
928 2742 1011 2771 eorum

167 2795 301 2846 systematis
314 2795 447 2844 cohaerent
461 2795 536 2836 immo
549 2795 689 2846 principalis
702 2796 820 2847 quaedam
834 2792 901 2845 ratio,
916 2795 1011 2837 curisti

167 2859 270 2910 theologi
283 2860 390 2900 medium
402 2860 559 2901 exsecutionis
570 2859 662 2901 interne
674 2860 754 2901 efficax
766 2860 789 2901 et
801 2859 928 2901 infallibile
941 2871 1011 2912 quae-

162 2923 228 2975 rant,
244 2924 286 2971 est,
298 2923 326 2964 ut
339 2935 395 2964 suas
408 2925 437 2965 de
451 2924 665 2975 praedestinatione
679 2925 702 2965 et
715 2923 913 2975 praedefinitione
927 2923 1012 2965 doctri-

166 2998 210 3027 nas
223 2986 248 3026 in
263 2985 315 3026 tuto
328 2986 449 3028 collocent.
