2214 3350
192 192 229 229 364
254 243 256 247 ι
278 194 332 229 Sect.
347 194 386 229 III.
401 177 499 230 erint.
514 195 544 229 De
557 193 677 243 emissione
689 193 710 228 et
722 181 841 237 augmento
854 191 953 227 iustitiae

192 300 237 341 hac
255 300 415 351 disputatione
433 311 615 351 nonnumquam
633 299 747 340 oblivioni
766 299 848 341 datum
866 299 962 340 videtur
979 299 1039 340 acci-

192 364 252 403 dens
275 374 323 403 non
347 375 397 405 csse
414 365 447 412 id,
466 364 529 415 quod
547 363 589 411 est,
609 363 649 403 sed
676 373 736 403 «ens
753 362 832 402 entis»
859 363 907 403 sive
932 362 964 411 id,
991 373 1039 412 quo

118 446 119 449 =
192 425 227 466 est
240 425 340 476 aliquid.

260 512 284 563 b)
305 513 469 553 'Perminum
487 511 633 551 Internum
652 511 695 551 hoc
713 507 870 560 augmentum
890 520 938 559 non
956 509 1036 551 habet,

192 573 252 615 Istae
275 575 341 616 enim
364 574 490 626 qualitates
507 574 700 624 supernaturales
722 584 751 613 ex
774 573 860 614 natura
878 583 921 614 sua
939 573 1037 614 suntin

191 637 349 688 Indefinitum
365 636 531 688 perfectibiles
551 636 717 687 producuntur
735 649 750 677 a
764 628 817 677 'Deo
835 636 996 687 omnipotente
1014 636 1038 677 et

191 700 341 751 recipiuntur
363 700 496 740 ab'anima
520 699 652 749 secundum
675 699 805 750 potentiam
830 687 1034 747 oboediential'em

134 781 137 792 ·
191 774 252 813 quae
262 763 311 804 tam
321 763 367 803 late
377 762 441 813 patet
450 774 523 813 quam
533 762 628 803 interna
637 761 783 813 possibilitas
793 773 834 803 seu
844 773 1038 813 non-repugnan-

190 826 224 866 tia
236 836 325 874 rerum;
339 825 380 866 scd
392 836 440 866 non
452 825 571 876 repugnat
582 836 732 876 quocumque
745 825 822 875 gradu
836 825 920 865 collato
934 824 1036 865 conferri

190 889 293 939 gradum
310 889 462 938 superiorem.
481 890 542 939 Ergo
560 898 589 929 ne
606 889 712 929 humana
729 888 827 939 quinem
844 887 931 929 natura
947 887 1035 929 Christi

191 962 320 999 summum,
338 951 380 1002 qui
396 950 494 1001 cogi-tari
510 951 593 1002 potest,
611 951 700 1001 gratiae
717 951 807 992 creatae
824 951 909 991 habuit
924 951 1033 1001 gradum.

190 1014 317 1054 Terminus
336 1013 472 1054 externus
490 1014 593 1055 babetur
612 1025 640 1054 er
659 1014 734 1054 libera
752 1014 796 1054 Dei
816 1013 972 1063 ordinatione,
993 1013 1035 1064 qui

190 1076 292 1127 singulis
308 1076 448 1117 hominibus
466 1076 648 1117 determinatam
668 1077 761 1127 copiam
779 1076 911 1127 gratiarum
929 1076 1036 1117 externa-

189 1150 244 1179 rum
264 1139 287 1179 et
307 1139 464 1188 internarum,
487 1139 672 1180 determinatum
692 1139 754 1180 vitae
777 1140 881 1191 spatium
902 1139 945 1180 etc.
969 1150 1035 1189 prae-

189 1202 293 1243 destinat
306 1203 329 1243 et-
342 1202 439 1243 contert.
456 1203 550 1252 Quanto
564 1203 642 1243 studio
657 1202 746 1253 singuli
761 1202 824 1243 hIsce
839 1202 922 1256 gratus
936 1203 1036 1243 occasi0-

189 1265 308 1315 nibusqne
327 1265 410 1305 salutis
427 1265 495 1305 usuri
513 1265 536 1306 et
554 1265 724 1315 consequenter
742 1265 859 1315 quantum
879 1265 1035 1316 augmentum

189 1328 278 1379 gratiae
295 1328 426 1368 habitualis
442 1339 485 1379 per
502 1328 566 1368 bona
583 1339 655 1378 opera
672 1328 695 1368 et
711 1328 859 1368 sacramenta
877 1328 923 1368 sibi
941 1339 1035 1379 compa-

189 1390 264 1431 raturi
284 1391 338 1439 sint,
357 1392 422 1431 Deus
438 1390 567 1441 praevidet.
589 1390 781 1442 impossibilitate
800 1392 862 1432 banc
881 1390 924 1432 Dei
943 1392 1035 1442 praevi-

190 1454 280 1493 sionem
299 1448 455 1503 consequente
473 1449 543 1493 nemo
563 1453 640 1503 potest
657 1453 721 1494 ultra
739 1453 812 1493 istum
831 1454 933 1503 gradum
953 1466 968 1494 a
986 1454 1035 1495 Deo

188 1516 325 1566 praevisum
340 1516 363 1557 et
376 1515 579 1566 praedestinatum
594 1515 717 1566 proficere.
733 1516 764 1557 At
778 1527 854 1566 neque
870 1517 1034 1557 antecedenter
1106 1558 1107 1561 ,

188 1578 289 1630 quilibet
300 1578 390 1629 gradus
400 1578 499 1619 cuilibet
511 1579 546 1620 est
557 1578 706 1629 attingibilis.
721 1580 782 1619 Nam
794 1579 850 1620 licet
861 1580 933 1620 bomo
945 1579 1034 1631 aliquis

187 1652 242 1681 cum
255 1641 321 1682 omni
333 1640 410 1691 gratia
421 1652 464 1691 per
475 1641 549 1682 totam
562 1641 637 1682 vitam
650 1653 685 1690 ea,
699 1653 748 1693 qua
760 1641 865 1683 absolute
879 1643 964 1692 posset,
981 1642 1034 1683 dili-

187 1704 266 1755 gentis
285 1704 450 1754 cooperaretur
468 1703 608 1754 nullamque
627 1705 774 1745 occasionem
793 1705 897 1756 augendi
917 1704 1032 1746 iustitiam

186 1766 391 1817 praetermitteret,
407 1778 455 1806 non
469 1766 605 1817 perveniret
619 1767 666 1807 nisi
682 1767 712 1807 ad
727 1767 912 1808 determinatum
927 1767 1033 1819 aliquem

186 1830 288 1880 gradum
304 1829 441 1877 sanctitatis,
458 1830 499 1880 qui
515 1829 633 1870 immensa
647 1830 725 1870 adhuc
741 1830 854 1871 distantia
868 1831 933 1871 infra
948 1831 1032 1872 sancti·
1105 1844 1107 1847 ’

186 1892 259 1933 tatem
272 1891 360 1932 Christi
373 1892 396 1933 et
407 1892 492 1933 matris
503 1892 555 1942 eius¹
567 1893 682 1941 maneret
696 1893 757 1933 sicut
769 1892 851 1942 limax,
866 1893 978 1944 quamvis
990 1905 1034 1945 per

187 1955 261 1996 totam
276 1955 351 1995 vitam
369 1954 470 1996 ulterius
486 1965 562 2005 usque
579 1965 661 2006 repere
678 1955 759 2005 possit,
778 1955 858 1997 tamen
876 1966 925 1996 non
942 1968 1034 2006 perme-
1105 1998 1107 2015 ἰ

186 2018 258 2058 ttetur
270 2017 365 2058 tantum
377 2018 476 2066 itineris,
492 2018 610 2068 quantum
624 2017 704 2069 aquilo
716 2018 801 2068 paucis
813 2019 973 2069 pervolaverit
985 2020 1033 2061 die·

185 2081 231 2121 bus
247 2080 392 2131 (exemplum
406 2081 485 2122 Patris
498 2081 532 2120 De
548 2080 661 2129 Cuniculi,
677 2082 742 2132 apud
756 2083 774 2121 P
788 2081 844 2122 VIII
858 2082 903 2132 72).
919 2106 950 2112 —
965 2083 1033 2123 Gom·

185 2143 292 2184 maniter
302 2143 419 2191 homines,
433 2144 452 2182 si
465 2142 605 2194 diligentius
616 2143 739 2183 uterentur
752 2144 835 2194 gratiis
847 2144 940 2193 oblatis,
955 2146 1032 2186 multo

185 2206 302 2246 maiorem
315 2205 497 2255 assequerentur
511 2204 642 2246 sanctitatis
655 2206 764 2256 gradum,
780 2207 895 2258 quamde
910 2207 971 2248 lacto
986 2209 1032 2249 sibi

185 2268 320 2319 acquirunt.
1104 2268 1107 2278 ²

254 2354 275 2404 c)
296 2355 330 2394 De
350 2364 423 2393 nexu
443 2352 507 2393 inter
525 2353 681 2402 augmentum
700 2353 810 2404 gratiae
831 2355 854 2395 et
874 2356 1030 2405 augmentum

183 2417 324 2458 virtutum
338 2416 418 2457 variae
433 2415 489 2456 sunt
503 2414 644 2456 sententiae:
670 2416 691 2467 a)
708 2416 837 2467 Vazquez
851 2418 875 2459 et
888 2418 942 2459 alii:
961 2418 1031 2459 Habi-
1101 2411 1107 2476 s}

186 2479 224 2520 tus
237 2479 298 2529 fidei
311 2479 335 2520 et
348 2480 399 2529 spei
414 2490 462 2519 non
476 2477 597 2526 omnibus,
613 2478 700 2529 quibus
714 2480 791 2530 gratia
806 2481 913 2531 augetur,
929 2481 1031 2530 actibus,

184 2542 225 2582 sed
238 2542 342 2592 propriis
358 2547 451 2581 tantum
466 2542 557 2581 actibus
573 2541 696 2592 augentur.
712 2568 744 2573 -—
765 2544 787 2596 β)
806 2544 910 2584 Suarez
925 2544 1026 2596 aliique:
1101 2552 1107 2570 l

186 2603 286 2644 Habitus
300 2603 396 2645 formati
410 2600 520 2645 crescunt
534 2603 606 2644 simul
621 2615 675 2646 cum
690 2605 774 2656 gratim
789 2605 905 2656 iusormes
920 2619 962 2658 per
977 2620 1030 2658 pro·
1101 2599 1107 2619 l

185 2750 272 2785 gerung
284 2742 322 2777 des
334 2742 429 2778 Habitus
443 2740 550 2783 cadurch,
566 2742 617 2777 dass
630 2743 665 2778 die
677 2744 718 2778 mit
731 2742 815 2779 seinem
827 2743 908 2779 Wesen
920 2744 1031 2789 gegebene

187 2785 440 2833 Steigerungsiahigkeit
455 2788 526 2824 durch
540 2788 622 2824 hohere
637 2790 662 2824 in
676 2790 765 2826 innerer
779 2790 929 2835 Hinordnung
943 2799 972 2825 zu
986 2790 1031 2827 ein·

186 2835 256 2870 ander
267 2834 372 2871 stebende
384 2836 455 2872 Graue
466 2834 638 2871 fortschre-itend
649 2835 696 2872 sich
706 2836 863 2879 verwirklicht,
876 2846 900 2872 er
912 2837 980 2873 selbst
991 2839 1030 2872 aui

185 2882 245 2918 diese
261 2882 334 2917 Weise
351 2883 412 2918 einer
427 2885 545 2926 grosseren
562 2882 760 2928 Seinsvollendung
776 2883 895 2927 zugefiihrt
910 2883 968 2919 wird
983 2885 1031 2920 und
1101 2893 1107 2932 t

183 2939 208 2964 so
222 2929 287 2964 tiefer
300 2929 324 2963 in
338 2930 421 2965 seincm
435 2932 519 2974 Trager
532 2929 623 2964 wurzelt
637 2931 684 2966 und
698 2931 774 2966 diesen
788 2940 816 2965 zu
830 2933 942 2974 grosserer
959 2932 1032 2968 Wirk-
1102 2932 1107 2977 ξ

185 2976 280 3027 sarnkeit
294 2975 420 3019 berningi.»
1102 2977 1107 2995 τ
