2214 3350
207 137 208 140 ’
234 161 235 164 ,
293 132 405 167 scholium
420 130 437 167 1.
454 130 560 166 Doctrina
577 129 597 164 S.
615 126 735 171 Augustini

93 239 146 280 1-o8.
197 239 282 281 variae
299 239 468 293 explicationes
485 237 563 278 falsae
580 237 617 277 vel
632 234 818 276 insufficientes:

161 328 180 365 l.
201 325 367 375 molestantes,
387 324 479 372 Baiani,
499 322 652 369 lucianistae,
673 319 860 371 repastinantes
879 321 938 360 Dec*

64 386 65 389 ’
91 389 166 429 torem
180 389 270 439 gratiae
284 390 415 429 secundum
430 399 502 428 suum
517 385 619 438 systema
634 383 821 435 interpretantur
836 383 864 423 00
878 393 936 432 pec-

91 450 154 491 eato
179 453 295 502 proprie
313 451 410 499 edicto,
440 448 598 501 personali,
628 447 691 498 quod
720 458 807 487 noram
835 456 935 496 poenam

91 514 203 554 meretur.
218 539 250 545 -
264 515 364 556 Obstant
377 514 456 555 textus
469 512 495 553 in
510 512 571 553 thesi
586 511 653 552 allati
671 511 702 562 [n.
720 513 761 551 100
768 511 796 561 s).

160 603 180 640 2.
196 600 269 640 lirim
285 600 388 651 theolopc'
405 599 509 651 (Sumen,
526 596 695 655 Bellarminaa
712 595 808 642 Hubert,
825 596 939 641 Pomona

90 661 215 713 Klectpcra
231 663 281 711 alin
296 676 317 703 v.
333 663 405 702 Ernst
418 668 441 712 p.
457 661 523 711 7855)
539 659 672 712 explicant:
690 658 808 710 Loquitur
822 659 852 699 de
865 669 939 699 coin-

91 723 215 765 muniter
242 727 268 766 et
294 726 353 766 fere
380 735 490 775 semper
517 722 765 773 contingentibus.
793 720 936 761 Praesertim

91 788 111 836 si
128 788 185 828 finis
202 789 372 835 consideratur,
393 788 451 827 «nir
468 786 642 827 inveniuntur»
661 795 733 834 opera
751 795 799 824 non
817 783 888 824 mala.
907 809 942 813 —-

91 851 123 891 At
137 857 218 891 contra
233 852 356 891 lattaoum
370 850 469 891 omnino
483 849 563 890 omnis
577 849 724 900 possibilitas
740 847 807 889 actus
822 859 870 887 non
886 859 941 899 pec-¹

91 913 206 969 caminosi
224 913 331 964 negatur.

113 992 115 994 ¹
160 1002 179 1039 3.
197 1000 222 1039 S.
241 1000 345 1039 Taomas
360 1002 380 1046 2,
398 1003 410 1039 2
427 1010 449 1049 q.
466 1001 493 1039 23
504 1010 530 1038 a.
548 1000 561 1037 7
577 998 608 1038 ad
625 1001 649 1038 1:
671 997 764 1038 «Actus
778 997 893 1045 infidelis,
911 997 936 1036 in

91 1063 208 1114 quantum
226 1063 261 1104 est
278 1063 392 1110 infidelis,
411 1074 505 1113 semper
523 1063 557 1103 est
574 1062 706 1113 peccatum,
716 1093 721 1100 .
732 1094 751 1101 ..
772 1061 904 1112 quidquid.
915 1093 919 1100 .
930 1093 939 1100 .,
984 1086 985 1089 =

91 1128 169 1179 iaciat,
187 1128 302 1168 ordinans
319 1128 354 1168 ad
368 1126 457 1167 tinem
474 1138 540 1167 suae
558 1126 780 1166 infidelitatis.»
802 1126 932 1176 Tournelp:

41 1179 42 1187 ¹
90 1205 113 1232 v.
126 1204 148 1243 g.
161 1192 217 1233 dare
229 1192 390 1242 eleemosynas
401 1192 431 1232 00
443 1192 609 1231 honorandum
623 1192 710 1231 lovem.
723 1217 755 1222 —
767 1192 813 1232 Sed
826 1191 845 1231 si
857 1192 940 1242 Augu-

91 1256 167 1297 stinus
184 1257 236 1296 cine
253 1257 303 1307 fide
320 1256 472 1306 intellegebat
488 1262 570 1297 contra
587 1256 670 1306 fidem,
690 1268 732 1297 001
750 1257 793 1296 boc
812 1267 936 1306 nunquam

91 1321 161 1362 dixin
178 1323 227 1362 Hoe
244 1332 314 1361 sensu
332 1321 439 1361 lulianus
456 1321 559 1362 libenter
574 1320 639 1361 istud
656 1321 759 1361 effatum
777 1319 939 1362 concessisset..

160 1414 180 1451 4.
195 1411 297 1451 Thomas
309 1414 329 1459 2,
343 1413 356 1451 2
367 1422 390 1461 q.
403 1413 430 1450 10
441 1423 462 1451 a.
475 1414 488 1451 4
500 1412 530 1451 ad
542 1414 553 1451 1
567 1410 757 1461 interpretationi
768 1411 841 1452 modo
851 1411 940 1451 allatae

91 1475 164 1515 aliam
180 1473 323 1526 praemitti:
347 1486 419 1515 «cum
436 1474 533 1526 peccata
549 1476 600 1516 sine
616 1475 665 1517 tide
688 1487 744 1516 000
766 1475 947 1522 tollantur»,-

91 1540 107 1579 i.
126 1551 146 1580 e.
163 1540 246 1580 onmia
262 1551 335 1590 opera
351 1538 491 1590 relinquunt
513 1539 638 1581 infidelem
656 1535 762 1581 instate
779 1539 869 1591 peccati
894 1552 939 1580 1100

61 1652 62 1656 ¹
90 1604 223 1654 quidquam
242 1603 341 1653 positive
360 1603 485 1645 conserunt
503 1605 534 1644 ad
552 1604 755 1645 iustificationem.
775 1604 813 1644 Ad
831 1604 936 1645 mentem

92 1668 211 1718 roaraelp
229 1668 272 1719 [De
286 1668 364 1718 gratia
379 1667 466 1709 Christi
482 1680 505 1718 q.
522 1671 542 1716 4,
560 1681 581 1709 a..
598 1671 612 1709 2
628 1669 749 1726 [Coloniae
766 1670 829 1728 1734]
847 1669 867 1709 ll
884 1669 933 1716 385}

90 1732 147 1773 addi
172 1731 260 1782 potest:
297 1732 374 1782 Opera
400 1733 498 1773 honesta
524 1732 631 1772 infidelis
657 1733 706 1774 Deo
733 1733 860 1784 displicent
887 1744 936 1774 non

90 1797 169 1847 quoad
183 1796 270 1845 aetum,
287 1797 328 1837 sed
342 1796 433 1847 quoad
448 1795 553 1836 statum
567 1797 690 1847 agentis,
707 1797 756 1838 sive
771 1798 935 1848 praedicatum

91 1861 250 1912 peccaminosi
274 1861 298 1901 et
323 1862 372 1901 Deo
397 1859 543 1911 displicentis
570 1861 749 1902 transfertur
774 1875 788 1903 0
815 1873 934 1913 persona
982 1906 985 1911 ,

91 1925 174 1976 agente
185 1926 216 1966 ad
228 1925 309 1966 omnia
319 1924 371 1965 eius
381 1935 465 1975 opera
479 1925 559 1977 (Ernst
569 1938 592 1976 p¹
606 1926 651 1977 95).
664 1952 694 1957 —
707 1927 754 1967 Sed
765 1927 810 1967 hoc
822 1928 872 1968 sine
884 1928 935 1969 iure

52 2045 54 2051 ⁴
91 1990 194 2031 infertur
208 1990 232 2031 et
246 1989 349 2030 textibus
363 1988 461 2030 minime
477 1989 599 2031 satisfacit.

159 2086 179 2123 5.
193 2083 307 2134 Ripalda:
323 2083 396 2123 Actus
406 2092 471 2121 mere
482 2080 625 2122 naturaliter
635 2081 750 2123 honestus
760 2093 886 2133 nunquam
898 2082 937 2129 lit.

91 2148 149 2198 quia
166 2148 241 2189 Deus
259 2146 362 2188 decrevit
379 2156 441 2186 oum
459 2145 536 2185 omni
555 2145 619 2186 actu
638 2146 713 2187 bono
731 2147 938 2197 supernatura-v
997 2155 1001 2162 ·

91 2212 159 2253 liter
173 2221 354 2259 concurrere,
370 2209 386 2248 i.
401 2221 421 2250 e.
438 2210 469 2250 ad
482 2221 580 2250 01110010
596 2210 675 2251 aetum
691 2211 818 2252 honesturn
834 2211 934 2262 gratiam

91 2277 154 2317 fidei
164 2276 248 2318 saltem
262 2276 308 2316 late
323 2274 398 2315 dictae
413 2275 539 2315 concedere
557 2276 587 2326 [v.
604 2276 638 2315 tli.
654 2277 685 2327 4).
701 2302 732 2307 —
745 2276 870 2318 Distinctio
885 2278 935 2326 qni-

21 2370 23 2373 ·
91 2342 147 2382 dem
162 2341 223 2391 fider*
238 2341 316 2380 stricte
334 2345 355 2379 et
371 2338 416 2378 late
433 2339 516 2386 dictae,
535 2339 597 2381 sieut
612 2342 800 2392 correspondens
816 2340 937 2382 distinctio

91 2405 202 2453 caritatis,
227 2403 356 2446 conformis
378 2402 413 2443 est
436 2403 496 2443 ideis
519 2403 732 2454 neoplatonicis
757 2406 779 2445 S.
799 2404 934 2457 Augustini,

91 2469 134 2521 qui
154 2469 179 2509 in
198 2470 266 2510 omni
285 2479 342 2509 vero
360 2466 384 2507 et
403 2467 466 2507 bono
487 2468 556 2508 facile
577 2468 643 2509 videt
663 2481 786 2511 summum
808 2482 892 2511 rerum
913 2471 936 2512 et

91 2535 205 2574 bonum1.
226 2533 263 2573 Ad
283 2534 344 2573 hano
363 2530 531 2581 proprietatem
552 2533 576 2573 S.
597 2532 727 2584 Augustini
745 2536 770 2576 et
788 2535 861 2575 simul
881 2547 935 2575 oum

91 2601 113 2638 0ἃ
132 2598 287 2648 explicatione
306 2597 337 2637 00
356 2594 498 2635 rhetoricam
517 2597 623 2637 indolem
644 2600 760 2639 sermonis
779 2599 933 2648 attendentes,

91 2662 168 2703 multa
180 2663 242 2704 dura
252 2661 325 2702 verba
338 2660 366 2714 de
379 2659 474 2700 caritate
487 2660 511 2701 et
523 2661 654 2712 eupiditate
666 2664 737 2715 atque
752 2665 849 2705 tortasse
863 2665 934 2705 etiam

91 2729 120 2768 de
133 2728 181 2768 tide
194 2728 217 2768 et
229 2725 369 2766 infidelitate
382 2722 407 2762 in
420 2723 511 2764 bonum
525 2737 621 2767 sensum
635 2718 785 2787 interpretari
800 2740 933 2778 possumus.

131 2866 166 2946 ΜΒ
174 2865 201 2945 Vk
215 2862 270 2947 {1034
278 2872 295 2904 s3
309 2860 437 2905 blaccatum,
453 2862 521 2898 Ethik
536 2865 574 2899 des
588 2864 608 2899 h.
625 2865 678 2910 Aug.
697 2867 706 2901 Ι
721 2875 742 2910 p.
759 2866 861 2908 lit—*1843
876 2866 935 2911 tripu

92 2920 112 2946 n.
180 2920 191 2946 e
253 2935 257 2942 .
852 2939 860 2945 ,.
