2214 3350
176 162 212 199 324
296 162 351 199 sect.
364 163 403 199 III.
417 163 463 199 Art.
477 164 505 200 ΙΙ.
519 165 550 199 De
562 164 630 199 donis
638 164 663 198 in
674 161 836 199 iustificatione
845 163 903 199 datis
925 190 926 194 ,

176 271 305 312 SGHOLIA
319 272 358 312 Da
373 272 453 313 ALIIS
469 271 656 312 EFFEGTIBUS
672 270 870 311 FORMALIBUS
888 269 1021 311 GRATIAE

471 356 722 397 SANCTIFIGANTIS

174 469 229 512 435.
274 469 355 507 Schol·
370 471 390 505 1.
409 470 579 506 Enumerantur
596 469 695 505 ‘erfectus
714 467 830 513 formales,
854 478 909 513 quos
935 468 1023 505 Villada

177 522 205 568 (n.
223 521 302 569 23-25)
319 523 418 559 recenset
433 523 550 566 tamquam
566 523 641 566 partes
658 521 778 566 adaequati
796 521 885 566 effectus
902 520 1022 567 participa-

174 575 243 609 tionis
257 574 352 610 naturae
367 574 467 618 divinae:
484 574 505 617 a)
522 573 603 609 Anima
617 573 717 608 elevatur
731 573 761 608 ad
775 572 876 608 ordinem
891 571 1023 618 supernatu-

173 626 245 661 ralem
260 634 300 671 per
317 634 399 660 novum
416 633 464 660 esse
483 623 661 670 supernaturale
679 624 701 670 h)
721 623 803 670 accipit
820 624 917 659 formam
935 622 1021 659 ordinis

173 686 224 713 vere
240 677 317 720 divini;
333 677 352 723 c)
369 676 462 712 efficitur
477 677 522 711 Deo
538 675 668 721 simpliciter
683 676 754 719 grata,
771 675 855 721 placita
871 677 892 711 et
908 675 1020 717 amabilia

174 729 196 774 d)
210 728 339 764 radicaliter
351 728 459 774 disposita
472 728 501 763 ad
513 728 651 772 operandum
661 728 781 763 intrinsece
795 728 816 763 et
827 727 984 773 permanenter
996 727 1022 762 in

174 780 252 816 ordine
271 778 444 825 supernaturah5
464 780 483 825 e)
503 779 564 814 recta
582 788 621 815 seu
639 779 699 814 iusta
718 780 739 814 et
758 780 803 814 Deo
822 777 902 814 similis
913 778 1020 814 ‘moribus

174 841 200 867 ac
212 832 340 874 virtutibus;
354 831 370 876 t)
385 831 495 866 mundata
509 831 536 866 ab
550 831 610 865 omni
624 831 688 875 gravi
702 831 782 875 saltem
795 830 892 876 peccato;
907 830 934 877 gl
945 840 1021 876 super-

172 883 307 918 naturaliter
330 882 445 928 pulchra
471 882 498 927 (v.
518 882 591 917 textus
607 882 755 927 Ps-Dtonpsir',
776 882 853 928 Cprilli
871 883 912 926 At,
931 882 1018 924 Basilii,

173 935 277 977 rhomae,
297 935 474 977 Beneventuraa
496 934 568 978 Venae
589 935 655 979 atque
674 935 864 980 comparationem
884 935 971 979 gratiae
990 935 1021 970 ad

172 986 251 1030 lucem,
265 995 333 1031 quam
346 985 434 1022 Villnda
447 995 499 1021 cum
511 986 623 1023 Scheehen
637 987 658 1022 et
671 987 754 1022 Hcrter
768 986 870 1032 explicat
884 987 910 1023 de
924 986 1020 1032 pulchri-

172 1038 249 1073 tudine
273 1037 352 1074 eiiectu
374 1037 462 1082 gratiae
485 1037 649 1073 sanctificantis
673 1038 719 1082 agit
737 1038 805 1074 etiam
822 1040 839 1074 J.
859 1039 1016 1074 Brtrremrenr:

172 1089 263 1135 Ephem.
283 1089 355 1125 Theoi.
375 1090 457 1139 Loran.
476 1091 487 1126 5
506 1088 574 1137 [1928]
593 1089 703 1135 ira-436).
722 1109 746 1115 -
763 1090 901 1135 specialibus
919 1089 1019 1125 thesibus

172 1141 261 1176 villaria
277 1141 366 1187 probat:
392 1141 435 1176 Per
458 1141 556 1186 gratiam
578 1140 685 1177 efficimur
707 1142 832 1177 formaliter
849 1143 870 1188 a)
889 1143 961 1177 sancti
979 1151 1018 1177 seu

172 1193 283 1228 immunes
299 1202 313 1227 a
327 1193 417 1238 peccato
432 1192 530 1235 mortali;
545 1193 567 1239 b)
584 1193 638 1228 iusti
653 1195 675 1228 et
689 1193 775 1229 interne
791 1193 899 1236 renovati;
915 1194 934 1239 c)
952 1194 1018 1229 amici

171 1244 218 1287 Dei;
232 1245 253 1290 d)
266 1243 307 1279 filii
318 1245 358 1280 Dei
370 1245 469 1290 adoptivi
482 1245 503 1280 et
513 1245 565 1280 viva
576 1245 676 1281 membra
688 1245 778 1289 Christi;
791 1247 810 1292 e)
825 1245 932 1290 templum
943 1246 1018 1280 vivum

173 1297 193 1332 S.
210 1295 310 1344 Spiritus·
320 1296 346 1331 in
359 1296 423 1331 nobis
436 1296 592 1332 inhabitantis.

171 1450 226 1491 436.
265 1450 361 1495 SclroI.
385 1452 413 1495 2.
442 1450 478 1492 De
492 1449 606 1492 relatione
622 1451 684 1492 inter
698 1450 801 1502 gratiam
816 1452 841 1492 et
855 1450 1018 1492 remissionem

171 1514 332 1566 peccatorum.

206 1628 368 1717 81121329fi37351
369 1648 397 1716 7-9
408 1629 497 1665 Villadc
508 1629 584 1666 26-55,
597 1649 620 1654 -
631 1630 679 1665 Ber.
694 1628 793 1666 854-877.
807 1649 830 1655 -
842 1630 902 1664 Mazz
915 1628 1015 1665 eet-994.

170 1700 206 1706 -·
222 1691 233 1717 c
250 1692 258 1715 1
276 1709 281 1716 .
334 1700 358 1706 —
394 1709 398 1716 .

239 1786 266 1825 In
285 1785 454 1826 iustificatione
474 1785 584 1826 delentur
602 1786 697 1836 peecata
718 1786 761 1838 (th.
783 1787 816 1837 12)
839 1787 862 1827 et
880 1786 1018 1827 infunditur

138 1844 140 1849 ’
169 1848 246 1899 gratia
261 1848 390 1889 habitualis
406 1848 449 1900 (th.
468 1849 511 1899 13).
529 1849 657 1897 Quaeritur
671 1859 743 1896 nunc,
761 1849 879 1899 quomodo
895 1848 952 1889 haec
969 1849 1016 1890 duo

169 1911 231 1951 inter
249 1922 272 1951 se
290 1911 400 1951 habeant.

238 1997 256 2039 1.
271 1998 406 2050 Possuntne
419 1999 521 2051 peecata
532 1997 621 2039 remitti
634 1999 684 2040 sine
697 1998 815 2040 inlusione
829 1998 940 2050 gratiae?
954 1999 1016 2039 Non-

169 2060 230 2101 nulli
246 2061 416 2109 Thomistae,
433 2061 567 2109 Caietanua
585 2060 791 2109 salmanticenses,
808 2062 905 2102 Medina
921 2062 964 2102 ete.
983 2064 1014 2113 [v.

169 2124 221 2164 Ber.
238 2124 296 2174 873),
313 2125 356 2164 hoc
372 2124 479 2163 absolute
493 2129 589 2174 necant.
606 2124 653 2165 Sed
669 2124 755 2165 rectius
769 2136 825 2165 cum
841 2124 978 2165 Scotistis
993 2125 1016 2165 et

167 2186 316 2237 ,plerisque
334 2186 452 2226 lesuitis
471 2186 639 2237 respondetur:
669 2189 688 2227 1.
709 2187 832 2228 Possunt
857 2186 945 2228 remitti
965 2187 1014 2228 sine

168 2249 245 2300 gratia
257 2244 338 2289 inlusa
349 2250 379 2289 in
390 2249 458 2289 aliis
470 2249 623 2290 ordinibus
636 2248 726 2289 salutis.
741 2250 762 2300 a)
779 2250 807 2289 In
819 2249 902 2290 ordine
916 2256 1015 2290 naturae

167 2323 243 2363 purae
260 2312 318 2353 satis
333 2312 400 2360 esset,
419 2312 447 2352 ut
463 2312 527 2352 Deus
544 2312 662 2353 desineret
679 2322 728 2353 esse
746 2323 844 2353 aversus
861 2313 891 2353 ab
909 2312 1013 2361 homine,

168 2375 209 2425 qui
225 2375 319 2426 peccato
335 2375 460 2416 retractato
474 2375 498 2415 et
512 2374 628 2416 divinitus
643 2375 774 2416 condonato
791 2375 841 2416 sine
857 2375 920 2416 dono
934 2376 1014 2416 infuso

168 2438 246 2478 denuo
258 2437 387 2484 efficeretur
398 2438 459 2478 recte
472 2437 601 2488 dispositus
613 2438 644 2479 ad
657 2437 732 2478 tinem
745 2438 858 2479 ultimum
871 2438 1012 2479 naturalem.

167 2525 198 2531 —
211 2501 236 2552 1))
252 2501 332 2541 Potuit
346 2502 410 2541 Deus
424 2501 534 2541 ordinem
548 2501 754 2550 supernaturalem
770 2501 932 2542 condicionem
948 2501 1013 2542 insti-

168 2563 241 2611 tuere,
255 2563 288 2604 ita
301 2564 350 2603 scil.
365 2564 393 2604 nt
405 2562 522 2614 peccatori
535 2563 665 2614 poenitenti
679 2562 809 2604 remitteret
822 2564 920 2614 quidem
933 2576 1013 2614 pecea-

169 2626 227 2674 tum,
248 2627 287 2667 sed
305 2626 407 2677 gratiam
425 2636 474 2666 non
492 2626 608 2666 redderet.
629 2626 667 2666 Sic
686 2625 794 2676 peccator
812 2626 935 2676 poenitens
954 2627 1014 2668 esset

167 2688 279 2729 reductus
293 2689 323 2729 ad
338 2689 448 2729 ordinem
464 2688 597 2729 naturalem
613 2689 683 2739 atque
698 2691 730 2731 ad
745 2689 852 2729 eiusdem
868 2689 943 2730 tinem
960 2689 1013 2730 nlti-

167 2762 235 2792 mum
245 2751 311 2799 ,recte
326 2751 462 2802 dispositua
479 2751 537 2802 quia
552 2752 614 2792 Deus
629 2762 676 2792 non
692 2752 797 2802 amplius
813 2751 917 2802 exigeret
931 2753 961 2793 ab
977 2764 1011 2799 eo,

167 2814 194 2854 ut
218 2814 249 2854 ad
274 2814 349 2854 tinem
374 2813 580 2865 supernaturalem
604 2826 647 2864 per
671 2814 773 2864 gratiam
798 2813 956 2856 ordinaretur.
982 2842 1014 2847 -

167 2877 187 2927 c)
205 2876 312 2916 Tandem
326 2877 403 2927 potuit
416 2877 480 2917 Deus
494 2876 590 2927 propter
605 2877 729 2927 peccatum
745 2878 807 2917 dona
822 2878 1012 2927 supernaturalia

167 2951 209 2991 pro
223 2941 268 2979 hac
281 2939 378 2990 quidem
391 2940 440 2980 vita
455 2939 578 2980 definitive
592 2939 681 2988 tollere,
697 2940 738 2980 sed
752 2939 868 2989 peccatori
882 2941 1012 2991 poenitenti
