2214 3350
242 149 319 185 Thesis
335 148 363 185 14».
381 147 522 186 Consortium
538 147 627 183 divinae
642 148 737 184 naturae
878 145 916 182 297

66 259 120 300 61111
143 258 254 308 5111116616,
278 257 340 298 illud
365 255 579 298 communicatione
602 267 659 296 sace
685 256 787 296 actitatis
811 255 915 296 ulterius

67 323 210 366 determinat
228 323 351 375 tamquam
370 334 426 374 pars
446 321 570 373 compositi
590 322 733 362 intrinsecus
752 321 911 369 constitutiva

66 414 97 420 —
111 389 279 440 primarius,
296 389 336 428 1116
352 387 459 437 61166165,
477 387 519 439 qui
535 387 621 439 primo,
640 385 784 434 immediate,
801 386 914 427 essentia-¹

66 454 121 495 liter
138 465 168 495 ex
184 455 262 495 torma
280 453 424 495 informante
444 464 485 493 seu
504 458 534 493 56
546 451 737 493 communicante
755 451 838 508 oritur,
859 452 913 491 aliis

65 519 157 560 verbis:
176 519 212 560 est
226 520 305 570 ipsum
320 518 493 570 compositum,
503 518 567 568 quod
583 529 612 558 ex
628 517 796 558 informatione
812 515 916 567 subiecti·

67 596 110 635 per
126 595 222 625 causam
240 584 365 624 formalem
382 584 461 635 primo
481 589 502 623 et
518 594 561 633 per
578 594 603 622 sc
621 583 697 623 oritur
717 582 753 633 (ut
769 581 853 622 album
870 591 915 632 per

66 649 209 697 albedinem,
224 660 309 689 sanum
321 660 363 699 per
376 648 510 696 sanitatem,
525 648 594 688 honio
608 659 650 699 per
663 647 787 698 animam),
802 648 828 687 in
841 656 912 697 oppe-

67 713 150 754 sitione
168 714 198 754 ad
216 713 412 762 secundarios,
431 713 447 754 i.
466 725 486 754 e.
504 723 588 753 omnes
605 712 665 753 alios
681 712 781 753 eftectus
798 711 915 763 positivos

66 768 239 830 et'negativos,
264 780 305 829 qui
329 779 408 829 ipsam
431 778 627 819 informationem
651 777 784 828 sequuntur
807 776 911 817 naturali

66 843 205 884 resultantia
226 844 264 895 (61,
284 845 421 894 exemplum
440 843 591 895 puerilitatis:
622 842 727 883 extensio
745 840 914 893 aptitudinalis

66 908 93 948 ut
108 908 208 949 61166165
223 908 359 958 primarius,
377 908 477 949 actualis
494 909 520 949 ut
536 906 709 957 secundarius).

134 1000 159 1051 h)
177 999 258 1050 Itaque
273 1011 300 1039 eo
316 999 375 1050 ipso,
393 999 456 1050 quod
472 1000 554 1040 anima
569 998 714 1040 informatur
730 999 772 1039 illa
788 998 910 1049 qualitate,

65 1076 138 1115 quam
148 1075 261 1105 vocamus
272 1064 379 1115 gratiamv
387 1064 583 1113 sanctificantem,
596 1064 712 1115 primario
725 1064 846 1105 obtinetur
857 1063 911 1112 hoc,

49 1130 91 1170 ,ut
115 1130 196 1170 anima
220 1129 334 1170 reddatur
359 1129 474 1171 divinae
498 1130 619 1169 naturae
644 1140 771 1169 consors:
796 1130 915 1183 κοινωνός

65 1194 113 1234 sive
126 1194 218 1236 habens
230 1196 365 1236 calceatae.
380 1194 428 1235 Hoc
441 1194 585 1235 vocabulum
598 1206 641 1245 per
655 1206 678 1234 se
692 1195 727 1234 est
740 1194 797 1234 satis
810 1193 914 1235 indeter¹¹

65 1258 191 1307 minatum
211 1259 331 1310 significat
348 1259 489 1307 societatem,
508 1259 657 1307 sodalicium,
676 1259 829 1307 consortium,
850 1270 913 1299 com-¹

64 1324 211 1372 munionem,
226 1324 432 1375 participationem
449 1323 643 1376 (Gemcinschast,
660 1325 806 1374 Tatinahme,
823 1325 909 1373 Anicii,

65 1390 212 1441 illitredecim
233 1403 255 1430 v.
278 1390 351 1441 Zac).
375 1390 418 1430 Hic
442 1401 490 1430 non
512 1390 658 1440 intellegitur
674 1401 740 1431 mera
757 1389 856 1431 societas
871 1401 912 1431 seu

66 1456 235 1496 commercium
252 1455 375 1507 (Vertehr)
393 1467 448 1495 curn
463 1456 519 1504 Deo,
536 1457 576 1496 sed
591 1455 673 1507 aliqua
688 1455 839 1506 participatio
857 1456 913 1508 (Aa.

65 1521 124 1572 teil).
140 1521 303 1571 «Participare
316 1521 377 1560 nihil
391 1520 457 1561 aliud
470 1521 505 1562 est
517 1532 590 1572 quam
603 1522 633 1562 ab
646 1521 693 1562 alio
707 1521 840 1572 partialiter
853 1522 913 1562 acei-

64 1597 138 1637 pere»
164 1586 197 1637 (S.
215 1586 307 1635 Thone,
330 1586 359 1625 In
375 1586 391 1626 l.
407 1588 470 1626 2116
486 1586 549 1626 caelo
566 1586 701 1635 ercamrao,
725 1586 777 1628 lect.
795 1588 909 1638 18116).

63 1677 94 1682 —
107 1651 185 1702 Magis
198 1651 370 1692 determinatur
383 1652 440 1692 haec
457 1655 568 1694 corvaria
586 1663 630 1702 per
642 1652 769 1693 vocabula:
790 1653 813 1703 a)
830 1664 906 1693 vere:

64 1727 112 1756 non
128 1717 258 1767 improprie
274 1716 368 1757 tantum
384 1717 421 1757 vel
438 1718 608 1768 metaphorica
623 1743 654 1748 -
674 1717 698 1769 β)
717 1717 847 1768 physice:
869 1729 913 1768 per

64 1782 109 1822 hoc
128 1792 170 1823 6115
189 1782 314 1833 physicum
333 1781 429 1822 realiter
447 1782 621 1832 participamus
639 1794 695 1823 cum
713 1784 799 1824 natura
820 1782 910 1831 divina

65 1858 113 1887 non
129 1848 241 1887 unionem
258 1847 375 1887 literalem
390 1847 483 1888 tantum
500 1848 586 1888 mentis
603 1848 627 1888 et
642 1848 771 1889 voluntatis
787 1859 830 1898 per
847 1859 910 1888 amo-

65 1923 115 1952 rem
140 1912 162 1952 et
186 1912 315 1952 amicitiam
342 1912 473 1962 accipimus
500 1912 604 1964 (Einheit
629 1913 670 1953 der
696 1913 854 1965 Gesianenp).
879 1939 911 1944 -

61 1977 89 2033 y)
105 1977 216 2018 Attamen
230 1977 331 2018 habetur
345 1977 465 2028 analoga
479 1978 585 2018 tantum:
604 1989 651 2018 non
666 1979 773 2028 univoce,
789 1978 805 2018 1.
822 1989 841 2019 e.
858 1989 913 2018 con-

65 2042 163 2083 sortium
178 2042 272 2082 divinae
286 2042 393 2091 naturae,
408 2044 480 2093 prout
492 2043 643 2093 praedicatur
657 2044 685 2084 de
699 2044 807 2094 personis
822 2043 910 2084 divinis

65 2107 88 2147 et
105 2107 134 2147 da
151 2107 232 2147 anima
250 2107 319 2155 iusta,
339 2118 388 2147 non
406 2108 441 2148 est
458 2119 555 2158 prorsus
573 2108 645 2156 idem,
667 2109 707 2149 sed
726 2109 751 2148 in
771 2109 910 2150 secundario

64 2170 188 2221 analogato
202 2171 283 2220 dejicit
296 2171 326 2211 ali
341 2170 382 2211 illa
395 2171 546 2221 perfectione,
562 2183 635 2222 quam
649 2171 674 2211 in
688 2172 816 2222 principali
831 2172 909 2221 hahet3

64 2261 92 2267 -
113 2234 135 2284 ὁ)
151 2234 175 2274 61
187 2233 407 2274 accidentaliter
421 2234 526 2274 tantum:
546 2245 593 2274 non
609 2234 650 2275 illo
665 2236 735 2275 modo
750 2234 911 2283 substantiali„

65 2308 111 2347 quo
128 2296 241 2337 divinitas
256 2297 376 2337 taracona
391 2303 491 2337 naturae
508 2296 598 2338 Christi
613 2309 655 2348 per
671 2297 785 2339 unionem
801 2298 913 2349 hyposta-

64 2359 135 2400 ticam
148 2359 345 2400 communicatur.
359 2385 391 2390 ——
404 2359 486 2401 Gratia
498 2361 533 2401 651
546 2361 624 2401 torma
637 2360 796 2410 accidentalis,
813 2362 913 2413 physica

64 2423 87 2463 et
100 2422 216 2470 absoluta
231 2434 304 2474 quare
318 2421 492 2470 formaliter,
508 2423 524 2462 i.
539 2435 559 2464 e.
576 2424 700 2473 tamquam
715 2425 793 2474 forma
807 2426 909 2473 interna,

64 2486 224 2535 informando,
239 2486 346 2526 animam
359 2486 438 2526 reddit
452 2486 584 2527 consortem
600 2487 694 2528 divinae
710 2486 815 2528 naturae.
833 2488 912 2528 Simul

64 2549 150 2590 fundat
169 2560 255 2589 noram
274 2548 414 2589 relationem
433 2551 465 2590 ad
485 2549 602 2600 Spiritum
624 2550 737 2590 Sanctum
756 2550 784 2591 ut
804 2550 910 2591 animam

63 2611 237 2652 inhahitantem
250 2612 320 2662 atque
334 2611 365 2652 ab
379 2612 461 2652 eadem
475 2623 610 2663 possessum
626 2615 656 2665 (v.
671 2614 705 2654 th.
721 2615 765 2665 id).
781 2614 821 2655 Sic
834 2614 913 2655 oritur

64 2674 135 2715 etiam
155 2674 252 2726 aliquod
271 2674 416 2715 consortium
436 2675 571 2725 relativam,
593 2676 661 2717 cuius
680 2677 758 2727 sernia
779 2677 910 2717 extrinseca

64 2744 86 2777 et
102 2738 213 2777 assistens
229 2738 264 2779 est
279 2738 329 2789 ipse
347 2738 370 2778 S.
389 2738 500 2788 Spiritus.
518 2739 583 2781 Licet
598 2740 643 2780 hoc
659 2739 690 2780 sit
705 2750 828 2781 summum
846 2740 912 2781 fasti-

63 2802 130 2852 gium
144 2802 233 2853 gratiae
246 2802 306 2851 riae,
321 2801 402 2842 tamen
416 2803 506 2853 gratiae
521 2810 612 2843 creatae
626 2802 725 2843 eftectus
740 2802 849 2844 formalis
862 2804 913 2853 pri-

64 2866 155 2906 marius
170 2866 204 2906 est
219 2864 364 2906 consortium
379 2865 487 2913 formale,
504 2867 529 2905 in
545 2878 593 2916 quo
608 2865 710 2906 hahetur
725 2866 912 2907 fundamentum

64 2927 200 2969 absolutum
214 2928 325 2969 consortii
340 2926 440 2968 relativi.
