2214 3350
252 144 404 204 Corollarium.
422 170 452 204 De
467 168 553 210 merito,
570 166 721 213 dispositione,
738 166 893 211 impetratione
961 163 996 201 201

151 276 208 318 teste
226 276 367 318 revelatione
387 277 444 318 sunt
460 275 586 324 eiusmodi,
606 275 634 316 ut
651 274 772 325 postulent
790 285 840 315 esse
858 273 907 314 aut
924 273 996 314 acci-

150 341 291 390 dentales,
317 342 374 390 aut,
402 342 421 382 si
445 340 501 381 sunt
525 338 700 387 substantiales,
726 338 875 379 infinitae.
900 338 995 378 Filiatia

149 406 232 448 divina
243 406 285 446 aut
296 407 340 447 erit
352 405 504 447 accidentalis
517 405 540 445 et
552 402 722 454 consequenter
733 403 845 453 adoptiva
858 402 906 451 aut,
921 404 940 442 si
953 414 996 453 per

148 471 227 521 ipsam
252 470 410 512 substantiam
436 470 545 518 habetur,
565 470 623 509 haec
643 467 775 509 substantia
796 468 840 508 erit
860 466 926 507 iilius
952 467 994 507 Dei

148 534 272 583 naturalis,
288 535 496 576 consubstantialis
510 533 583 575 Patri.

147 684 202 725 29⁰.
233 683 439 729 Corollarmm.
469 683 504 725 De
522 682 613 730 merito,
635 681 798 735 dispositione,
817 679 992 735 impetratione.

147 750 212 790 Inter
233 748 344 790 naturam
365 750 468 790 creatam
484 749 509 789 et
526 750 589 789 dona
605 748 697 789 ordinis
722 746 799 788 divini
823 746 859 788 est
882 744 995 786 distantia

147 813 251 862 infinita,
266 826 326 865 quae
339 826 353 855 a
366 815 415 855 solo
428 816 475 855 Deo
489 812 630 864 pertransiri
642 812 720 864 potest
732 823 767 861 eo,
783 813 847 863 quod
860 812 891 852 ad
905 811 968 851 creat
986 837 993 842 -

146 890 199 919 ram
217 879 402 920 misericorditer
419 891 443 920 se
461 878 565 920 demittit
582 889 684 929 eamque
701 879 732 919 ad
751 876 918 928 participanda
935 877 993 917 baec

146 943 208 984 dona
222 943 305 984 elevat>
321 944 433 985 Creatura
447 943 590 993 exigentiam
603 942 700 994 gratiae,
716 953 790 994 quam
804 953 832 983 ex
845 940 931 982 natura
944 951 993 980 non

146 1008 225 1056 habet,
243 1008 311 1048 arilia
328 1008 463 1058 operatione
486 1009 592 1048 natarali
614 1007 728 1048 inducere
752 1006 835 1058 potest,
855 1017 933 1056 neque
950 1017 993 1057 per

145 1073 245 1113 modum
262 1074 343 1113 meriti
359 1084 437 1124 neque
454 1084 496 1124 per
514 1073 614 1113 modum
632 1072 802 1123 dispositionis.
820 1073 882 1113 Nam
900 1071 993 1112 actibus

145 1137 303 1186 naturalibus,
321 1138 376 1178 iicet
391 1139 416 1178 in
433 1148 474 1178 suo
490 1148 575 1187 genere
590 1136 675 1188 optimi
692 1138 746 1186 sint,
764 1148 840 1187 neque
857 1148 886 1177 ex
901 1136 991 1176 iustitia

144 1213 222 1253 neque
237 1214 267 1243 ex
284 1202 391 1243 decentia
406 1203 539 1253 quidquem
557 1200 662 1250 debetur,
681 1203 745 1253 quod
762 1212 846 1242 omnes
862 1200 992 1251 exigentiae

144 1267 309 1308 creaturarum
322 1267 423 1318 superet.
438 1265 574 1317 Dispositio,
587 1278 661 1318 quam
674 1266 782 1308 creatura
795 1267 908 1317 operibus
920 1265 991 1306 hone-

144 1331 186 1372 stis
199 1331 288 1372 efficere
300 1331 382 1382 potest,
397 1330 506 1372 ordinem
519 1331 617 1372 naturae
630 1342 678 1371 non
690 1330 844 1380 transcendit
857 1342 930 1383 quare
943 1341 991 1371 non

143 1396 269 1437 ordinatur
279 1396 330 1437 nisi
345 1396 376 1436 ad
391 1396 467 1447 finem
481 1396 623 1436 naturalem.
640 1396 774 1445 Quominus
789 1396 856 1437 actus
871 1395 991 1436 naturales

143 1460 191 1501 sint
209 1460 332 1511 dispositio
350 1461 461 1511 nepativa
479 1461 510 1501 ad
529 1460 728 1510 supernaturalia,
748 1459 811 1500 nibil
829 1459 914 1508 obstat
933 1472 989 1500 nam

142 1525 228 1566 exinde
250 1536 300 1565 non
321 1525 464 1575 importatur
486 1524 537 1565 ulla
559 1525 685 1577 exigentia.
708 1552 740 1557 -
761 1525 864 1567 Dooente
887 1524 991 1566 Ecclesia

143 1589 257 1629 adversus
275 1589 363 1629 Baium
380 1589 467 1630 natura
485 1589 599 1630 innocens
617 1590 667 1631 sine
686 1590 764 1641 gratia
782 1589 889 1630 elevante
908 1589 991 1641 nequit

142 1652 229 1694 mereri
246 1654 349 1706 pieriam
369 1655 411 1705 (Dz
431 1657 485 1695 1002
504 1657 602 1695 toci-c
622 1656 734 1695 1011—15
753 1654 825 1705 1017).
852 1655 887 1694 Ex
905 1655 989 1695 eadem

142 1716 232 1758 ratione
246 1717 329 1769 nequit
341 1718 427 1758 mereri
440 1717 550 1769 aratiam.

142 1844 195 1885 291.
232 1843 319 1884 Utrum
334 1842 435 1885 orationi
451 1842 555 1884 naturali
571 1842 658 1894 aliquis
673 1844 754 1884 valor
770 1843 989 1894 impetratorius

141 1919 206 1949 mere
231 1907 259 1947 in
284 1908 347 1949 actu
371 1908 464 1958 primo
488 1907 592 1948 adscribi
611 1906 692 1959 possit,
713 1908 746 1948 th.
767 1910 781 1948 7
799 1909 908 1949 nondum
927 1908 987 1949 deci-

141 1984 195 2013 sum
208 1972 245 2013 est
260 1973 290 2024 (v.
307 1983 330 2012 n.
346 1974 386 2013 196
401 1972 444 2012 tin.
460 1972 519 2023 209).
536 1972 561 2012 Si
575 1971 677 2023 seposito
690 1972 757 2013 omni
771 1972 854 2014 valore
867 1972 988 2013 meritorio

140 2037 164 2078 et
180 2036 320 2088 dispositive
337 2036 412 2077 oratio
430 2034 554 2084 naturalis,
573 2035 716 2087 appellando
736 2037 767 2077 ad
786 2036 862 2078 solam
880 2036 987 2077 divinam

140 2100 308 2141 liberalitatem
323 2101 346 2142 et
360 2099 557 2149 misericordiam,
574 2101 637 2141 dona
653 2099 844 2151 supernaturalia
860 2100 987 2151 impetrare

140 2164 225 2213 posset,
244 2175 287 2214 per
304 2175 327 2205 se
343 2164 459 2215 preteritas
477 2163 567 2216 pratiae
584 2176 634 2204 aaa
650 2164 792 2214 laederetur,
811 2165 872 2206 sicut
889 2165 987 2206 eleemo-

140 2239 212 2279 synae
227 2229 338 2269 mendico
352 2228 441 2280 petenti
456 2228 530 2280 gratis
545 2229 639 2271 dantur.
656 2229 734 2279 Quare
748 2229 873 2280 Ripaida
886 2230 910 2271 et
924 2231 986 2271 Pal-

139 2292 234 2341 mieri‚
252 2293 317 2343 quod
331 2292 408 2334 oratio
423 2293 540 2334 naturalis
557 2294 586 2335 de
603 2293 666 2334 iacto
682 2298 730 2335 n'on
747 2294 860 2345 impetrat
876 2295 984 2345 gratiam,

139 2368 169 2396 ex
183 2368 211 2398 eo
224 2358 275 2397 solo
288 2357 404 2406 derivant,
420 2360 484 2408 quod
498 2358 563 2398 Deus
577 2357 686 2399 statuerit
699 2371 724 2400 se
738 2358 836 2409 propter
849 2359 921 2401 talem
935 2371 986 2400 ora-

139 2420 228 2462 tionem
242 2432 290 2461 non
304 2421 417 2462 daturum
431 2422 493 2462 dona
507 2421 706 2472 supernaturalia,
721 2423 781 2463 Van
796 2423 843 2463 der
858 2422 986 2463 Meersch

141 2485 184 2535 (De
197 2484 245 2526 div.
259 2485 320 2536 grat.
334 2497 358 2525 n.
372 2486 421 2537 167)
437 2486 516 2527 autem
530 2498 560 2527 ex
572 2486 714 2538 indignitate
728 2487 832 2539 speciali,
847 2499 909 2539 quae
922 2499 986 2529 nuno

137 2560 167 2589 ex
181 2549 244 2591 statu
257 2551 349 2600 peceati
363 2549 467 2590 accessit.
482 2575 514 2581 —
529 2550 583 2592 Sed
597 2551 701 2592 melius
715 2552 742 2592 in
756 2563 908 2603 quocumque
923 2552 985 2594 statu

137 2613 259 2654 entitative
273 2613 378 2655 naturali
391 2614 471 2654 omnis
483 2613 552 2654 valor
565 2614 742 2667 impetratorius
756 2616 863 2667 negatur.
880 2617 940 2657 Nam
954 2617 985 2657 ad

138 2676 210 2717 talem
227 2677 333 2718 valorem
351 2677 432 2728 aliqua
449 2677 534 2718 saliem
550 2680 671 2730 proportio
690 2679 751 2721 inter
769 2680 888 2730 petentem
905 2681 928 2721 et
945 2681 985 2722 do-

137 2751 197 2781 num
210 2740 312 2792 petitum
325 2741 462 2792 requiritur.
478 2740 503 2783 Si
517 2744 666 2785 mendicus
679 2756 694 2785 a
707 2743 780 2785 divite
794 2745 914 2785 modicam
928 2745 984 2785 elee-

137 2815 263 2855 mosynam
283 2804 407 2846 humiliter
427 2805 493 2856 petit,
514 2807 582 2847 valor
602 2808 780 2858 impetratorius
800 2821 849 2850 non
870 2809 942 2858 deest
965 2810 985 2849 si

137 2868 259 2918 iapeatem
279 2862 383 2920 postulat
403 2880 531 2918 rammam,
553 2870 658 2912 insolens
677 2873 761 2921 petitio
781 2872 860 2923 potius
880 2874 985 2914 meretur

138 2932 336 2981 repudiationem.
352 2933 386 2973 Eo
399 2931 477 2983 magis
491 2933 582 2976 deesset
594 2935 675 2976 omnis
688 2938 756 2978 valor
771 2936 948 2988 impetratorius
962 2939 984 2979 ei
