2214 3350
169 141 206 178 200
305 143 360 179 Sect.
375 144 403 179 Π.
418 144 463 179 Art.
479 144 507 180 Π,
523 145 554 179 De
567 136 782 188 supernaturalitate
796 142 883 198 gratiae

168 259 183 285 a
196 250 278 295 spiritu
292 251 367 286 creato
380 251 512 297 participari
525 250 617 296 possint.
635 250 690 286 Cum
703 249 835 285 certitudine
850 250 945 295 probare
959 248 1016 286 affir-

168 302 267 337 mantem
282 302 371 348 partem
386 303 453 339 huius
469 302 606 347 quaestionis
621 301 747 337 intellectus
762 300 845 346 noster,
862 301 910 337 suis
925 300 1016 337 reticius

167 353 260 396 viribus,
271 355 411 399 probabilius
421 354 497 399 nequit
510 355 544 400 (ci.
556 354 573 389 P
585 354 618 389 ΠΙ
629 363 651 389 11.
664 353 706 396 16&
717 354 792 400 Schiff.
805 363 826 388 n.
840 354 858 396 93
880 354 1016 389 311111111-

167 404 229 451 taph.
243 406 328 451 quaest.
342 407 397 452 disp.
411 405 435 441 30
446 405 497 442 sect.
512 405 567 441 1111.
581 404 735 449 5111111111,
749 406 778 441 Le
791 405 924 442 Surnaturel
937 404 1014 449 182ss).

168 519 225 560 288.
260 491 282 560 2¹.
300 520 370 561 Ratio
386 519 479 570 potest
495 520 518 570 a)
538 519 595 560 satis
612 520 724 560 solvere
740 517 918 561 abiectiones
934 520 1017 560 contra

168 582 350 632 possibilitatem
366 581 503 623 elevationis
519 582 708 633 supernaturalis
722 583 777 623 iieri
793 582 873 624 solitas
890 584 921 634 (v.
937 583 1014 623 Palm.
1034 635 1038 641 s

94 685 96 691 ,
168 657 192 695 p.
210 645 341 696 {iila—305).
359 671 391 676 »-
406 645 430 696 b)
450 645 579 696 Supposua
595 645 760 696 possibilitate,
779 657 853 696 quam
871 646 943 685 simul
960 656 1016 685 curn

135 732 136 735 =
167 707 305 748 exsistentia
329 708 403 748 huius
426 706 519 749 ordinis
544 719 573 748 ex
598 708 742 749 revela-tione
762 707 838 757 discit,
860 707 936 759 potest
955 709 1017 750 ratio

167 771 297 818 ostendere,
316 781 389 821 quam
406 770 579 811 conveniens
596 771 634 819 sit,
652 770 797 822 quantopere
814 771 926 813 naturam
943 772 1015 822 perii-

167 833 215 874 ciat
232 832 255 873 et
272 844 369 874 emnem
389 833 521 884 appet'tum
540 845 659 885 omneque
679 834 824 875 desiderium
844 834 1016 885 perfectissime

167 896 267 946 impleat
283 897 314 947 (v.
329 896 453 936 Scheeben
466 907 490 936 n.
507 897 566 948 712).
581 923 613 928 -
628 897 649 948 c)
667 897 796 948 Supposito
810 898 861 947 sine
876 898 1015 949 supernatu-
1032 892 1034 895 ’

165 958 211 998 rati
226 957 343 1000 divinitus
357 959 497 1010 praestituto
512 959 572 1000 ratic
586 959 697 1009 ostendit,
713 960 860 1011 quantopere
876 960 956 1002 deceat
970 960 1015 1001 Dei

166 1021 316 1071 sapientiam,
330 1022 358 1063 ut
369 1023 492 1063 hominem
504 1023 560 1063 iam
572 1021 602 1063 in
614 1022 691 1064 statu
703 1022 766 1064 viae
779 1023 808 1064 iis
821 1023 924 1064 instruat
936 1023 1013 1073 donis,

165 1084 255 1135 quibus
273 1085 346 1125 modo
364 1096 419 1125 vere
438 1085 546 1126 bumana
570 1085 711 1136 actibusque
735 1086 921 1137 proportionatis
941 1086 1015 1127 istum

166 1147 241 1187 finem
254 1147 357 1198 appetat.
373 1149 458 1189 «Tunc
470 1148 535 1188 enim
548 1159 706 1199 unaquaeque
718 1160 757 1189 res
768 1149 858 1200 optime
870 1149 1013 1200 disponitur,

165 1221 221 1250 cum
240 1210 270 1250 ad
289 1221 361 1250 suum
379 1210 454 1251 tinem
472 1211 641 1252 convenienter
658 1211 799 1253 ordinatur»
823 1213 926 1263 (Thera,
948 1213 971 1254 S.
992 1224 1013 1253 c.

165 1271 228 1323 gent
243 1275 263 1321 1,
280 1272 310 1324 i).
632 1269 634 1277 ’

164 1397 220 1438 289.
257 1401 277 1438 3.
291 1399 362 1439 Ratio
373 1399 505 1450 theologica
517 1400 602 1450 probat
617 1418 627 1436 κ
634 1399 774 1451 possibilem
787 1407 919 1441 creatarum
932 1413 1013 1452 saper-

163 1460 326 1509 naturalem»,
344 1462 416 1512 prout
429 1461 531 1514 Ripalda
546 1474 600 1503 eam
615 1462 725 1514 concipit,
743 1463 875 1514 aegerrime
890 1463 1012 1505 conciliari

164 1535 220 1565 cum
239 1524 354 1575 conceptu
373 1524 434 1566 entis
451 1524 592 1576 simpliciter
610 1525 807 1577 supernaturalis,
828 1537 900 1577 quem
918 1525 1013 1567 tontes

164 1587 284 1629 exhibent.
302 1587 399 1629 Filiatio
420 1588 510 1637 divina,
529 1588 650 1629 hereditas
671 1589 721 1637 Dei,
747 1589 893 1630 consortium
917 1589 1012 1631 divinae

163 1652 264 1692 naturae
281 1663 330 1692 non
349 1651 449 1702 possunt
467 1653 498 1692 ab
517 1652 568 1692 ulla
586 1652 696 1693 creatura
713 1645 784 1703 exigi.
804 1651 929 1693 Eiusmodi
949 1654 1013 1694 dona

163 1714 296 1755 secundum
320 1708 420 1755 Patres
445 1713 488 1754 soli
514 1714 575 1755 Filio
600 1713 724 1766 unigenito
749 1715 773 1756 et
798 1714 900 1767 Spiritui
926 1715 1011 1756 Sancto

110 1777 113 1783 “
162 1779 232 1832 φύσει
252 1777 276 1818 et
292 1779 360 1830 οὐσίᾳ
379 1777 550 1818 communicari
564 1777 671 1828 possunt.
688 1777 821 1826 creaturae,
837 1778 941 1829 praecise
955 1778 1012 1829 quia

161 1839 284 1881 creaturae
299 1840 362 1888 sunt,
379 1841 436 1881 haec
452 1841 516 1881 dona
531 1841 627 1881 nonnisi
645 1841 706 1882 κατὰ
720 1842 793 1897 χάριν
812 1842 837 1881 et
857 1841 952 1894 ἔξωθεν
971 1850 1013 1898 τῆς

162 1905 248 1956 οὐσίας,
259 1902 440 1953 participatione
453 1902 602 1952 accidentali,
617 1902 743 1954 recipiunt,
759 1903 831 1953 idque
845 1915 875 1944 ex
889 1915 954 1944 mera
968 1903 1011 1944 Dei

162 1967 313 2015 liberalitate,
332 1967 383 2006 sine
398 1966 464 2006 omni
481 1966 590 2016 ipsarum
605 1965 731 2016 exigentia.
751 1966 816 2006 Idem
834 1966 869 2007 est
885 1966 1012 2017 conceptus

161 2030 270 2071 veterum
290 2029 501 2080 theologorum
522 2041 545 2069 v.
568 2039 642 2079 supra
660 2028 826 2069 ,alexandram
845 2029 869 2070 et
888 2029 1010 2070 Benacea

162 2099 251 2132 taram.
262 2091 288 2132 S.
298 2092 401 2132 Thomas
413 2091 508 2142 saepius
519 2091 667 2133 intellectum
678 2091 784 2132 creatum
795 2103 823 2133 eo
834 2092 905 2133 modo
912 2091 1012 2143 opponit

162 2155 252 2202 divino,
269 2154 297 2196 ut
310 2154 391 2205 pateat
404 2153 496 2195 includi
511 2154 583 2195 etiam
598 2165 694 2195 omnem
710 2154 858 2196 intellectum
874 2155 1009 2203 creabilem.

161 2233 183 2260 v.
201 2232 223 2270 g.
239 2220 275 2258 De
290 2230 339 2260 cer.
356 2230 379 2270 q.
396 2219 459 2260 271.
477 2221 499 2266 2;
515 2218 539 2259 S.
557 2218 590 2259 ib.
608 2221 620 2258 1
638 2229 661 2269 q,
678 2221 742 2259 121.
759 2221 773 2259 4
791 2219 822 2274 (v,
840 2219 1010 2269 n.253);1,2

161 2294 184 2334 q.
199 2285 238 2323 112
250 2294 270 2323 a.
285 2285 305 2322 1.
318 2281 452 2323 Auctoritas
463 2292 507 2332 pro
520 2280 636 2322 sententia
648 2280 755 2332 negante,
770 2293 831 2331 quae
843 2281 892 2321 iam
904 2281 1009 2331 tempore

160 2347 277 2398 Ripaldae
288 2346 339 2396 ipso
352 2344 440 2386 fatente
452 2355 583 2396 permagna
594 2344 646 2385 erat
660 2345 690 2396 (v.
704 2356 727 2384 n.
741 2346 783 2384 260
794 2343 828 2394 k),
843 2342 940 2385 interim
952 2355 1008 2384 sane

160 2408 266 2449 multum
284 2408 365 2457 crevit,
385 2407 457 2449 etiam
476 2407 513 2456 iis,
533 2419 593 2458 quae
613 2407 680 2448 Pius
699 2408 730 2448 IX
749 2407 772 2448 et
790 2406 960 2448 Vaticanum
979 2408 1008 2447 de

79 2496 81 2499 .
160 2472 333 2524 participandis
349 2472 418 2512 donis
434 2471 523 2512 divinis
538 2471 658 2512 dixerunt.
674 2494 706 2500 -
720 2471 793 2512 Porro
810 2470 978 2522 argumenta
993 2482 1009 2510 a

160 2536 226 2587 Rip.
241 2536 334 2587 prolata
347 2547 398 2577 rem
412 2547 461 2576 non
475 2535 589 2576 evincunt
599 2534 639 2587 (ci.
654 2535 730 2575 Pesch
743 2535 765 2575 II
779 2546 803 2574 n.
818 2534 863 2585 51).
878 2535 951 2586 Urget
964 2535 1008 2575 im-

160 2600 258 2652 primis:
277 2600 400 2651 Quidquid
414 2599 567 2651 perfectionis
581 2599 646 2639 Deus
659 2609 702 2649 per
718 2599 777 2639 duas
793 2599 901 2639 caritates
916 2599 1006 2650 linitus,

159 2676 203 2715 per
216 2663 375 2705 substantiam
389 2662 523 2704 naturalem
536 2663 560 2704 et
573 2663 682 2704 accidens
697 2661 885 2713 supernaturale,
901 2662 1007 2703 obtinere

159 2727 243 2780 potest,
268 2727 312 2768 hcc
337 2728 408 2768 etiam
426 2727 503 2778 potest
525 2731 669 2778 peractam
693 2726 822 2775 entitatem,
850 2726 1007 2767 substantiam

159 2803 247 2843 nempe
260 2792 473 2842 supernaturalem,
488 2802 549 2841 quae
563 2802 587 2831 se
601 2790 651 2832 sola
664 2789 813 2842 aequivaleat
825 2790 964 2841 perfectioni
978 2802 1008 2832 ex

160 2855 293 2897 substantia
311 2855 415 2896 naturali
434 2855 507 2896 simul
525 2865 580 2896 cum
598 2855 719 2895 accidente
738 2854 914 2904 supernaturali
934 2855 1008 2895 resul-

159 2920 227 2961 tanti.
241 2944 273 2950 -
286 2919 318 2960 At
331 2919 486 2970 perfectiones
501 2918 702 2971 supernaturales,
718 2918 851 2969 dequibus
866 2917 904 2960 hic
919 2918 1006 2970 agitur,

1102 1837 1105 1877 ξ

1100 1878 1106 2011 t

1100 2023 1105 2065 i

1100 2066 1104 2105 t

1099 2105 1105 2141 ξ,

1099 2154 1105 2214 tt
