2214 3350
213 133 235 169 'S
249 131 339 172 laelium.
347 104 385 166 *De
398 131 481 166 natura
494 132 514 166 ct
528 130 649 174 gratuitate
662 128 733 163 liuius
745 128 822 163 anxilii
921 127 948 164 95-

100 245 152 287 156.
187 246 216 283 2
230 240 374 290 Quomodo
391 239 465 280 Dens
483 239 534 280 hac
554 239 582 278 in
601 248 629 279 re
649 238 682 278 de
700 235 777 277 iacto
795 236 941 287 pro-cedat,

98 305 249 358 aliquatenus
265 314 293 343 ecc
309 303 415 353 fontibus
434 302 534 343 statuere
551 311 686 353 possumus.

166 393 187 444 a)
207 390 364 443 Regulariter,
383 391 467 431 satient
484 391 512 431 ab
529 390 597 430 initio
615 390 681 440 fidei,
701 389 759 429 haec
776 389 839 429 dona
854 389 946 429 dantur

97 461 220 507 tamquam
238 455 319 505 aliqua
335 454 412 504 ,aratia
430 453 517 493 Christi
534 454 571 494 vei
589 451 717 493 coniuncta
734 463 789 492 cum
806 451 848 492 tali
866 452 941 503 gratia

134 519 188 561 ein
205 529 234 558 ea
250 518 365 558 contenta.
391 516 496 558 Gabrieii
521 517 627 567 Vononen
653 515 813 556 concessimus
838 515 871 565 (n.
892 514 939 558 131)

96 584 167 625 etiam
179 582 242 621 dona
253 580 374 621 entitativc
387 580 505 621 naturalia
517 590 585 630 posse
597 579 653 620 ante
665 578 762 619 initium
775 578 832 619 fidei
845 577 942 629 propter

96 645 181 688 merita
193 644 280 685 Christi
292 643 344 683 dari
357 644 380 684 et
391 642 424 684 sic
436 643 504 690 reate,
518 643 572 683 licet
583 653 654 683 sensu
667 641 750 682 minus
761 639 847 690 stricto,
861 643 940 682 vocari

96 707 183 761 gratias
201 706 296 747 Christi.
321 707 383 747 Sunt
403 706 468 747 enim
491 705 581 747 auxilia
596 717 625 747 eo
641 706 692 746 tine
708 704 770 753 data,
790 705 817 745 ut
831 705 940 755 treantina

96 771 225 821 disponant
240 771 270 810 ad
286 769 388 820 gratiam
406 769 494 810 Christi
509 770 614 820 pressius
631 768 720 810 dietam
739 770 770 820 (v.
789 768 822 809 th.
841 769 872 819 8).
892 768 943 809 Hoo

94 844 146 875 esse
159 844 190 873 ex
205 832 283 873 mente
299 832 324 872 S.
341 825 470 882 Aucusttni
485 830 618 873 ostenditur
633 831 710 871 Senia.
728 833 762 880 99,
782 834 794 872 6
813 831 841 883 (R
859 831 935 883 1504):

95 897 126 937 Ut
140 906 229 942 suasor,
244 895 310 935 locus
324 894 347 936 et
360 894 455 944 tempus
469 895 580 935 adulterii
595 895 710 943 deessent,
726 895 791 935 Deus
805 893 868 942 iecit,
884 906 938 935 cum

95 961 152 999 haee
162 958 278 1006 adessent,
290 958 317 998 ut
327 957 408 998 fidelis
418 969 465 998 nori
476 957 624 1007 consentiret,
637 958 700 998 Dens
711 956 802 999 terruit.
818 957 939 1007 «Agnosce

76 1056 78 1059 .
94 1032 149 1072 ergo
162 1020 264 1072 gratiam
279 1021 337 1068 eins,
353 1021 391 1061 cni
405 1020 477 1061 debes
490 1022 513 1062 et
526 1022 589 1071 quod
604 1031 652 1061 non
667 1020 811 1061 admisisti.»
826 1047 858 1052 -
872 1021 939 1061 Eius-

0 1112 14 1138 ,3
94 1084 159 1125 modi
177 1082 269 1124 auxilia
284 1083 407 1124 entitative
425 1083 544 1133 naturalia
561 1083 618 1124 sunt
635 1095 683 1123 non
702 1083 780 1124 solum
799 1084 860 1125 siout
877 1082 942 1124 aliae

0 1150 9 1198 ,i
40 1172 42 1178 .
94 1146 183 1197 gratiae
200 1146 322 1187 naturales
337 1146 411 1186 huius
428 1146 520 1187 ordinis
544 1147 735 1196 supernaturalia
760 1147 839 1197 quoad
863 1147 938 1197 finem

0 1205 4 1223 ²
95 1208 225 1260 (negativae
239 1207 402 1260 dispositionis
413 1209 443 1250 ad
457 1209 558 1250 salutern
572 1208 797 1260 supernaturalem),
812 1209 938 1251 sedetiam

94 1272 229 1323 aliqualiter
243 1273 321 1323 quoad
336 1273 443 1321 andorn,
460 1272 505 1312 hoc
520 1271 570 1313 soii.
587 1284 666 1320 sensu,
683 1273 748 1324 quod
763 1273 828 1314 Deus
842 1273 942 1325 propter·

93 1334 178 1375 inerita
192 1334 286 1383 Christi,
301 1333 421 1376 orationes
433 1335 545 1376 fidelium
557 1336 601 1376 eto.
617 1347 715 1376 cursum
729 1347 856 1377 causarum
871 1336 937 1377 nat-u-

92 1397 180 1437 ralium
194 1397 227 1438 ita
241 1397 350 1445 instituit,
367 1397 393 1438 ut
407 1397 450 1438 iste
464 1397 564 1438 effectus
577 1398 622 1438 tini
638 1398 814 1449 supernaturali
829 1398 938 1450 negative

92 1459 231 1507 inserviens,
246 1460 343 1500 omissio
357 1460 407 1501 scil.
423 1460 512 1511 peccati
527 1462 563 1502 vel
579 1463 646 1502 actus
661 1461 801 1503 naturaliter
815 1463 935 1509 honestus,

91 1521 247 1562 obtineretur.

112 1665 114 1667 -
159 1610 184 1657 b)
199 1610 265 1649 Dona
279 1609 411 1650 habitantia
424 1610 448 1649 in
462 1609 629 1651 iustificatione
644 1602 731 1651 collata
743 1611 792 1651 sota
806 1621 855 1650 non
868 1611 936 1661 suffi-

78 1673 164 1720 ciunt,
182 1673 228 1714 nisi
243 1674 338 1714 accedat
352 1674 454 1724 speciale
468 1674 510 1714 Dei
526 1674 643 1714 auxilium
662 1675 707 1725 (th-:-
722 1675 752 1725 6).

159 1759 180 1809 c)
198 1759 293 1799 Interna
309 1760 434 1799 necessitas
450 1765 525 1799 statue
541 1748 631 1810 oratioe
647 1760 684 1799 oei
700 1760 760 1811 fidei
777 1760 935 1801 dentonstrcri

90 1821 180 1871 nequit.
195 1821 264 1862 Ratio
274 1821 299 1862 S.
314 1822 418 1862 Theonoe
431 1833 503 1873 snpra
518 1824 549 1873 (n.
564 1823 612 1874 151)
628 1823 701 1864 allata
712 1835 765 1864 rem
777 1835 824 1865 non
837 1823 932 1865 evincit.

90 1885 151 1925 Nam
164 1885 285 1936 quaelibet
297 1887 370 1926 motio
383 1887 446 1926 nata
460 1899 489 1927 ex
502 1887 588 1928 natura
601 1888 636 1928 rei
648 1899 690 1938 per
704 1889 838 1939 oppositam
852 1889 934 1929 niatro-

89 1959 145 1988 ncrn
159 1949 246 1994 bononi
257 1950 345 2001 gratiae
358 1951 458 1991 actualis
470 1952 577 2002 superari
590 1942 667 2002 potest
680 1953 707 2004 (P
721 1953 780 2005 170).
794 1953 841 1995 Sed
855 1954 939 2005 dispo*

90 2013 160 2061 tatur,
172 2014 254 2054 utrum
267 2025 294 2054 etc
304 2016 406 2065 positiva
417 2017 461 2056 Dei
472 2016 620 2056 ordinatione
632 2017 680 2058 sive
693 2029 722 2058 ex
733 2018 847 2060 historica
858 2030 934 2060 neces-

91 2076 159 2131 sitate
177 2078 252 2119 status
268 2079 358 2129 gratiae
375 2081 412 2120 vel
431 2080 488 2121 fidei
508 2080 650 2132 requiratur.
672 2083 733 2123 Sane
751 2084 787 2124 est
804 2084 871 2132 ratio,
893 2096 938 2124 our

89 2141 152 2182 Dens
167 2142 225 2183 haec
241 2143 330 2184 auxilia
345 2144 367 2185 ei
382 2145 488 2196 deneget,
505 2146 547 2196 qui
563 2149 733 2187 contumaciter
749 2148 775 2188 in
791 2148 853 2189 statu
869 2160 933 2189 aver-

89 2205 161 2245 sionis
179 2207 203 2247 et
221 2207 359 2249 inimicitiae
379 2210 523 2259 permaneat.
543 2212 700 2252 Auctoritates
719 2212 784 2253 idem
802 2211 937 2260 insinuant,

88 2280 111 2307 v.
127 2281 148 2319 g.
164 2271 247 2311 notum
261 2274 362 2313 verbnm
376 2274 401 2313 S.
417 2275 525 2325 Grcrsorii
538 2276 572 2315 M.
590 2276 684 2326 (ilorci.
700 2280 735 2324 25,
751 2281 772 2325 9,
788 2281 814 2318 22
829 2278 884 2336 [ML
898 2280 931 2326 to,

88 2334 161 2391 334)):
183 2336 334 2386 «Peccatum,
352 2338 416 2387 quod
432 2339 577 2388 poenitentia
592 2352 640 2381 non
657 2340 734 2389 diluit,
752 2342 804 2393 ipso
819 2353 863 2384 suo
877 2354 933 2394 pon-

88 2397 142 2437 dere
160 2410 217 2440 mox
233 2401 263 2441 ad
281 2401 347 2441 aliud
365 2402 464 2442 trahit.»
484 2404 563 2445 Eilata
581 2406 717 2456 linqustini,
737 2406 832 2456 Suarcu,
853 2408 933 2459 atpat-

89 2461 126 2508 da,
146 2463 287 2518 Beltarnn‘ni
305 2479 327 2506 v.
347 2466 401 2506 Ber.
421 2469 485 2508 2621.
505 2494 536 2500 -
556 2470 602 2510 Sed
621 2469 735 2511 videniur
753 2482 804 2512 esse
822 2472 933 2523 infideles

88 2526 198 2576 necatioi,
218 2529 259 2579 qni
283 2530 340 2570 satis
364 2531 461 2580 faciunt,
488 2534 551 2582 quod
575 2534 600 2573 in
625 2546 649 2575 se
673 2536 714 2583 est,
741 2536 764 2576 et
786 2537 866 2577 tamen
891 2539 932 2579 din

88 2599 135 2628 non
150 2592 271 2642 accipiunt
284 2595 387 2644 gratiam
400 2596 508 2646 proxime
523 2597 677 2640 sufficientem
694 2602 723 2640 ad
739 2601 813 2641 fidem
828 2604 853 2643 et
867 2602 932 2643 iusti-

86 2688 233 2697 Ἣ-

119 2769 122 2775 ,
149 2725 156 2744 1
173 2725 239 2760 Falso
254 2727 277 2761 E.
295 2726 379 2762 naarai
393 2728 416 2763 2C.
434 2727 470 2770 M„
494 2729 576 2765 Etudes
593 2739 631 2766 sur
647 2731 669 2766 la
685 2733 751 2776 grace
767 2733 905 2770 saliciifiante
923 2737 933 2770 Ι

90 2768 165 2823 (Divus
184 2773 278 2808 Thomas
297 2774 445 2822 [Placentiae]
464 2776 488 2812 29
507 2776 575 2823 [1926]
595 2777 698 2825 aaa-412)
724 2782 837 2817 contendit
861 2791 932 2818 neces-

89 2816 177 2853 srtatem
192 2820 263 2856 status
278 2822 365 2866 gratiae
381 2823 409 2858 ad
424 2823 538 2869 implenda
552 2827 671 2871 praecepta
686 2828 743 2873 legis
757 2829 869 2865 naturalis
886 2840 932 2866 esse

89 2863 168 2901 deiide
182 2868 264 2912 [utpote
276 2878 290 2904 a
302 2870 321 2905 S.
335 2869 407 2905 Paulo
419 2872 528 2907 assertam
540 2875 560 2908 et
572 2875 651 2910 contra
662 2876 797 2920 Pelagianos
809 2876 931 2923 definitam)

88 2911 122 2946 vel
133 2913 213 2949 saliem
227 2928 236 2947 α
245 2916 289 2952 tres
301 2917 381 2962 proche
394 2919 419 2953 de
431 2918 455 2954 ia
466 2920 497 2954 iot
506 2932 515 2952 u
532 2920 592 2966 (111·);
605 2923 631 2956 cf.
648 2922 772 2960 Scholasiil·
785 2925 797 2961 2
811 2925 875 2972 (1927)
889 2926 934 2962 301..
