2214 3350
146 155 183 190 1:24
327 154 387 192 Sect.r
398 155 426 189 tt.
444 152 489 188 Art.
507 152 523 187 I.
541 153 572 187 De
588 150 709 195 gratuitate
726 142 819 194 gratiae

144 262 245 312 quidem
266 261 347 301 stricta
368 260 499 312 aequalitas
520 259 659 310 quantitatis
681 259 729 298 sive
751 258 899 298 arithmetica
924 259 992 308 (ares

146 336 190 374 pro
208 335 234 364 re
241 323 271 374 a),
293 324 334 364 sed
353 324 432 364 tamen
452 323 581 373 aequalitas
599 321 759 376 proportionis
780 322 830 361 sive
847 319 990 371 geometrice

145 387 207 428 inter
222 386 329 427 valorem
344 387 422 437 operis
438 387 461 427 et
476 385 583 435 praemii,
601 385 628 425 ut
643 384 775 425 secundum
791 384 905 424 moralem
921 382 991 423 aesti-

145 450 276 491 mationem
293 462 355 501 opus
373 448 513 500 praestitum
533 458 615 488 revera
633 446 735 499 dignum
753 446 791 495 sit,
812 447 875 497 quod
895 447 924 487 ab
944 446 990 486 hoe

145 512 324 554 remuneratore
334 512 399 553 tanto
410 511 515 562 praemio
528 507 700 561 compensetur,
714 521 740 550 ac
752 509 851 560 proinde
864 509 990 550 accedente

145 575 305 627 acceptatione
321 586 377 616 vera
392 575 452 615 ratio
468 574 571 613 iustitiae
588 572 724 614 intercedat,
742 572 842 621 Quaeasi
859 573 924 614 deest
939 572 991 612 sive

144 651 174 679 ex
191 638 284 680 deiectu
300 638 388 679 valoris
403 636 480 688 operis
497 635 646 686 precariandi
664 635 713 677 sive
728 646 758 675 ex
775 635 866 676 deiectu
884 635 990 685 accept·
1019 686 1023 690 ,.

145 700 218 742 tionis
229 701 277 742 sive
291 712 320 741 ex
333 700 432 751 utroque
446 692 546 747 deiectu,
562 700 601 739 sed
616 697 774 738 nihilominus
787 698 895 749 spectatis
908 708 989 748 opere„

145 764 256 814 operante
276 764 300 804 et·
318 761 483 805 remunerante
503 761 584 811 aliqua.
603 761 708 801 decentia
728 760 778 801 sive
796 762 901 812 reptatas
922 772 987 810 prrae-

144 819 236 867 tniand‘i
244 826 351 874 habetur,
360 826 427 866 adest
433 824 546 865 meritum
558 825 590 865 de
602 835 737 875 congruo.
752 824 800 864 Hoc
807 823 911 875 appellat
919 824 989 863 terte-

144 890 224 929 colam
239 889 382 939 aequitatem
397 882 552 939 praemiantis
569 880 601 936 et
615 888 635 928 si
651 887 786 938 praemium
802 887 918 943 promisit,
936 886 991 927 eius
1049 914 1051 917 v

143 952 285 1002 fidelitatem
303 951 381 1002 (plura
396 964 419 991 ν,
435 952 470 992 th.
486 953 513 991 ed
528 963 552 991 n.
569 951 628 1001 too).
644 977 675 981 —
691 951 793 991 Omnem
807 952 924 990 rationem
939 961 989 989 rae--

143 1015 191 1063 riti,
216 1015 241 1054 in
264 1015 318 1055 actu
341 1013 421 1065 primo
435 1014 461 1054 et
477 1014 587 1062 secunde,
606 1015 635 1054 de
653 1014 772 1064 caradigno
788 1014 811 1054 et
827 1014 856 1054 de
874 1024 985 1064 congruo⁷

95 1088 98 1092 ·
142 1076 294 1118 naturalibus
306 1077 436 1127 peccatoris
449 1076 560 1127 operibus
574 1076 646 1117 relate
661 1077 691 1118 ad
705 1076 807 1127 gratiam
821 1087 943 1127 hepartius

211 1163 232 1214 c)
253 1173 344 1213 neque
362 1163 497 1213 precibus
515 1161 681 1212 impetrare:
705 1162 848 1212 Impetratia
869 1162 988 1213 quatenus

142 1237 214 1266 sensa
226 1225 310 1265 latiore
323 1236 498 1276 quemcumque
512 1226 610 1266 modum
624 1224 748 1266 efficaciter
761 1226 872 1265 movendi
887 1226 987 1266 benero-

141 1287 240 1329 lentiam
254 1288 276 1329 et
289 1286 457 1329 liberalitatem
472 1287 573 1328 alieuius
586 1289 617 1329 ad
632 1288 711 1329 danda
725 1287 841 1329 beneficia
856 1286 985 1339 significat,

142 1354 214 1394 etiam
231 1352 344 1404 operibus
361 1353 386 1392 in
404 1352 545 1402 obsequium
564 1352 662 1393 alterius
679 1351 754 1399 tactis,
775 1351 789 1390 i.
809 1363 828 1392 e.
848 1350 985 1399 meritoriis,

142 1416 197 1456 iieri
208 1415 292 1466 potest
306 1416 333 1456 et·
341 1415 402 1455 illud
414 1413 535 1462 meritum,
550 1415 613 1465 quod
626 1416 742 1456 rationem
756 1413 858 1455 iustitiae
871 1413 983 1461 excludit,

142 1490 211 1529 saepe
228 1490 283 1519 oum
301 1476 508 1528 impetrationem
525 1477 659 1527 promiscuo
677 1476 801 1517 hebetum¹
820 1477 887 1517 Nunc
904 1476 985 1517 antem

141 1540 333 1592 impetrationem
345 1551 415 1581 sensa
427 1541 506 1581 ⁴striato
518 1540 686 1591 intellegimus,
699 1540 770 1590 prout
781 1541 810 1580 ab
823 1541 888 1581 omni
900 1538 987 1580 meritc

141 1604 304 1656 distinguitur.
323 1603 361 1644 Sic
378 1604 413 1644 est
428 1603 495 1644 aetus
510 1614 574 1644 mere
591 1604 681 1644 arantis
695 1604 720 1643 et
735 1602 851 1643 definitur
868 1603 986 1643 <transulit

126 1667 213 1707 ⁴irratio
231 1666 379 1707 liberalitatis
396 1673 437 1706 atat
455 1666 630 1706 misericordiae
646 1678 689 1716 per
707 1666 824 1706 tantilem
841 1665 986 1716 deprecatio-

140 1740 213 1769 nera»
232 1730 317 1781 (Patra.
333 1741 356 1779 p.
371 1730 430 1780 280).
446 1727 560 1769 Meritum
574 1729 651 1769 Deurn
665 1728 744 1768 movet
758 1740 806 1779 qua
819 1740 880 1778 opus
893 1730 918 1768 in
932 1728 984 1769 eius

140 1792 282 1843 obsequium
294 1792 391 1839 factum,
408 1791 542 1842 deprecatio
555 1802 611 1832 vero
624 1804 672 1843 qua
685 1791 784 1832 humilis
799 1793 907 1843 propriae
922 1792 985 1831 indi-

135 1857 232 1907 penitae
248 1856 363 1906 eortfersto
378 1857 499 1905 simulque
514 1854 631 1906 implicite
646 1855 741 1898 divinae
755 1856 875 1904 bonitatis,
893 1856 985 1897 miseri-

139 1920 241 1969 cordiam,
260 1919 382 1970 potestatis
399 1919 544 1971 protestat-im
563 1921 672 1970 specialis
691 1920 726 1959 ais
745 1921 915 1970 deprecationis
934 1933 985 1961 mo-

139 1985 211 2025 vendi
228 1984 375 2025 voluntatem
393 1985 437 2025 Dei
455 1984 554 2024 vocatur
571 1984 705 2035 impetratio
726 1985 787 2036 (Ber.
807 1996 830 2025 n.
850 1986 909 2035 367).
930 1986 983 2025 Non

139 2048 252 2099 provocat
271 2049 302 2088 ad
323 2047 439 2089 iustitiam
460 2048 497 2088 vel
518 2048 661 2098 aequitatem
682 2048 732 2096 Dei,
756 2049 789 2090 ut
802 2049 914 2100 obsequie
936 2049 982 2089 sibi

138 2114 202 2154 tacta
212 2112 355 2161 remuneret,
368 2113 409 2153 sed
421 2112 515 2153 nonnisi
526 2113 557 2153 ad
570 2113 740 2164 bertiprtitatern
750 2119 773 2153 et
784 2113 981 2162 rittisert'cordiam⁷

138 2177 165 2217 ut
182 2176 314 2227 indigentie
330 2176 353 2217 et
368 2177 465 2218 miseria
481 2175 586 2217 hominis
601 2177 675 2219 libere
693 2177 757 2218 flecti
775 2188 798 2218 se
816 2178 884 2219 sinat.
904 2178 983 2226 Quare·

138 2242 164 2282 in
180 2242 225 2282 hec
241 2241 308 2291 parte
323 2241 485 2283 abstrahimus
500 2254 515 2282 a
529 2242 745 2291 valorevrneritorio
762 2244 800 2282 ael
816 2244 979 2294 satisfactoria,

138 2317 210 2356 quam
227 2305 303 2346 oratio
318 2317 366 2357 qua
381 2306 447 2347 actus
470 2305 545 2346 divini
568 2307 647 2348 cultus
668 2308 706 2347 vel
728 2319 777 2358 qua
792 2319 852 2358 opus
868 2319 983 2359 reparans

137 2370 252 2410 horrorem
271 2370 314 2411 Dei
333 2371 424 2411 laesum
444 2370 530 2411 hahere
550 2372 635 2421 posset
655 2383 707 2412 eam
727 2382 775 2412 non
794 2368 978 2420 consideramus,

137 2434 256 2485 ceretanus
266 2445 337 2475 orans
347 2435 376 2476 de
388 2447 432 2476 suo
442 2434 534 2485 aliquid
545 2436 618 2476 offert
627 2437 683 2484 Deo,
697 2437 737 2477 sed
748 2436 849 2485 tantum,
863 2437 980 2488 quatenus
1004 2439 1009 2442 '

136 2499 211 2539 oratio
224 2498 346 2549 propriam
358 2499 515 2551 indigentiam
527 2501 665 2542 manifestat
677 2500 700 2541 et
715 2501 843 2541 «desiderii
857 2501 931 2542 nestri
945 2501 982 2541 in-

136 2564 227 2613 terpres
237 2563 301 2612 apud
310 2564 386 2603 Deum
395 2577 405 2596 υ
416 2564 452 2605 est
464 2564 502 2615 (ct.
516 2566 607 2613 Thana,
620 2565 644 2606 S.
657 2565 690 2605 tlt.
698 2567 719 2614 2,
727 2569 741 2606 2
750 2577 774 2617 q.
782 2569 809 2607 83
819 2578 840 2606 a.
850 2570 861 2608 t
872 2567 903 2607 ad
911 2567 941 2616 1).
949 2593 981 2598 -

199 2699 205 2718 1
223 2697 401 2740 Augustinus,
419 2697 487 2741 Epist.
508 2696 549 2738 194,
567 2697 585 2739 3,
603 2697 625 2734 9:
647 2706 705 2732 «nec
722 2697 772 2742 ipsa
788 2697 889 2732 remissio
905 2705 979 2741 pecca-

112 2762 121 2767 ·
136 2745 209 2780 torum
223 2744 271 2779 sine
285 2743 360 2788 aliquo
372 2745 451 2779 attrito
466 2744 504 2787 est,
519 2745 538 2779 si
551 2744 605 2780 fides
620 2745 677 2781 banc
691 2745 796 2789 impetrat
804 2756 822 2788 »;
838 2744 894 2780 alios
907 2746 981 2781 textus

134 2801 153 2828 v.
167 2802 188 2827 n.
202 2791 226 2828 99
238 2790 311 2833 ettae,
325 2790 341 2826 1.
354 2813 378 2819 m
390 2792 509 2834 Thomas,
522 2793 542 2828 S.
558 2792 587 2827 ib.
600 2793 676 2838 Sappi.
691 2801 710 2837 q.
724 2792 747 2828 te
758 2802 777 2828 a.
791 2791 813 2827 3:
828 2792 856 2828 Et
868 2792 979 2828 arationes

137 2847 252 2883 expressae
271 2839 403 2875 Sanctorum
420 2841 441 2875 et
458 2839 570 2875 orationes
587 2840 768 2885 interpretativae
786 2849 826 2886 per
843 2849 918 2876 eorum
937 2850 981 2876 rne-

136 2887 187 2928 rita,
204 2895 260 2931 qnae
276 2887 329 2922 sunt
344 2887 407 2922 nobis
423 2888 490 2923 etiam
506 2887 615 2932 suffragia
631 2889 651 2923 et
668 2888 779 2931 orationes
795 2889 910 2933 quaedem,
928 2890 982 2924 sunt

133 2933 237 2969 efficaces
248 2934 276 2970 ed
291 2934 464 2978 impetrandum,
480 2936 538 2979 quod
553 2936 636 2981 petunt.
