2214 3350
169 165 170 170 ¹
198 188 222 224 34
261 188 318 225 sect.
331 189 348 224 Ι,
364 189 409 224 Art.
426 190 443 225 Ι.
459 190 491 225 De
504 189 636 225 necessitate
650 189 736 234 gratiae
752 188 857 231 adactus
873 186 984 224 salutares
1050 188 1051 191 ’

196 290 296 347 opponit
315 295 435 348 perfectae
454 298 572 339 nativitati
600 297 665 339 iidei.
693 298 756 347 argo
782 296 931 347 Augustinus
949 295 1050 337 videtur.

198 360 345 411 distinguere
363 361 451 411 duplat
468 359 564 401 initium
581 360 652 401 fidei:
678 360 775 400 initium
798 359 858 403 fidei
880 360 997 409 formatae
1019 359 1044 399 in

196 422 368 464 iustificatione
382 424 406 465 et
422 424 519 464 initium
535 422 593 463 fidei
608 422 720 473 informis
730 432 781 472 'per
796 420 863 462 actus
880 422 997 471 quosdam
1013 421 1044 462 ad
1093 442 1095 446 Α

195 486 298 527 eandem
316 487 405 527 remote
423 486 582 537 disponentes.
609 484 655 525 Sed
678 484 760 535 postea
778 482 806 524 in
824 482 875 524 lite
891 483 1046 535 semipela-

196 547 283 599 giana
297 561 326 590 ex
340 549 440 600 utraque
455 548 522 599 parte
537 548 565 588 de
581 547 638 586 solis
653 548 745 587 actibus
760 546 925 598 testificationi
939 547 1046 598 praeviis

197 622 275 652 sermo
287 612 345 652 erat.
358 612 458 652 Minime
471 611 549 651 autem
561 609 651 651 veteres
662 621 718 651 voc-e
732 608 813 650 «initii
826 610 884 650 iidei
893 627 903 646 a
916 609 1047 650 voluerunt.

196 675 340 715 admodum
353 674 510 725 posteriorum
524 672 687 723 theologorum
701 672 847 723 distinguere
862 671 1049 724 interpraete..

197 737 259 777 butu
272 738 338 788 fidei,
358 736 446 788 quibus
463 735 636 777 adnumeratur
655 735 736 786 «pius
747 734 894 777 credulitatis
913 735 1044 784 allectus»,

196 799 315 851 etipsum
332 805 412 839 actum
428 798 555 849 formulam
570 797 594 839 et
609 798 743 848 perfectum
760 798 818 839 fidei
835 798 987 850 theologicae.
1006 799 1044 839 Ad

199 861 334 902 «initium
352 860 441 901 iidein
461 860 568 902 veterum
586 860 679 912 praeter
696 861 775 910 ipsam
791 861 868 912 tidem
886 861 1046 912 tliooiopicom.

196 924 313 975 pertinere
329 924 443 965 videntur
456 924 527 964 etiam
544 934 605 974 spes,
623 923 701 972 timor,
719 924 815 973 attritio,
833 925 907 964 oratio
923 925 946 966 et
962 925 1043 965 huius-

195 987 262 1028 modi
280 987 355 1034 actus,
375 987 417 1037 qui
436 984 631 1027 iustificationeni
656 987 679 1027 et
704 997 777 1036 opera
801 986 924 1028 meritoria
950 998 1045 1038 praece-

195 1050 251 1091 dere
266 1048 348 1090 solent.

194 1173 235 1216 57.
270 1177 291 1216 3.
311 1174 447 1216 Adversarii
466 1174 521 1216 sunt
540 1173 747 1227 Semipelagiania

210 1271 212 1275 ⁴
255 1261 286 1311 a)
308 1260 425 1301 Occasio
442 1259 515 1301 huius
534 1259 667 1301 doctrinae:
690 1260 747 1301 Oria
765 1261 800 1301 est
818 1260 942 1311 tamquam
962 1261 1042 1312 aliqua

194 1324 281 1363 reactio
296 1324 409 1364 adversus
424 1324 553 1364 nonnullos
568 1323 696 1364 sententias
710 1324 736 1364 S.
752 1323 887 1375 Aaou-sttui,
903 1336 966 1375 quae
978 1325 1045 1365 vide-

194 1386 283 1426 bantur
296 1397 348 1427 esse
360 1385 435 1426 nimis
451 1386 524 1445 durae
538 1387 563 1427 et
576 1385 674 1436 rigidae.
691 1385 827 1437 Aliquando
843 1386 999 1438 Augustinus,
1015 1386 1043 1427 ut

195 1448 277 1489 contra
295 1449 449 1489 Manichaeos
467 1448 547 1489 omnia
566 1449 630 1489 mala
648 1461 676 1489 ex
694 1448 759 1490 mala
776 1448 898 1490 voluntate
916 1450 1042 1499 provenire

194 1511 329 1552 ostenderet
355 1512 397 1563 (De
417 1511 459 1552 lit.
480 1511 539 1560 aro,
559 1523 580 1552 a.
601 1514 723 1560 388—3953
748 1512 782 1552 De
799 1512 895 1567 duobus
915 1513 997 1561 anim,
1018 1525 1040 1553 a.

194 1575 316 1625 391—392)
334 1573 358 1615 et
373 1574 489 1615 iustitiam
505 1573 555 1623 Dei,
574 1575 705 1614 secundum
723 1575 783 1615 Rom
799 1577 819 1624 9,
838 1577 895 1615 loss
910 1586 955 1625 pro
970 1574 1041 1616 libitu
1070 1599 1071 1603 =

194 1637 255 1677 alios
276 1637 393 1687 eligentis,
417 1636 478 1678 alios
500 1637 648 1685 obdurantis,
671 1635 805 1678 vindicaret
829 1638 871 1688 (De
889 1638 938 1678 dic.
957 1650 996 1689 qq.
1014 1641 1043 1679 83

195 1711 218 1750 q.
231 1702 264 1747 08,
277 1711 299 1739 a.
312 1702 433 1747 aaa-3963
445 1700 531 1750 nuptos.
545 1711 612 1751 quur.
625 1711 693 1750 prop.
708 1711 736 1739 ea
749 1711 785 1750 ep.
799 1700 829 1740 ud
841 1700 909 1749 Rom,
922 1712 944 1741 a.
958 1703 999 1741 303
1010 1702 1041 1741 ad

192 1762 252 1813 390),
271 1763 322 1813 ipse
339 1762 451 1803 docuerat
468 1763 493 1802 in
510 1774 590 1803 massa
606 1763 758 1813 peccatorum
775 1763 915 1813 praecedere
935 1763 1041 1815 aliquam

193 1823 355 1866 diversitatem
367 1825 432 1866 bona
444 1825 481 1866 vel
495 1825 559 1866 mala
571 1825 692 1866 voluntate
706 1825 832 1866 hominum
847 1826 978 1875 inductam,
994 1839 1042 1878 qua

194 1887 283 1937 singuli
303 1888 467 1928 misericordia
486 1889 524 1928 vel
544 1887 701 1929 obduratione
722 1888 788 1939 digni
809 1888 903 1937 lierent3
923 1890 972 1930 Deo
993 1895 1044 1930 ore·

195 1950 276 1991 dentes
288 1950 315 1991 'et
330 1962 399 2001 opem
415 1951 467 1991 eius
482 1950 637 2001 implorantes
653 1950 755 2001 gratiam
772 1951 796 1991 S.
814 1950 917 2000 Spiritus
935 1952 965 1992 ad
980 1952 1042 1993 bene

138 2017 140 2022 ‘
193 2013 342 2063 operandum
356 2014 470 2064 accipere,
487 2013 623 2054 ineredulos
637 2014 718 2054 autern
732 2013 755 2054 et
769 2011 857 2064 impios
871 2026 886 2054 a
899 2014 948 2055 Deo
964 2014 1040 2056 deseri

140 2094 142 2097 ⁴
193 2076 216 2115 et·
227 2075 258 2116 sic
268 2076 385 2116 indurari.
398 2075 445 2116 Sed
453 2076 520 2116 initio
530 2075 680 2127 episcopatus
691 2075 728 2116 sui
741 2076 974 2127 (a.300-397),ou1n
985 2078 1040 2118 scri·
1064 2100 1069 2107 ›

193 2137 259 2179 beret
272 2138 311 2178 Act
324 2139 410 2189 Simpi.
428 2139 444 2178 1.
462 2142 473 2179 1
490 2151 512 2190 q.
528 2142 543 2179 2
559 2138 597 2189 (de
613 2140 674 2179 Rern
689 2141 711 2187 9,
729 2139 831 2189 10—29),
848 2139 903 2188 Deo,
921 2141 949 2181 ut
964 2140 1038 2191 putat,

194 2199 320 2248 revelante,
336 2202 463 2251 praecipue
477 2212 506 2241 ex
520 2200 586 2242 textu
601 2204 612 2240 l
629 2202 673 2242 Gor
687 2204 708 2251 4,
723 2203 737 2242 7
752 2202 835 2243 didicit
848 2203 952 2254 gratiam
966 2203 1042 2244 nullis

193 2262 390 2313 praecedentibus
402 2264 495 2304 meritis
508 2264 569 2312 dari,
585 2263 642 2305 hinc
656 2264 706 2305 iam
721 2264 817 2305 initium
833 2265 891 2306 fidei
905 2266 930 2306 et
944 2276 1040 2308 omnem
1049 2281 1056 2296 ν

194 2325 279 2365 nutum
290 2326 365 2366 bonae
377 2325 514 2374 voluntatis
526 2337 597 2367 omne
609 2326 695 2377 petere,
710 2338 829 2378 quaerere,
843 2327 947 2378 pulsare,
961 2328 1040 2370 dolere

195 2387 224 2428 de
241 2387 322 2438 tepida
340 2387 445 2429 oratione
464 2389 506 2429 etc.
528 2390 559 2439 (v.
580 2399 604 2429 n.
624 2390 658 2441 22)
680 2388 820 2431 bominibus
838 2391 912 2440 gratis
931 2403 945 2431 a
963 2392 1040 2441 gratia

195 2449 278 2490 donari
302 2451 341 2502 (ci.
363 2452 465 2491 Retract.
488 2454 508 2500 1,
530 2454 566 2499 233
588 2454 609 2500 2,
633 2454 652 2500 i;
674 2452 710 2492 De
730 2453 848 2502 praedest.
871 2453 951 2494 Sonat.
973 2456 994 2503 4,
1017 2457 1038 2502 83

193 2512 228 2553 De
244 2512 305 2552 dono
320 2524 412 2563 perseo.
428 2517 463 2554 20.
481 2515 526 2565 52).
551 2515 610 2555 Cum
628 2516 672 2555 hac
689 2515 796 2556 doctrina
813 2515 934 2557 absolutae
951 2517 1042 2567 gratui-

254 2651 262 2672 1
277 2651 341 2696 Apud
353 2651 438 2687 veteres
452 2651 560 2686 vocantur
575 2649 702 2694 «tritoniae
715 2649 916 2694 Mizigitanorum»,
934 2662 945 2682 a
954 2648 1040 2693 Galli»,

194 2709 205 2729 (ι
214 2696 364 2731 Massilienses
373 2710 390 2733 n.
409 2697 473 2732 Circa
487 2706 507 2732 a.
525 2694 579 2738 1000,
596 2696 620 2731 in
634 2695 673 2730 lite
689 2696 715 2731 de
731 2696 833 2731 doctrina
848 2696 952 2738 Molinae,
968 2696 1039 2742 coepti

193 2743 245 2777 sunt
259 2742 334 2777 vocari
349 2754 359 2774 a
368 2742 541 2787 Semipelupiaai
550 2754 567 2778 n.
583 2740 612 2777 M.
628 2742 723 2786 lacquiu
738 2742 760 2779 0.
776 2742 800 2778 P.
816 2742 857 2777 hoc
871 2750 953 2777 nomen
966 2742 1041 2787 primo

193 2788 279 2833 invenit
289 2787 314 2822 in
324 2796 419 2823 censura
429 2788 590 2834 archiepiscopi
601 2787 737 2831 segoviensis
748 2797 774 2823 ex
786 2797 809 2823 a.v
819 2786 872 2830 1594,
886 2787 939 2823 dein
949 2789 974 2822 in
983 2789 1040 2824 rela-

193 2834 252 2869 tione
267 2834 293 2869 H.
308 2833 432 2877 Hebriquez
447 2834 467 2870 S.
476 2835 493 2870 J.
509 2844 535 2870 ex
549 2843 568 2869 a.
586 2833 706 2871 laetetur
719 2833 901 2870 adnotationibus
916 2833 1040 2871 Dominica-

193 2888 274 2915 norum
290 2888 316 2914 ex
331 2887 350 2914 a.
369 2878 422 2915 1000.
439 2880 463 2916 G.
480 2881 580 2925 Vazquez
598 2879 622 2924 [t
638 2878 694 2924 1004)
711 2880 817 2925 inopere
833 2880 937 2925 postumo
954 2889 973 2915 a.
993 2879 1041 2916 1608

194 2925 251 2961 edito
267 2925 314 2960 iam
329 2924 393 2961 dicit:
415 2925 498 2969 «culpo
516 2925 690 2971 semipelagiani
707 2926 892 2972 nuncupantur».
911 2945 937 2953 -
951 2927 974 2961 V.
993 2927 1041 2963 Rev

194 2971 302 3008 ScPhTh
321 2969 330 3005 1
350 2969 414 3016 (1907)
433 2970 534 3008 tte-ata
