2214 3350
240 178 317 214 Thesis
332 178 360 215 18.
379 177 542 214 Illustrationes
559 178 579 212 et
595 177 754 222 inspirationes
887 175 922 211 381

77 284 132 332 503,Ι
169 286 230 335 argo
249 286 366 327 auxilium
387 285 477 337 gratiae
498 285 529 325 ad
551 283 687 324 salutariter
707 284 834 335 agendum,
858 284 923 335 quod
952 329 956 333 ,

78 348 210 388 secundum
225 348 316 398 partem
330 350 434 399 priorem
450 348 486 389 est
500 346 584 387 saltem
599 358 628 387 ex
642 346 709 396 parte
724 347 800 397 gratia
813 346 920 395 actualis,

77 411 103 451 in
118 410 225 451 tontibus
238 412 362 452 exhibetur
375 412 440 453 hisce
455 412 504 452 iere
518 409 639 451 terminis:
658 410 693 449 Ex
708 410 774 459 parte
788 410 921 450 intellectus

76 473 112 514 est
127 472 279 522 illuminatio,
297 474 401 523 scientia,
418 475 460 525 pia
473 472 590 524 cogitatio,
607 471 707 522 aperitio
724 472 808 521 cordis,
826 472 920 519 locutio,

77 536 192 583 doctrina,
210 536 329 586 revelatio,
344 549 373 578 ex
389 537 455 588 parte
472 536 600 577 voluntatis
616 536 652 576 est
667 535 790 576 delectatio
807 534 920 583 caelestis,

1 602 4 610 “’
75 599 196 649 cupiditas
218 599 400 649 boni-caritas,
420 601 483 640 bona
500 598 618 647 voluntas,
640 597 748 638 sanctum
767 598 920 645 desiderium,

77 661 202 712 inspiratio
218 664 313 711 amoris,
331 662 462 711 suavitatis,
479 661 554 702 sancti
569 661 662 702 timoris
681 662 720 713 (ci.
740 662 815 702 Palm.
835 672 858 711 p.
877 663 923 701 23s

1 710 4 730 ³
76 727 123 766 ees
136 727 189 773 aaa
204 725 257 766 Ber.
272 726 316 776 51).

76 838 132 880 504,
168 843 189 880 2.
212 840 345 893 Important
369 841 438 881 actus
461 840 545 881 vitales
569 838 687 879 eiusmodi
711 838 803 878 auxilia
823 837 920 887 gratiae.

0 909 3 957 ᾗ
77 902 180 942 Plurimi
193 914 222 943 ex
235 903 344 944 terminis
358 902 437 943 allatis
451 903 538 943 directe
553 900 692 952 exprimunt
707 901 774 942 actus
788 898 923 940 intellectus

74 965 99 1006 et
108 964 238 1006 voluntatis
247 966 370 1017 tamquam
380 965 471 1005 auxilia
481 965 511 1005 ad
520 977 594 1015 opera
604 963 688 1005 salutis
699 963 815 1005 divinitus
825 963 919 1003 donata.

75 1027 124 1067 Alii
142 1039 190 1068 non
207 1028 306 1079 quidem
322 1027 455 1068 formaliter
472 1028 610 1078 significant
626 1027 692 1067 actus
708 1026 800 1075 vitales,
820 1028 860 1067 sed
879 1037 921 1077 pet

0 1104 3 1141 ᾗ
75 1090 184 1141 aliquam
192 1091 299 1142 siparum
308 1091 422 1142 loquendi
432 1091 553 1131 influxum
563 1092 606 1130 Dei
616 1091 641 1130 in
651 1090 775 1131 hominem
787 1090 919 1140 designant,

0 1148 3 1199 ᾗ
76 1153 111 1193 uti
127 1153 183 1194 suut
197 1153 307 1203 pulsatio,
324 1152 440 1200 excitatio,
458 1152 556 1201 vocatio,
573 1153 650 1193 tactus
666 1152 750 1193 cordis.
769 1154 796 1192 In
812 1153 921 1202 proxima

66 1214 137 1256 'thesi
149 1215 291 1264 videbimus,
307 1215 425 1266 quomodo
439 1216 465 1255 hi
478 1215 574 1255 termini
587 1216 723 1264 explicandi
737 1215 791 1256 sint.
808 1216 834 1257 Si
845 1216 921 1265 expri-

75 1279 147 1319 munt
160 1279 260 1329 aliquid,
277 1278 341 1329 quod
357 1278 437 1319 ectum
452 1277 550 1318 vitalem
566 1278 672 1318 hominis
687 1278 807 1328 praecedit
826 1279 878 1329 (hoc
896 1278 922 1317 ut

76 1342 158 1381 minus
167 1341 290 1392 probabile
302 1340 445 1390 reiciemus),
459 1341 538 1381 tamen
549 1352 592 1391 per
600 1341 662 1381 illud
673 1342 740 1382 actus
750 1340 831 1381 vitalis
842 1340 921 1381 statim

76 1404 199 1452 excitatur
221 1415 277 1444 nam
297 1404 342 1445 ista
360 1403 459 1451 vocatio,
479 1403 582 1454 pulsatio
602 1404 645 1445 etc.
667 1404 760 1444 homini
779 1415 823 1454 per
842 1404 921 1444 actum

75 1467 173 1508 vitalem
192 1466 324 1507 innotescit.
345 1466 469 1507 Eiusmodi
487 1478 543 1507 vero
561 1467 628 1507 actus
647 1465 734 1515 vitalis,
755 1467 858 1518 gratuito
878 1466 921 1506 Dei

0 1530 2 1573 5
76 1529 167 1570 auxilio
180 1529 316 1580 productus,
335 1529 433 1570 adiuvat
455 1530 561 1570 animam
585 1530 615 1570 ad
640 1529 776 1570 salutariter
791 1530 920 1579 agendum.

76 1593 137 1643 Ergo
150 1593 228 1633 eidem
241 1592 353 1642 competit
366 1592 425 1633 ratio
438 1592 545 1632 internae
558 1592 649 1643 gratiae
662 1592 769 1642 actualis,
784 1593 808 1633 et
821 1591 921 1633 essentia

0 1656 2 1702 ᾖ
75 1655 149 1695 huius
161 1655 250 1705 gratiae
263 1655 305 1695 aut
316 1654 418 1695 totaliter
431 1655 473 1696 aut
484 1655 568 1695 saltem
581 1655 715 1706 partialiter
727 1655 753 1695 in
765 1667 793 1696 ee
805 1654 919 1695 consistit.

0 1726 2 1764 ᾗ
75 1718 137 1758 Nam
148 1718 229 1758 actum
238 1718 335 1758 vitalem
346 1717 450 1758 totaliter
460 1718 490 1758 ab
501 1718 545 1758 hac
556 1718 633 1768 gratia
644 1717 770 1759 excludere
781 1718 855 1758 nimis
865 1718 921 1758 alie-

75 1792 135 1821 num
146 1780 242 1821 videtur
253 1792 267 1820 a
278 1781 348 1821 modo
360 1781 472 1830 loquendi
485 1780 588 1821 fontium
602 1782 632 1833 (v,
646 1782 699 1821 Ber.
708 1782 742 1829 513
754 1781 832 1822 Palm.
845 1781 879 1821 th.
887 1780 919 1829 9).

75 1878 132 1936 505,
167 1898 188 1936 3.
209 1895 272 1936 Sunt
287 1895 353 1943 actus
375 1895 397 1946 a)
417 1893 572 1935 indeliberatt.
600 1895 715 1943 Termini,
741 1895 783 1946 qui
807 1895 832 1934 vi
856 1893 921 1935 vocis

0 1947 2 1990 ἶ
76 1959 193 1998 actionem
214 1959 259 1998 Dei
281 1957 392 2005 vocantis,
418 1957 530 2006 docentis,
555 1956 687 2005 invitantis,
712 1956 843 2006 excitantis,
869 1969 920 1998 sua-

0 2024 2 2029 ’
76 2021 160 2069 olentis,
180 2032 220 2061 cor
243 2020 361 2071 tangentis
383 2020 426 2060 etc.
452 2020 584 2071 designant,
604 2020 662 2060 satis
678 2020 786 2062 indicant
803 2020 920 2061 eiusmodi

75 2084 187 2124 divinum
201 2083 323 2124 intluxum
338 2083 430 2123 homini
444 2093 487 2133 per
501 2084 568 2124 actus
583 2082 753 2124 indeliberatos
766 2084 919 2124 innotescere.

0 2155 1 2158 ’
75 2146 190 2195 Termini,
202 2146 244 2197 qui
256 2146 343 2186 directe
354 2146 493 2195 exprimunt
505 2151 570 2186 actus
583 2147 666 2186 uitales
679 2146 791 2195 hominia,
804 2146 919 2198 plerique,

76 2210 183 2260 proxime
200 2209 291 2257 saltem,
309 2208 392 2249 dicunt
408 2207 505 2258 aliquod
522 2208 662 2249 exercitium
679 2208 821 2255 facultatum
838 2221 921 2260 cogno-

75 2272 215 2312 scitivarum
233 2272 256 2313 et
272 2270 463 2322 appetitivarum,
484 2273 548 2321 quod
567 2272 763 2312 deliberationem
780 2279 802 2312 et
820 2273 922 2312 literani

77 2334 215 2374 electionem
239 2335 374 2374 antevertit:
403 2334 479 2374 Datur
496 2347 510 2374 a
527 2336 576 2375 Deo
595 2334 736 2383 intellectas,
757 2335 861 2384 scicntia,
881 2336 921 2384 pia

0 2417 1 2422 =
75 2397 179 2445 affectio,
195 2397 305 2444 suavitas,
324 2395 454 2445 delectatio,
473 2397 544 2437 timor
561 2397 603 2438 etc.
622 2397 746 2438 Eiusmodi
762 2397 829 2438 actus
845 2399 921 2439 solent

0 2493 1 2496 ,
76 2460 231 2501 indeliberate
243 2469 375 2510 exsurgere,
388 2459 489 2509 possunt
500 2460 582 2511 utique
596 2460 683 2501 deinde
695 2460 822 2502 deliberate
836 2461 919 2501 foueri.

75 2547 107 2554 »-
118 2523 204 2564 Patres
218 2533 287 2573 saepe
300 2532 408 2571 expresse
422 2522 505 2562 dicunt
519 2523 562 2563 hos
574 2523 654 2563 motus
666 2522 755 2574 gratiae
769 2535 819 2563 non
832 2535 880 2564 esse
895 2525 921 2563 in

75 2592 156 2625 nostra
172 2591 293 2636 potestate,
318 2595 362 2624 nos
382 2587 529 2634 praevenire,
546 2586 601 2626 fieri
618 2586 644 2625 in
660 2586 729 2626 nobis
752 2586 802 2625 sine
826 2587 919 2627 notite

77 2648 265 2699 Augustinus
281 2648 318 2688 Aa
332 2646 419 2696 Simpl.
436 2650 456 2696 l,
472 2650 492 2696 2,
509 2651 535 2689 21
554 2649 607 2700 (ML
621 2651 656 2698 40,
673 2648 735 2698 issttt:
757 2667 768 2686 <r
776 2643 835 2698 Quis
849 2650 922 2691 habet

76 2710 101 2749 in
117 2711 230 2761 potestate
246 2711 288 2751 tali
302 2710 353 2750 viso
369 2707 454 2759 attingi
469 2710 573 2752 mentem
590 2721 665 2759 suam,
681 2722 727 2762 quo
743 2712 796 2752 eius
810 2712 921 2752 voluntas

138 2832 146 2852 1
163 2830 280 2875 Intellege:
300 2830 347 2865 sine
363 2828 427 2864 nobis
445 2829 511 2865 libere
529 2831 724 2873 consentientibus,
743 2840 788 2866 non
804 2840 856 2867 vero
873 2832 921 2867 sine

76 2876 140 2910 nohis
152 2876 250 2911 vitaliter
262 2875 473 2916 uenerationem
485 2877 548 2912 actus
559 2876 638 2912 vitales
650 2877 696 2912 sive
708 2877 855 2912 immanentes
866 2877 921 2912 oriri

76 2928 122 2955 non
133 2921 233 2966 possunt,
246 2921 290 2956 nisi
302 2920 397 2956 facultas
411 2920 480 2957 active
493 2923 522 2957 ad
535 2931 612 2957 eorum
623 2921 791 2967 productionem
804 2924 921 2957 concurrat

77 2965 104 3010 (v.
114 2967 166 3002 Lah.
175 2976 196 3003 n.
204 2966 243 3013 ei).
252 2968 359 3003 Voluntas
369 2966 438 3010 igitur
448 2968 560 3002 concurrit
570 2976 615 3012 qua
621 2968 707 3013 θὲλησις,
713 2977 758 3003 non
769 2977 814 3013 qua
821 2968 921 3014 βοῦλησις.
