2214 3350
161 219 164 225 ¹
184 178 221 215 582
483 178 537 214 Sect.
551 179 597 213 VII.
611 179 641 214 De
653 176 732 213 merito

184 298 238 327 non
253 285 334 326 tamen
349 285 458 327 directe
473 292 629 337 augimentum
643 285 732 335 prutina
748 283 877 324 habitualis
894 290 915 323 et
930 284 1030 335 pieriae,-

184 348 326 390 indirecte
341 348 422 390 autem
437 348 482 390 hoc
497 349 552 390 eliis
566 348 670 389 meretur
685 358 719 394 eo,
734 347 798 397 qnod
814 345 845 386 iis
860 347 963 396 acquirit
977 360 1029 398 prc-

184 412 227 452 tics
242 412 353 460 uitantes,
367 424 470 463 quarum
483 413 546 452 bono
560 422 605 451 usu
618 409 695 461 gratia
709 409 862 449 sanctificans
876 409 982 458 augetur.
998 435 1031 440 -

183 474 207 525 h)
226 476 327 526 Insuper
342 475 441 528 primam
459 475 561 526 gratiam
577 472 789 525 supernaturalem,
808 472 879 522 atrine
893 471 965 512 etiam
981 473 1029 522 pri-

183 549 249 578 mam
260 538 363 589 gratiam
375 537 508 579 efficacem.
516 535 646 576 ——Ratio¹
660 536 722 576 Haec
734 535 842 576 doctrina
853 535 909 576 ituit
919 547 949 576 ex
960 546 1029 585 gene-

183 600 269 642 raliore
286 602 315 641 de
331 602 497 642 cornmuntone
512 600 661 646 Sanctorum.
680 599 748 656 Unus
761 609 804 649 pro
822 598 877 639 aliis
892 598 969 648 potest
985 598 1029 639 im-

183 664 285 714 petrare,
303 664 443 711 satisfacere,
461 661 548 703 mereri
564 662 593 703 de
609 672 721 712 congruo.
739 662 786 703 Sed
802 662 883 702 omnia
898 661 956 701 haec
973 661 1030 702 sunt

184 727 337 774 ialiibilia,
355 725 495 777 praesertim
510 737 540 766 ex
555 736 589 773 eo,
607 726 671 774 quod
688 725 751 765 Deus
767 724 898 774 generatim
911 725 1029 765 condicio-

183 800 239 830 nem
256 789 358 830 alicuius
376 789 448 828 bonae
465 788 593 828 colummis
616 799 645 828 ex
668 788 735 838 parte
759 787 857 828 alterius
874 786 955 837 exigit
980 784 1029 827 n'cn

183 852 288 901 facienti,
307 852 371 903 quod
393 852 428 892 est
453 851 478 891 in
503 861 535 899 se,
554 861 602 891 non
627 849 787 890 infallibiiiter
811 850 902 891 contert
926 850 1028 900 gratiam

185 914 400 967 mmmm.
979 927 981 930 v

183 1055 236 1095 719.
270 1055 368 1098 Quidam
380 1054 476 1098 theologi
492 1062 566 1088 omne
579 1054 704 1088 meritum
718 1054 747 1089 de
763 1061 881 1096 congruo
897 1052 1025 1087 reiciunt.

183 1107 311 1143 Secundum
323 1107 384 1141 Dom.
401 1106 430 1141 de
446 1106 507 1142 Soio
522 1107 545 1142 0.
561 1105 593 1147 Ρ.,
608 1106 639 1141 De
653 1108 698 1140 nui.
716 1107 736 1140 et
750 1108 806 1149 prat.
822 1105 840 1147 2,
855 1104 872 1147 4,
887 1105 912 1139 in
925 1104 1028 1141 terminis

181 1159 274 1203 pugnat,
290 1167 340 1193 cum
353 1157 458 1193 meritum
472 1158 508 1192 ius
521 1157 630 1203 importet,
644 1166 767 1201 congruum
781 1158 804 1193 id
818 1156 888 1201 neget.
905 1159 1028 1193 Becanus

182 1211 203 1246 S.
218 1212 229 1245 J
232 1238 244 1253 .,
258 1211 279 1246 S.
295 1211 324 1245 ti.
339 1210 405 1245 schot
420 1219 473 1255 pars
486 1210 498 1246 2
510 1211 535 1244 in
546 1209 601 1246 fine:
618 1209 699 1245 «Nihil
712 1210 764 1244 certi
778 1210 804 1245 de
818 1219 843 1244 eo
857 1209 967 1245 affirmare
979 1218 1028 1254 pos-

182 1271 265 1297 sumus.
282 1262 344 1297 Sicut
358 1262 417 1296 enim
430 1261 501 1297 videri
514 1261 586 1306 potest
599 1262 663 1297 nobis
677 1269 799 1305 congruum
814 1261 834 1296 et
849 1260 988 1304 conveniens,
1004 1261 1028 1296 ut

181 1314 241 1349 Deus
257 1313 298 1348 hoc
314 1314 349 1348 vei
366 1313 421 1348 iliud
438 1313 536 1358 praestet
552 1314 604 1348 huic
622 1312 712 1348 eutitii
728 1312 820 1357 homini,
838 1314 871 1348 ita
887 1323 898 1348 e
916 1313 1027 1348 contrario

108 1384 110 1386 -
182 1374 228 1400 non
242 1366 323 1400 desunt
336 1367 380 1400 Deo
395 1365 492 1400 rationes
507 1364 659 1409 congruentes,
675 1374 715 1400 cur
728 1365 752 1400 id
765 1365 820 1400 nolit
832 1364 952 1409 praestare,
970 1364 1028 1408 quod

182 1416 250 1452 alicui
273 1417 366 1461 apparet
387 1425 517 1460 congruum,
535 1418 560 1451 ut
575 1416 699 1461 praestet.»
721 1436 744 1441 -
767 1415 861 1451 Concedi
882 1416 954 1461 potest
977 1424 1028 1450 cum

182 1468 315 1505 Schiiiini
331 1469 359 1513 (n.
374 1467 417 1514 383)
434 1468 547 1503 notionem
560 1468 634 1503 meriti
646 1469 672 1503 de
686 1464 787 1511 congruo⁴
799 1477 846 1503 esse
862 1469 976 1503 tumultum
991 1468 1028 1503 ad-

180 1521 273 1556 modum
286 1530 392 1565 capaneo.
412 1521 460 1562 Sed,
478 1522 503 1561 ut
518 1521 577 1556 idem
593 1521 670 1556 auctor
685 1521 743 1556 recte
758 1521 828 1562 notat,
846 1520 902 1555 nihil
917 1520 1025 1566 prohibet,

181 1574 301 1618 quominus
314 1573 371 1607 ratio
384 1572 465 1615 meriti,
482 1582 538 1617 qnae
552 1572 605 1608 dicit
620 1582 675 1618 opus
688 1573 787 1618 praemio
800 1573 893 1617 dignum
907 1574 928 1608 et
943 1574 967 1608 in
981 1572 1027 1607 solo

181 1625 260 1660 meritc
277 1625 302 1660 de
318 1624 427 1669 condigno
443 1624 539 1670 perfecte
553 1624 673 1667 invenitur,
690 1625 754 1660 modo
771 1624 846 1669 aliquo
862 1625 990 1669 imperfecto
1007 1627 1027 1660 et

182 1677 278 1720 unnlcpo
295 1677 320 1711 in
337 1677 470 1720 quibusdam
488 1676 539 1712 aliis
557 1676 660 1721 operibus
678 1676 824 1722 participetur
842 1677 875 1722 (ci.
894 1686 914 1712 n.
935 1676 971 1713 716
988 1676 1024 1712 fin.

182 1727 352 1763 similitudinem
362 1728 383 1764 Si
393 1729 563 1763 bonaventurae
575 1728 601 1763 de
611 1728 672 1763 linea
683 1728 704 1764 et
714 1727 846 1774 superficie).
854 1729 943 1764 —Haec
954 1728 1029 1774 dispu-

181 1780 236 1814 tatio
248 1779 341 1823 practici
352 1779 459 1814 momenti
470 1788 516 1814 non
528 1779 565 1815 est.
580 1779 642 1814 Bona
652 1778 711 1814 enim
723 1779 769 1821 ilia,
784 1789 841 1824 quae
853 1779 974 1815 seeundum
987 1787 1026 1814 nos

181 1842 207 1867 ex
223 1832 289 1867 titulo
304 1832 377 1868 meriti
394 1832 420 1867 de
437 1841 535 1876 congruo
551 1832 645 1867 obtineri
661 1832 760 1877 possunt,
779 1833 792 1868 i.
812 1842 828 1868 e.
848 1832 981 1877 appellando
998 1832 1027 1867 ad

182 1884 307 1919 decentiam
323 1885 343 1918 et
361 1883 503 1928 aequitatem,
523 1883 569 1920 sine
587 1884 655 1919 dubio
671 1883 721 1919 aliis
737 1883 786 1926 viis,
807 1884 852 1920 scil.
871 1884 1026 1930 impetratione

181 1935 215 1971 vei
229 1935 373 1981 dispositione
386 1936 480 1981 possunt
494 1936 586 1980 acquiri;
599 1937 667 1970 immo
681 1936 790 1981 quaecum
804 1946 829 1971 ex
843 1935 877 1972 his
890 1937 955 1972 bonis
968 1937 1026 1972 Deus

182 1987 262 2022 debitis
276 1988 316 2022 suh
331 1987 505 2023 circumstantiis
520 1987 674 2032 infallibiliter,
691 1988 747 2023 sicut
761 1987 870 2033 promisit,
885 1987 952 2025 dabit.
969 1990 1027 2032 Ergo

182 2039 218 2073 vix
232 2038 354 2083 quidquam
367 2038 448 2083 pendet
462 2048 476 2073 a
490 2039 624 2083 quaestione,
641 2048 671 2074 an
685 2039 788 2083 operibus
803 2038 940 2075 salutaribus
953 2049 1027 2085 pecca·
1066 2069 1067 2072 ,

181 2089 236 2124 toris
254 2090 344 2134 propter
363 2089 493 2134 obsequium
510 2091 555 2125 Deo
572 2088 705 2135 praestitum
724 2089 830 2134 aliqualis
849 2090 949 2126 decentia
965 2090 1027 2126 retri-

181 2141 281 2175 butionis
300 2140 443 2175 attribuenda
462 2141 497 2183 sit3
524 2141 561 2175 sed
586 2140 662 2175 valida
685 2150 734 2175 earn
758 2140 856 2185 negandi
874 2141 932 2176 ratio
953 2142 1027 2177 deesse

181 2191 277 2232 videtum
289 2200 342 2226 nam
354 2191 459 2226 meritum
470 2190 512 2225 hoc
526 2191 645 2235 analogum
658 2200 710 2225 non
723 2191 829 2236 importat
842 2191 894 2234 ius,
909 2193 948 2227 sed
962 2192 1028 2227 ratio-

182 2251 233 2277 nem
252 2242 364 2277 decentiae
384 2242 532 2278 essentialiter
548 2242 733 2287 imperfectiorem
751 2251 819 2287 quam
837 2251 914 2279 verum
931 2242 972 2279 ius,

182 2368 236 2408 720.
274 2367 312 2408 lv.
327 2367 396 2409 Omni
407 2367 500 2408 ratione
513 2367 589 2408 meriti
602 2379 631 2409 ex
643 2368 712 2421 parte
725 2367 862 2422 accipientis
875 2369 957 2410 carent
969 2369 1026 2410 haec

182 2432 287 2472 obiecta:
307 2435 326 2472 i.
346 2431 424 2472 Prima
443 2431 523 2482 gratia
539 2432 725 2483 supernaturalis
743 2432 786 2483 (th.
805 2434 818 2472 7
836 2433 858 2474 et
875 2444 898 2474 n.
918 2433 978 2484 290).
997 2457 1028 2464 -

181 2499 201 2537 2.
217 2495 297 2537 Prima
311 2496 390 2548 gratia
401 2496 500 2544 efficax,
517 2497 554 2536 cui
569 2507 598 2536 ex
612 2496 725 2548 conceptu
740 2496 822 2538 nuilus
836 2497 902 2538 actus
916 2497 1027 2537 salutaris

181 2560 309 2611 praecedit,
327 2561 415 2612 quippe
432 2560 473 2612 qui
490 2561 538 2601 iam
554 2560 668 2611 exegisset
684 2560 789 2613 aliquam
804 2562 909 2612 priorem
924 2562 1025 2612 gratiam

181 2625 306 2665 efficacem.
322 2651 352 2656 -
367 2629 387 2665 3.
405 2623 596 2679 Praenestinatio
613 2625 728 2678 complete
743 2625 847 2678 sumpta,
865 2637 926 2676 quae
942 2638 972 2666 ex
987 2627 1026 2666 ab·

181 2688 258 2729 soluto
275 2689 317 2728 Dei
331 2690 423 2730 decreto
439 2689 554 2729 efficiendi
571 2688 635 2728 hunc
651 2688 836 2730 determinatum
850 2681 959 2731 ordinem
976 2701 1026 2740 gra-

181 2754 271 2793 tiarum
284 2764 310 2793 eo
323 2753 373 2804 ipso
387 2753 488 2794 habet-ur
504 2754 542 2805 (ci.
557 2765 580 2792 n.
595 2756 635 2794 cti
648 2756 689 2794 644
701 2755 761 2805 654).
775 2753 835 2795 Ante
848 2755 891 2795 hoc
905 2754 1026 2795 decretum

182 2817 250 2857 nnita
265 2816 349 2857 merita
365 2817 471 2857 absolute
485 2817 566 2857 futura
580 2818 757 2867 praevidentur,
773 2818 797 2858 et
811 2819 895 2859 merita
911 2817 1027 2858 condicio.

181 2888 237 2921 utare
255 2882 336 2921 futura
353 2892 400 2921 non
417 2882 518 2931 possunt
533 2892 582 2922 esse
600 2881 666 2930 ratio,
685 2894 727 2922 cur
744 2883 782 2923 hic
801 2883 857 2923 ordo
875 2894 931 2933 prae
949 2882 996 2923 alio
1013 2894 1028 2922 a

182 2946 230 2986 Deo
245 2945 347 2996 eligatur
361 2946 391 2996 (v.
407 2957 430 2985 n.
447 2946 505 2995 649).
