2214 3350
185 189 220 242 ile
363 207 417 242 Sect.
436 207 463 241 11.
482 192 561 240 11111.
579 206 610 240 De
626 203 747 247 gratuitate
763 201 851 246 gratiae
903 241 905 244 ¹

184 307 480 358 auxiliuminternum,
496 312 656 358 gratuitum,
675 309 803 356 speciale.
821 311 881 345 Haec
896 308 964 344 motio
980 306 1030 353 pro-

184 366 279 402 babilius
290 367 413 413 concipitur
423 376 438 403 a
448 368 468 403 S.
478 361 562 401 Thoma
571 365 686 408 tamquam
696 362 805 398 auxilium
816 361 929 397 ent'tatiue
941 360 1030 396 distine-

184 419 231 453 tani
241 418 268 453 ab
278 418 328 463 ipsa
337 418 450 464 infusione
460 416 545 461 pratiae
556 414 684 457 habitualis,
694 415 708 450 1.
716 425 733 450 e.
741 414 858 459 tamquam
869 412 958 457 aliquod
968 413 1030 448 auxi-

182 470 239 505 lium
257 479 318 506 vere
337 470 444 510 actuale
450 480 455 512 ;
474 469 549 503 tamen
568 468 594 503 de
612 468 685 502 mente
703 465 821 512 Aquinatis
842 464 939 501 dubitari
957 464 1029 510 potest

185 522 205 557 et
221 531 268 557 non
284 532 299 558 a
315 522 361 558 solo
378 523 401 557 P.
420 521 502 566 Stader
519 519 644 555 dubitatum
662 519 694 554 est
714 520 741 565 [v.
759 527 781 555 n.
800 518 837 554 311
854 518 875 552 11
891 516 927 553 199
944 516 1030 553 notet

184 575 286 610 auctores
297 574 349 611 ibid.
358 569 581 618 laudatos).-⁴Quod
592 572 611 607 S.
626 570 722 607 Thomas
734 571 807 615 exigat
819 569 928 605 auxilium
939 569 979 605 Dei
990 569 1030 603 in-

119 633 121 636 ’
183 625 300 667 ternum,
315 624 409 661 ostendit
420 632 564 669 progressum
577 622 690 667 doctrinae
703 624 728 657 in
740 620 905 667 comparatione
920 622 948 657 ad
961 629 1030 666 opera

183 677 301 715 iunioris1.
316 695 342 707 —⁴
357 676 398 713 Sed
412 685 458 710 non
472 675 580 721 probatur
594 675 728 719 Aquinatem
743 675 795 716 iam,
811 674 837 709 ut
853 673 954 708 hodierni
969 673 1029 708 theo-

183 728 236 773 logi,
257 729 298 764 hoe
319 727 427 763 auxilium
448 727 506 763 clare
528 726 641 772 concipere
662 727 778 770 tamquam
799 726 896 770 gratiam
918 722 1029 761 actualem

184 780 343 822 elevantem,
370 779 384 814 1,
410 788 428 814 e.
456 778 600 814 entitative
626 778 650 813 et
676 777 841 824 simpliciter
867 777 1029 822 supernatu-

184 832 277 867 ralem.
293 833 338 866 Vox
353 843 363 863 a
371 831 540 875 gratuitum„
556 830 613 865 certe
626 830 650 865 id
663 839 710 865 non
723 828 867 871 demonstrat,
882 828 988 873 quoniam
1001 828 1029 863 iis

184 892 270 928 quoque
285 883 339 918 locis
354 892 396 917 usu
411 881 478 925 venit,
494 882 533 917 uhi
548 880 669 917 necessitas
685 881 764 916 auxilii
778 881 862 915 interni
878 889 977 925 expresse
993 888 1030 914 ne-

184 936 251 979 gatur
265 934 292 980 (v.
308 944 327 979 g.
342 935 370 969 in
382 935 394 969 t
407 934 427 969 d.
444 932 467 969 17
480 942 499 978 q.
515 933 524 969 1
539 943 558 969 a.
574 933 629 978 equ
644 933 657 969 2
670 933 699 969 ad
712 932 731 975 2;
745 942 765 971 r.
779 941 801 970 n.
816 931 868 978 219).
883 932 958 977 Neque
973 931 1029 967 satis

183 985 291 1031 probatur
307 995 333 1021 ex
348 986 421 1021 verbis
445 985 535 1021 «iustos
551 984 658 1020 convertit
675 984 705 1020 ad
722 994 745 1021 se
761 985 836 1030 ipsum
853 984 909 1019 sicut
926 984 955 1019 ad
972 993 1029 1030 spe·

183 1037 280 1073 cialem
297 1036 364 1073 finem
372 1049 382 1070 n
403 1037 425 1083 (i.
446 1047 463 1073 e¹
483 1037 512 1072 ad
529 1038 599 1072 Deum
617 1036 642 1071 ut
659 1035 727 1072 finem
744 1036 955 1082 supernaturalem);
975 1044 1029 1071 nam

137 1117 138 1120 ,
183 1089 241 1134 quod
252 1089 297 1125 ista
306 1089 374 1124 motio
385 1089 463 1124 divina
473 1088 586 1124 convertat
597 1087 704 1131 homines,
718 1097 773 1134 quos
783 1088 830 1124 iam
840 1088 926 1129 vocat«
931 1087 1003 1123 iustos
1009 1101 1027 1131 n,

183 1141 212 1176 ad
231 1142 302 1176 Deum
319 1139 387 1176 ‹finem
407 1140 607 1186 supernaturalem,
629 1141 751 1176 secundum
771 1140 867 1176 mentem
888 1140 908 1176 S.
931 1139 1029 1175 Thomae

128 1202 130 1206 ⁴
182 1193 257 1237 potius
279 1192 333 1227 oriri
355 1193 443 1228 videtur
460 1201 485 1227 ex
501 1192 614 1227 infusione
636 1193 723 1236 gratiae
741 1191 868 1234 habitualis,
887 1201 943 1236 quae
961 1191 1028 1227 simul

183 1253 233 1279 cnm
248 1244 345 1279 motione
360 1244 437 1280 divina
451 1243 481 1279 fit.
498 1243 657 1280 Necessitatem
672 1253 724 1280 vero
739 1245 839 1290 praecise
854 1244 958 1278 motionis
975 1244 1029 1278 diui-

182 1304 225 1331 nae
237 1296 338 1332 internae
351 1296 392 1331 hoc
404 1296 502 1341 tempore
514 1296 609 1341 probare
622 1295 677 1332 solet
690 1307 716 1332 ex
727 1296 863 1342 Philosopho
879 1295 905 1341 (v,
920 1304 941 1331 n.
956 1295 1026 1341 2215),

183 1347 206 1383 id
219 1348 277 1392 quod
291 1347 358 1383 etiarn
370 1348 393 1382 in
405 1348 448 1383 hac
462 1357 480 1393 q.
496 1347 542 1391 109,¹
551 1347 597 1384 scil.
612 1357 631 1383 a.
645 1347 657 1384 2
671 1349 699 1384 ad
713 1348 730 1389 1,
743 1348 775 1392 111,
789 1349 819 1384 ad
832 1357 896 1393 quem
909 1347 1028 1384 articulum

182 1399 271 1444 inipso
287 1400 327 1435 hoe
344 1408 363 1434 a.
382 1399 394 1434 a
408 1399 513 1434 lectorem
529 1399 627 1445 remittit.
645 1421 670 1427 »-
694 1399 835 1445 11112121
851 1399 894 1435 «Si
909 1398 1028 1444 loquamur

183 1451 209 1486 de
227 1451 308 1495 gratia,
328 1452 450 1487 secundum
474 1452 533 1496 quod
557 1451 668 1495 significat
687 1451 795 1487 auxilium
814 1452 854 1487 Dei
871 1451 980 1487 moventis
999 1452 1028 1487 ad

182 1504 272 1547 honum,
291 1503 322 1539 sie
340 1503 404 1538 natta
422 1504 564 1548 praeparatio
584 1503 705 1548 requiritur
723 1514 748 1540 ex
766 1503 829 1549 parte
848 1503 944 1539 hominis
963 1504 1028 1548 quasi

182 1556 327 1599 praeveniens
343 1555 444 1590 divinam
457 1556 575 1597 auriliana
588 1556 626 1591 sed
638 1556 713 1601 potius
727 1565 871 1601 quaecunque
884 1557 1028 1602 praeparatio

182 1607 207 1642 in
225 1607 314 1642 homine
333 1616 380 1642 esse
397 1607 476 1652 potest,
496 1608 529 1642 est
548 1617 574 1642 ex
592 1607 674 1642 auxilio
693 1608 733 1643 Dei
751 1607 860 1643 moventis
879 1608 979 1643 animam
999 1609 1028 1643 ad

182 1661 271 1697 honum.
292 1660 319 1695 Et
336 1660 460 1695 secundum
477 1660 518 1695 hoc
537 1659 585 1705 ipse
603 1660 674 1695 honus
693 1660 767 1695 motus
786 1660 851 1696 tiberi
870 1659 963 1703 arbitrii,
984 1669 1028 1705 quo

182 1713 231 1757 quis
245 1716 393 1757 praeparatur
408 1712 437 1747 ad
451 1712 534 1747 donum
548 1711 633 1755 gratiae
649 1711 822 1758 suscipiendum,
839 1712 871 1747 est
885 1712 948 1748 actus
963 1712 1027 1748 liberi

182 1764 270 1800 arbitrii
282 1763 336 1798 moti
349 1774 363 1799 a
374 1765 424 1799 Deo.
432 1766 445 1795 'a
458 1783 481 1788 —
493 1763 522 1799 ad
534 1763 555 1799 1:
573 1776 583 1795 ι(
591 1763 750 1809 Praeparatio.
760 1790 778 1799 ..
793 1763 903 1809 quaedam
915 1764 948 1799 est
961 1763 1028 1799 sinent

182 1824 232 1850 cum
250 1815 301 1860 ipsa
318 1815 430 1850 iniusione
448 1814 541 1859 gratiae,
562 1814 583 1850 et
600 1814 693 1850 talis...
714 1815 787 1851 151...
807 1815 962 1852 meritoria...
983 1814 1027 1860 glo-

182 1867 270 1903 riae...
291 1866 330 1902 Est
350 1866 425 1902 autem
445 1866 490 1902 alia
509 1866 652 1912 praeparatio
672 1867 759 1911 gratiae
778 1867 948 1912 imperfecta,
970 1876 1026 1912 quae

182 1919 303 1965 aliquando
319 1919 432 1963 praeeedit
446 1920 529 1955 donum
545 1919 630 1962 gratiae
647 1920 737 1963 gratum
753 1919 862 1960 facientis,
880 1928 936 1964 quae
951 1920 1027 1955 tamen

182 1972 215 2007 est
231 1981 245 2007 a
260 1973 304 2007 Deo
320 1972 427 2006 monente.
447 1971 489 2007 sed
504 1971 549 2006 ista
565 1979 609 2005 non
626 1971 706 2007 sufficit
722 1971 751 2006 ad
766 1971 877 2006 meritum.
888 1983 898 2003 »
915 1993 940 1998 -
956 1972 985 2006 ad
1002 1972 1023 2007 2;

184 2035 194 2056 a
204 2024 259 2059 Cum
274 2023 339 2057 homo
357 2023 385 2058 ad
401 2022 498 2067 gratiam
515 2031 538 2057 se
554 2031 689 2066 praeparare
706 2031 752 2057 non
768 2023 838 2067 possit
855 2022 898 2057 nisi
914 2024 960 2059 Deo
978 2032 1027 2058 eum

181 2073 339 2120 praeveniente
355 2073 376 2109 et
390 2074 491 2109 movente
508 2073 537 2109 ad
552 2073 641 2117 bonum,
659 2083 705 2109 non
720 2073 794 2118 reteri,
812 2074 887 2109 utrum
904 2074 976 2110 subito
993 2076 1027 2111 vel

181 2125 293 2171 paulatim
309 2125 390 2170 aliquis
407 2126 436 2161 ad
452 2125 573 2171 perfectam
588 2126 782 2171 praeparationem
798 2126 953 2172 perveniat...
974 2126 1027 2162 Con-

181 2177 250 2223 tingit
267 2176 342 2213 antem
359 2177 498 2222 quandoque,
517 2177 576 2222 quod
592 2178 651 2213 neus
668 2178 741 2213 movet
759 2177 871 2213 hominem
889 2179 918 2214 ad
930 2178 1027 2227 *aliquod

180 2232 271 2274 bonum,
288 2239 334 2266 non
349 2229 425 2266 tamen
439 2229 568 2275 perlectum,
586 2229 606 2264 et
621 2229 674 2265 talis
689 2230 834 2276 praeparatio
849 2231 961 2275 praecedit
978 2240 1027 2276 gra-

181 2284 242 2321 tiam.
262 2282 305 2320 Sed
320 2282 453 2327 quandoque
469 2281 546 2317 statim
562 2281 657 2327 periente
673 2281 746 2317 movet
762 2282 837 2327 ipsum
854 2282 882 2317 ad
898 2283 987 2328 honum,
1006 2283 1027 2319 et

181 2335 254 2371 subito
265 2334 331 2370 homo
343 2333 440 2378 gratiam
452 2333 532 2379 accipit
539 2336 572 2369 '..
585 2333 613 2368 Et
624 2333 658 2369 ita
668 2333 762 2378 contigit
772 2333 867 2375 Paulo,
880 2335 934 2379 quia
945 2331 1025 2377 subito,

181 2390 235 2422 cum'
251 2385 308 2421 esset
326 2385 352 2421 in
369 2394 489 2431 progressu
507 2384 598 2430 peccati,
618 2385 714 2430 perfecte
733 2387 819 2421 motam
838 2387 869 2420 est
889 2395 926 2421 cor
945 2387 993 2422 eius
1013 2397 1027 2422 a

252 2515 261 2537 ²
277 2515 307 2550 De
322 2513 482 2550 differentia
497 2514 648 2557 doctrinae,
665 2523 722 2559 quae
736 2513 850 2550 invenitur
865 2515 889 2549 in
905 2515 986 2551 comm.
1004 2517 1028 2550 ia

182 2562 278 2599 1151111.
295 2563 316 2598 et
328 2562 354 2597 in
365 2562 386 2599 S.
404 2563 442 2605 ila,
457 2571 476 2599 ν.
492 2563 533 2597 sub
548 2563 588 2597 hoc
603 2564 644 2597 art.
660 2563 671 2598 1
690 2560 837 2608 Caletanum:
851 2563 933 2599 «Dicta
947 2572 990 2599 sua
1003 2564 1028 2598 in

180 2609 193 2646 2
218 2610 276 2646 Seni.
301 2610 333 2645 ad
355 2609 493 2646 meliorem
516 2618 623 2645 sensum
644 2611 777 2646 reducens
800 2609 934 2646 declarando
952 2612 973 2646 et
989 2612 1027 2647 ad-

181 2657 253 2693 dendo
262 2667 281 2699 »ς
297 2657 364 2694 «sine
378 2657 469 2703 speciali
484 2657 596 2693 adiutorio
610 2658 690 2695 Dei...
707 2667 753 2694 non
766 2658 839 2704 potest
853 2667 989 2704 praeparare
1004 2668 1026 2695 51

182 2705 212 2741 ad
227 2704 330 2748 gratiani,
347 2705 455 2750 quidquid
470 2705 495 2740 in
510 2705 523 2741 2
535 2705 593 2741 Seni.
608 2706 682 2742 minas
697 2706 808 2750 dipestam
821 2706 914 2741 11111111.
928 2723 955 2738 -i
964 2705 1022 2742 Dom

180 2751 245 2809 Sota,
262 2754 293 2788 De
306 2754 351 2790 nat.
368 2755 388 2788 11
403 2755 458 2798 prat.
473 2753 487 2788 l.
503 2753 516 2789 2
529 2762 576 2798 cap.
592 2752 614 2789 3:
632 2766 643 2786 o
651 2755 715 2791 Unde
730 2763 780 2790 cum
793 2755 806 2790 2
820 2755 878 2791 seat.
895 2755 914 2789 d.
930 2754 954 2790 27
969 2754 1028 2791 1128

180 2802 755 2902 1111111111ξὲ1151111111111
769 2803 823 2885 ier
836 2803 899 2894 tsi
911 2803 1027 2897 ittae

180 2895 222 2932 illa
232 2895 289 2932 esset
298 2897 403 2931 meritum
414 2896 440 2931 de
451 2905 555 2942 congruo,
568 2898 708 2942 postmodum
719 2898 775 2934 ins.
790 2897 851 2944 [ih.],
864 2908 874 2933 e
885 2897 952 2942 aquia
962 2907 1027 2934 sacra

181 2944 203 2980 et
214 2943 315 2985 Petrum,
329 2952 379 2979 cum
391 2944 470 2989 primis
481 2945 608 2989 Augustini,
623 2945 746 2982 sententias
758 2945 887 2981 meditatius
901 2946 1026 2991 explorans,

180 2992 301 3037 utrumque
315 2991 496 3028 retractavit»
515 2992 551 3036 (ci.v
567 3001 635 3038 supra
648 3002 669 3029 n.
688 2993 721 3030 151
737 2993 780 3032 not,
797 2993 825 3038 2).
