2214 3350
224 163 230 172 '
262 196 264 199 .
303 167 380 203 Thesis
392 167 409 204 6.
424 168 525 204 Potestas
537 163 715 212 perseverandi
888 158 924 196 115

78 279 117 316 sed
138 277 276 312 conservatio
297 276 397 312 iustitiae
419 275 534 320 gratuitae,
555 274 617 319 (1112
633 274 653 310 d.
670 271 694 308 29
711 280 782 317 expos.
800 269 867 315 text).
891 270 923 304 De
946 311 948 314 Ι

79 328 169 375 speciali
182 327 264 363 auritio
273 336 323 373 *uon
332 327 422 373 videtur
433 327 530 372 cogitare
544 327 579 374 (ci.
593 335 614 361 11,
631 323 672 366 151,
686 322 741 368 quid
752 322 777 358 in
788 322 828 358 hoc
841 321 928 368 scripto

77 379 160 418 sentiat
172 379 308 416 devitandis
320 388 334 414 a
345 380 459 423 peccatore
471 377 616 414 ulterioribus
628 373 761 418 mortalibus
773 373 885 419 peccatis).
898 393 925 399 -

78 431 111 468 De
123 441 169 468 ver.
181 437 204 475 a.
216 429 246 466 24
263 440 283 466 a.
301 429 324 465 13
339 429 435 465 affirmat
449 428 639 475 perseverantiam
654 427 732 462 debere
748 434 762 460 a
776 426 821 461 Deo
835 423 924 465 donata

78 483 117 521 sed
133 482 206 519 adhuc
221 482 281 518 tenet
297 482 382 517 iustum
398 491 462 527 posse
478 482 500 516 vi
517 481 603 526 gratiae
620 477 744 514 habitualis
760 477 831 512 otiare
848 475 925 511 ornata

77 533 181 571 mortalia
197 534 293 579 peccate.
311 533 341 570 ut
357 533 411 570 haec
428 534 486 569 inter
503 542 526 569 se
542 530 651 574 conciliet,
669 530 742 565 acutat
759 527 923 574 quadamtenus

77 587 163 623 clarum
189 586 210 621 et
235 585 329 630 planum
354 586 485 630 conceptam
510 582 688 629 perseverantiae
715 580 780 627 prius
805 579 921 615 statutum.

80 638 165 678 «Aliud
180 637 214 673 est
229 637 300 672 dicere
315 645 380 680 porse
396 636 506 672 abstinere
523 645 537 672 a
551 634 648 681 peccata
666 634 686 669 et
702 640 767 677 porse
783 639 924 676 persolveram

79 698 147 735 arque
158 688 190 725 ,aa
202 687 269 733 tinem
282 687 340 723 aritae
353 687 378 722 in
392 688 527 723 abstinentia
541 697 555 724 a
567 687 663 733 peccato.
674 699 684 719 1)
699 685 747 721 Hoc
762 683 857 720 alterum
870 683 924 719 dicit

78 740 215 788 potestatem,
232 740 258 775 ut
273 739 374 784 «aliquis
390 741 458 785 ponat
474 749 497 775 se
513 740 537 774 in
551 739 592 774 tali
608 738 676 780 statu,
693 737 753 782 quod
768 735 884 782 peccatum
899 735 925 770 in

80 803 104 829 eo
120 801 167 828 esse
183 800 229 827 non
244 790 340 837 possit».
358 792 402 828 Sed
416 791 481 827 homo
497 799 543 826 non
558 790 630 836 potest
647 790 699 825 actu
714 788 780 825 liberi
796 787 885 824 arbitrii
901 796 925 823 se

78 843 244 888 impeccabilem
255 843 334 879 iacere.
347 864 373 870 -
383 843 473 879 Rectius
485 843 512 878 de
524 841 655 878 necessitate
668 839 747 877 auxilii
759 838 858 885 loquitur
869 838 923 874 ibid.

78 904 98 940 q.
110 893 138 931 27
153 895 199 931 ab
214 894 243 930 ad
256 894 279 930 3:
296 894 388 929 Praeter
402 894 503 930 itaottara
517 893 603 938 gratiae
617 892 744 936 indigemus
759 890 834 927 divina
850 898 926 935 opera*

81 948 138 983 tione
158 946 248 992 propter
267 943 421 982 infirmitatem
440 946 535 981 naturae
555 945 576 980 et
594 943 763 980 multitudinem
782 942 926 989 impedimen-

79 999 158 1036 torum.
181 1009 191 1030 ιι
199 997 227 1033 nt
245 997 295 1033 ideo
314 996 399 1032 habens
418 997 516 1041 gratiam
535 1005 623 1032 necesse
644 996 710 1032 babet
729 995 803 1041 petere
823 995 925 1031 divinum

80 1046 194 1090 auxilium,
217 1048 275 1093 arcad
294 1047 323 1083 ad
342 1048 439 1092 aratiam
458 1049 613 1093 cooperantem
633 1048 734 1093 pertinet.
745 1060 755 1080 11
776 1047 803 1082 ln
823 1055 881 1092 corp.
904 1047 926 1081 et

80 1101 108 1137 ad
121 1096 132 1136 1
143 1102 165 1136 et
176 1100 287 1137 elocutus
299 1101 347 1136 erat
359 1100 386 1135 de
398 1100 474 1144 gratia
484 1100 590 1146 operante
604 1100 625 1134 et
638 1098 776 1145 cooperante,
790 1099 854 1144 quasi
867 1097 928 1133 nihil

19 1189 20 1192 ,
79 1152 140 1188 aliud
153 1152 209 1188 esset
221 1152 266 1187 nisi
278 1161 337 1187 unus
350 1151 387 1187 ille
400 1152 490 1188 habitus
503 1152 597 1197 gratiam
611 1152 678 1187 immo
692 1151 722 1186 ad
733 1151 746 1187 2
758 1150 854 1187 dixerat:
872 1163 883 1183 «
891 1150 923 1186 Ab

55 1205 57 1211 ’
79 1204 129 1249 ipsa
148 1203 253 1248 firmitate
274 1203 363 1238 habitas
384 1204 491 1240 causatur
512 1203 645 1246 resistentia,
667 1212 712 1248 qua
732 1202 858 1238 resistimus
877 1211 926 1248 pec-

80 1255 129 1291 cato
137 1268 154 1291 n.
169 1255 201 1291 Ex
213 1264 270 1300 resp.
285 1255 315 1290 ad
326 1254 338 1291 3
351 1255 457 1291 discimus
470 1255 512 1291 hoc
524 1255 557 1291 iia
568 1254 674 1300 intellegi,
688 1254 714 1290 ut
727 1255 757 1290 ad
769 1254 866 1299 gratiam
878 1263 926 1291 cooz

79 1307 194 1352 perantern
207 1306 275 1342 etiam
288 1306 399 1352 pertineat
412 1307 513 1342 divinum
526 1306 636 1342 auxilium
649 1308 676 1343 ab
690 1306 786 1342 habente
800 1308 898 1352 gratiam
911 1316 926 1342 a

80 1359 124 1394 Deo
140 1357 266 1404 petendum.
285 1359 344 1394 Haec
361 1358 486 1395 observatio
496 1358 613 1394 'inservire
630 1359 702 1405 potest
720 1359 749 1394 ad
766 1357 822 1394 alies
839 1367 926 1403 qnoque

79 1410 151 1445 textus
163 1410 183 1446 S.
196 1409 294 1446 Thomae
305 1409 326 1445 et
335 1409 490 1454 theologorum
501 1406 567 1446 istius
578 1409 683 1456 temporis
696 1410 754 1446 recte
766 1409 927 1454 intellegendos

81 1461 114 1505 (ci.
128 1460 160 1497 st.
174 1470 209 1506 qu.
224 1470 245 1497 n.
260 1460 385 1497 17211611
399 1460 448 1507 169).
462 1478 488 1490 -a
507 1459 529 1496 S.
540 1458 559 1497 c'.
568 1467 588 1506 g.
598 1460 616 1506 3,
631 1461 665 1498 155
677 1461 757 1507 probat
769 1463 781 1497 d
793 1460 924 1503 rationibus,

81 1524 90 1544 a
99 1512 157 1556 quod
172 1511 239 1547 homo
255 1512 340 1557 indiget
356 1512 431 1548 divino
448 1512 532 1549 auxilio
549 1514 578 1549 ad
593 1514 783 1559 perseverandum
798 1513 824 1549 in
839 1512 922 1548 1161161)ἰ

80 1564 122 1599 Sed
133 1574 159 1600 ex
170 1564 234 1609 parte
248 1564 328 1599 iterum
340 1564 409 1600 istam
421 1564 631 1611 impeccabilitatem
643 1563 748 1610 postulat,
763 1566 864 1611 exparte
879 1564 925 1601 alia

81 1614 237 1660 improbabilia
247 1615 362 1651 immiscet.
376 1617 403 1652 In
414 1617 457 1661 fiae
470 1617 549 1661 capitis
561 1617 616 1653 bene
629 1616 725 1653 ostendit
736 1616 827 1653 habitus
839 1617 927 1653 infusos

81 1674 121 1701 nos
133 1675 179 1702 uon
192 1667 248 1702 satis
261 1666 361 1703 stabilire
374 1667 475 1703 inbono.
492 1668 564 1714 Quare
579 1680 590 1700 α
599 1668 680 1704 habitis
697 1669 798 1704 orrrrribar
812 1668 926 1705 habitibus

82 1717 184 1759 prorutas
199 1719 271 1754 adhuc
285 1718 370 1763 indiget
383 1719 448 1755 homo
463 1719 551 1755 divinae
564 1719 717 1764 providentiae
732 1720 815 1756 auritio
829 1720 926 1756 exterius

80 1768 251 1811 gubernantis».
267 1791 293 1799 „
308 1770 407 1805 Tandem
421 1771 445 1805 in
460 1770 481 1807 S.
494 1769 524 1806 th.
539 1771 704 1807 distinctionem
720 1772 778 1808 inter
796 1785 806 1805 11
815 1772 927 1809 abstinen-

81 1819 135 1854 tiam
154 1830 168 1856 a
186 1820 294 1866 peccato»
316 1821 336 1856 et
357 1822 564 1867 «perseverantiam
583 1823 608 1858 in
627 1823 764 1859 abstinentia
783 1834 797 1859 a
815 1824 924 1869 peccator

81 1878 166 1907 necnon
178 1872 236 1908 alias
247 1872 345 1908 rationes
356 1873 382 1908 111
394 1874 413 1910 S.
427 1884 444 1910 c.
459 1883 478 1918 g.
492 1874 592 1920 prelatas
604 1875 685 1911 missas
697 1875 759 1918 tacit3
771 1876 926 1912 necessitatem

81 1930 132 1957 vero
147 1924 250 1969 specialis
266 1923 343 1960 auxilii
359 1925 406 1960 tam
421 1925 450 1961 ad
466 1926 582 1961 vitandam
597 1928 713 1971 peccatura
728 1936 795 1972 quam
810 1927 839 1963 ad
854 1936 924 1972 perre-

7 1963 8 1967 ’
35 1975 37 1979 ’
81 1974 203 2010 cerandum
213 1975 334 2011 iniustitia
344 1977 438 2021 requirit
449 1986 542 2023 eantque
552 1979 633 2024 probat
643 1987 690 2014 ana
701 1979 820 2024 eademque
831 1980 926 2022 ratione,

82 2023 126 2062 scil.
143 2034 168 2061 ex
182 2026 314 2063 infirmitate
329 2028 424 2064 naturae
440 2028 523 2074 lapsae,
541 2029 589 2065 sola
604 2030 677 2074 gratia
693 2030 803 2067 habituali
819 2040 864 2066 non
879 2039 927 2077 per-

82 2074 136 2110 iecte
147 2077 245 2113 sanatae.
259 2078 320 2115 Sicut
330 2079 370 2114 alii
380 2080 477 2125 theologi
489 2082 523 2116 sui
533 2082 640 2127 temporis
651 2083 687 2118 vix
698 2082 798 2128 explicite
809 2083 927 2128 distinguit

81 2126 139 2162 inter
156 2130 288 2172 potestatem
306 2133 464 2176 perseverandi
484 2133 504 2168 et
524 2134 606 2169 donum
626 2135 720 2170 actrralio
739 2135 924 2180 perseverantiae.

84 2243 135 2285 183.
173 2245 197 2286 S.
214 2247 249 2288 111,
267 2250 288 2295 1,
304 2251 318 2287 2
335 2258 357 2298 q,
377 2249 416 2287 109
432 2259 454 2287 6.
472 2249 497 2287 9:
517 2247 613 2287 Praeter
631 2246 752 2286 habitante
769 2247 867 2295 donam,
885 2256 929 2297 per

82 2308 146 2355 quod
161 2309 247 2349 natura
262 2309 523 2357 6111611161616161111,
540 2310 614 2350 homo
628 2308 726 2360 indiget,
744 2309 771 2349 ut
785 2320 800 2349 a
814 2308 862 2350 Deo
878 2320 927 2349 mo-

82 2374 163 2414 oveatar
182 2372 213 2410 aa
232 2377 293 2411 recte
312 2373 433 2423 agendam
458 2373 480 2424 a)
502 2372 592 2413 ratione
612 2371 752 2423 generali,
773 2371 830 2422 quia
849 2372 928 2412 omnir

83 2440 152 2471 caasa
177 2435 281 2492 recaredo
306 2436 336 2475 ad
363 2436 442 2476 actum
469 2435 560 2487 indiget
586 2435 690 2476 motione
717 2445 800 2475 causae
826 2434 946 2485 primae;¹

82 2491 106 2542 b)
124 2494 214 2556 ratione
230 2497 351 2546 speciali
367 2498 464 2549 propter
480 2496 643 2539 condicionem
660 2497 735 2538 status
751 2498 871 2539 humanae
888 2508 928 2537 na-

83 2553 156 2602 turae,
170 2558 227 2607 quia
239 2559 317 2601 ruente
330 2571 374 2610 per
385 2561 487 2611 gratiam
501 2561 582 2602 sanata
596 2561 704 2601 remanet
716 2561 795 2601 tamen
809 2561 927 2611 corrupt-io

146 2617 215 2667 sectio
233 2622 309 2662 carnis
325 2623 349 2663 et
365 2622 441 2664 etiam*
454 2624 572 2674 qrraedam
588 2624 736 2674 ignorantiae
753 2623 884 2664 obscuritas
903 2623 928 2662 in

84 2676 247 2731 intellecta„
264 2685 318 2724 ldeo
334 2696 427 2726 neccsse
442 2686 484 2733 est,
501 2687 527 2727 ut
542 2699 556 2727 a
571 2687 620 2727 Deo
636 2686 769 2737 dirigamur
785 2693 806 2726 et
820 2692 928 2738 prorepa-

84 2748 145 2781 rnar.
159 2766 191 2771 —
205 2756 226 2784 a.
243 2748 281 2786 io:
300 2747 338 2787 Ad
353 2749 554 2797 perseverandum
570 2750 641 2791 homo
658 2760 725 2790 «non
741 2749 832 2800 indiget
846 2745 929 2800 aliqua

84 2800 130 2841 alia
149 2803 266 2847 habituali
286 2809 370 2858 gratia,
393 2811 433 2851 sed
454 2810 536 2851 diuino
557 2811 646 2852 auritio
667 2813 748 2863 ipsura
769 2812 886 2864 dirigente
907 2819 929 2852 et

84 2869 218 2914 rrroiepeate
234 2871 316 2911 contra
330 2871 490 2913 tentationum
506 2873 634 2924 impulsus,
652 2876 714 2916 sicut
728 2887 759 2917 ex
775 2876 929 2927 praecedente

84 2927 218 2971 (inaestione
233 2931 262 2988 [a.
277 2932 300 2990 9]
313 2934 424 2983 apparet.
436 2966 440 2973 .
452 2966 470 2983 .,
486 2936 512 2976 ut
525 2936 574 2976 scil.
591 2938 738 2977 custodiatur
751 2952 764 2977 a
777 2939 840 2979 1111111
854 2948 929 2988 risorie
