2214 3350
180 208 185 230 :
217 193 330 231 scholium
346 196 362 232 1.
379 195 520 232 Molinfsnnus
536 195 558 232 et
571 197 731 242 Congruismus
861 197 898 236 517

54 301 109 344 652,
143 301 243 348 Crisia.
273 302 295 354 a)
316 301 486 354 Congruismus
505 303 629 354 mitigatus
647 306 787 355 apparenter
805 306 898 347 tanturn

54 369 114 412 vitat
133 369 374 421 praedestinationem
392 368 448 409 ante
469 367 579 419 praevisa
597 368 689 410 merita.
710 370 771 411 Nem
793 372 814 412 si
833 372 898 412 Dens

54 433 241 485 independenter
255 435 285 474 ab
299 433 413 474 omnibus
427 423 519 474 meritis
533 432 648 484 praevisis
660 433 738 483 prima
752 435 776 475 et
790 435 897 476 absoluta

54 498 184 542 intentione
195 498 307 548 decernit,
318 499 346 539 ut
356 499 407 550 ipse
418 498 448 539 ab
459 498 499 538 his
509 496 673 540 determinatis
683 499 791 549 personis
801 512 843 551 per
853 501 898 541 hos

55 562 223 619 determinatos
243 563 311 604 actus
330 564 406 604 bonos
427 562 582 614 glorificetur,
599 562 630 603 id
640 563 719 614 quoad
735 574 787 604 rein
800 576 897 615 prorsas

54 631 119 672 idern
131 629 174 677 est,
188 629 235 669 acsi
249 628 335 689 iisdem
347 628 456 679 personis
467 628 656 679 independenter
668 628 698 669 ab
711 639 796 669 eorum
808 629 899 670 meritis

55 693 171 747 praevisis
187 693 374 735 determinatum
391 694 511 745 gradum
529 693 639 744 gloriae
657 693 763 735 absolute
783 693 897 734 intendat.

54 759 116 799 Nam
130 757 185 798 talis
202 756 279 808 gloria
296 756 342 798 tale
360 756 473 798 meritum
492 756 623 797 necessario
642 755 756 807 sequitur.
776 757 837 808 Ergo
854 757 899 797 hoc

55 821 158 873 systema
169 830 216 860 non
229 820 264 861 est
276 819 345 861 aliter
356 819 539 862 diiudicandum
551 832 577 861 ac
591 820 763 870 Congruismus
775 830 857 870 purus.

54 958 109 1000 653.
153 958 177 1009 b)
208 957 364 1010 Congruismo
392 957 511 1009 quaedam
538 956 732 999 concedimus:
766 956 898 997 Christus

54 1022 172 1062 Dominus
181 1021 351 1071 consequenter
362 1021 392 1062 ad
404 1022 479 1062 sclam
491 1020 604 1061 unionem
615 1019 788 1072 hypostaticam
800 1020 823 1061 et
834 1019 898 1061 ante-

53 1084 164 1126 cedenter
173 1084 203 1124 ad
216 1084 298 1124 omnia
310 1083 396 1124 merita
407 1083 517 1135 praevisa
529 1084 560 1125 ad
572 1082 672 1134 gloriam
685 1084 709 1124 et
720 1083 812 1124 bonum
825 1093 897 1123 usum

53 1147 163 1188 omniurn
181 1147 313 1198 gratiarum
332 1146 440 1187 absoluta
458 1146 595 1188 necessitate
615 1146 828 1197 praedestinandus
847 1145 898 1187 erat

6 1242 8 1249 ,
55 1211 94 1261 (cf.
109 1211 127 1250 P
141 1210 172 1251 IV
185 1221 221 1260 pr.
234 1210 280 1261 26).
295 1210 331 1250 Ex
343 1220 438 1250 summa
451 1208 535 1250 saltem
549 1209 656 1250 decentia
668 1208 743 1250 solam
756 1207 897 1259 dignitatem

53 1273 154 1314 matris
167 1272 216 1313 Dei
231 1273 279 1313 iam
292 1272 348 1314 ante
361 1272 471 1322 praevisa
483 1272 569 1313 merita
582 1270 690 1321 sequitur
704 1270 787 1312 eadem
802 1271 898 1322 praede-

53 1335 149 1377 stinatio
159 1335 182 1376 et
191 1335 366 1386 praedefinitio.
378 1335 486 1376 Fortasse
497 1336 526 1376 de
537 1346 585 1376 uno
596 1335 698 1376 alterove
711 1334 791 1375 sancto
802 1334 899 1385 propter

52 1398 171 1449 insignem
184 1399 308 1449 quandam·
321 1398 449 1438 muneris
463 1397 634 1448 dignitatem
649 1398 792 1438 antecedens
805 1398 835 1439 ad
850 1396 898 1448 glo-

52 1461 114 1507 riam
126 1460 311 1511 praedestinatio
319 1461 409 1501 assumi
422 1460 505 1511 potest.
519 1460 584 1502 Dens
594 1459 751 1501 nonnullas
763 1460 823 1506 alias
835 1470 898 1500 crea-

52 1524 119 1563 turas
136 1534 165 1563 ex
182 1534 249 1563 mera
272 1522 376 1573 gratuita
397 1523 581 1574 praedilectione
607 1525 638 1564 ad
663 1524 765 1574 gloriam
790 1523 898 1564 absolute

53 1585 158 1635 elegisse,
176 1596 224 1625 non
241 1585 318 1635 potest
334 1584 397 1626 certo
415 1585 517 1635 excludi,
537 1587 578 1627 sed
596 1585 687 1636 gratis
705 1586 895 1626 assereretur.

53 1648 193 1696 Quosdam
206 1648 287 1689 actus
297 1648 387 1689 bonos
399 1660 413 1689 a
426 1650 474 1689 Deo
488 1647 621 1689 formaliter
634 1648 791 1700 praedefiniri
805 1650 897 1691 certum

52 1710 147 1751 videtur
163 1711 195 1762 (n.
211 1710 270 1761 650).
286 1710 379 1752 -Sed
396 1712 415 1752 si
430 1723 485 1752 cum
501 1712 654 1760 Britannico,
671 1713 760 1753 Saarez
777 1713 800 1753 et
812 1712 897 1754 ceteris

52 1772 125 1813 huius
139 1772 266 1814 sententiae
280 1774 446 1814 defensoribus
458 1773 641 1825 praedestinatio
656 1775 710 1816 ante
724 1775 834 1825 praevisa
848 1786 896 1815 me-

53 1837 99 1878 rita
116 1838 147 1878 ad
163 1847 260 1879 omnes
275 1836 382 1878 electos
398 1837 422 1878 et
436 1836 603 1888 praedefinitio
622 1836 731 1878 formalis
749 1838 781 1879 ad
798 1848 896 1878 omnes

52 1899 133 1940 actus
152 1898 267 1941 salutares
286 1899 428 1949 extenditur,
451 1900 509 1941 haec
531 1900 637 1941 doctrina
657 1901 730 1942 tantis
750 1900 896 1951 opprimitur

1 1996 2 1999 ,
53 1962 237 2012 difficultatibus,
252 1963 280 2004 ut
293 1974 355 2003 curn
369 1961 545 2004 certitudine
559 1962 738 2004 excludenda
751 1975 801 2005 esse
816 1962 895 2004 videa

0 2032 4 2071 ζ
51 2025 97 2065 tur.
111 2026 139 2065 ld
151 2025 179 2066 de
190 2025 441 2076 praedestinationem
452 2026 549 2077 proprio
561 2026 661 2067 tractatu
673 2025 752 2067 fusius
763 2026 896 2067 ostenditur

0 2083 2 2100 ³
55 2089 81 2139 (P
97 2089 120 2129 Π
134 2100 170 2140 pr.
187 2090 271 2129 art-58
287 2090 312 2129 61
321 2088 350 2140 s),
367 2087 454 2129 Contra
468 2089 693 2141 praedefinitionem
708 2090 836 2140 formalem
851 2089 896 2130 dii-

0 2160 4 2204 ³:
52 2150 171 2192 ficnltates
184 2151 282 2192 omnino
298 2151 387 2192 similes
402 2150 540 2202 exsurgunt.
557 2153 736 2202 Congruismus,
753 2153 809 2203 quia
822 2151 896 2193 effica-

52 2212 114 2254 ciam
129 2213 218 2265 gratiae
241 2225 285 2265 ope
306 2214 418 2255 scientiae
440 2215 535 2255 credine
558 2214 667 2266 explicat,
687 2226 781 2257 servare
799 2216 896 2266 quidem

52 2277 147 2318 videtur
169 2278 336 2320 libertatem
359 2278 456 2320 actuum
481 2279 600 2320 bonorum
618 2278 643 2319 in
661 2278 743 2320 electis
758 2279 783 2321 et
800 2279 896 2320 actrrum

52 2339 170 2381 malorum
182 2343 207 2382 in
220 2342 335 2393 reprobis.
350 2342 451 2383 Gonoedi
464 2341 541 2393 potest
552 2342 625 2383 etiam
636 2352 732 2382 veram
745 2342 790 2382 suf
795 2343 804 2382 f
809 2342 896 2382 icien-

1 2402 3 2404 “
53 2401 120 2444 tiam
144 2404 233 2455 gratiae
256 2415 316 2456 pure
341 2404 485 2453 sufficientis,
502 2406 522 2445 si
540 2416 577 2445 res
592 2405 618 2444 in
636 2406 713 2455 ripere
730 2404 895 2456 philosophico

0 2461 3 2500 ἑ
53 2466 175 2516 spectetur,
193 2468 291 2516 servari,
308 2468 419 2519 quamvis
441 2467 573 2508 secandam
595 2478 747 2508 commanent
770 2468 896 2521 hominurn

1 2537 4 2564 ῑ
53 2528 263 2570 considerationem
279 2530 362 2582 gratia,
378 2542 439 2582 quae
454 2530 670 2581 eligeretur,.quia
685 2531 727 2571 est
741 2530 894 2578 inefficax,

5 2601 6 2604 ’
52 2592 92 2632 vix
107 2595 242 2635 censeretur
255 2606 310 2635 vere
327 2594 445 2634 sufficere.
463 2593 509 2634 Sed
525 2592 624 2634 omnino
637 2592 784 2633 reiciendum
800 2594 836 2634 est
851 2593 895 2634 hoc

53 2655 153 2704 systema
169 2658 266 2709 propter
282 2657 391 2707 sequelas
411 2668 466 2697 vere
488 2656 656 2704 intolerabiles,
681 2657 711 2697 ad
734 2667 795 2706 quas
817 2657 896 2707 quoad

2 2719 10 2770 ᾗ,
54 2719 210 2761 «omissos»
236 2720 308 2761 ducit.
335 2719 442 2761 statuere
466 2721 532 2761 enim
555 2719 624 2760 debet
641 2719 664 2760 et
682 2719 711 2760 de
730 2718 792 2760 facto
814 2719 896 2760 statuit

52 2780 265 2838 antecedentem
275 2795 290 2824 a
299 2782 376 2834 gloria
384 2781 616 2833 reprobationem
628 2781 818 2833 (negativam).
831 2783 896 2823 Talis

52 2845 185 2893 reprobatio
209 2845 315 2887 absolute
340 2845 402 2886 facta
425 2845 502 2886 Deum
521 2845 691 2895 consequenter
707 2844 777 2895 cogit,
802 2857 833 2885 ne
856 2846 895 2884 det

1 2907 5 2951 ζ
52 2907 157 2955 reprobis
171 2910 260 2959 gratias
277 2915 304 2949 nt
320 2909 426 2959 sinal'ter
444 2908 552 2959 efficaces
568 2909 696 2959 praecisas,
723 2908 748 2949 Si
772 2908 842 2957 Deus,
866 2919 895 2948 ex

51 2967 171 3012 voluntate
186 2971 295 3012 salvifica
308 2970 437 3011 universali
453 2971 526 3012 etiam
539 2971 653 3029 reprobis
669 2982 692 3011 v,
708 2982 731 3021 g.
747 2971 828 3019 Indae,
843 2978 895 3020 gra-
