2214 3350
198 133 348 172 8110111112.
367 137 386 172 S.
405 136 501 171 Thomas
518 136 543 171 de
559 135 661 181 proxima
676 135 821 180 dispositione
901 133 937 170 247

89 244 104 283 1.
119 255 139 284 1.
154 244 285 284 secundum
298 243 404 295 aliquem
417 249 498 283 actam
510 241 609 283 vitalem
624 242 669 294 (vel
683 241 755 282 etiam
769 241 937 292 permanenter

89 307 221 362 secundum
247 306 354 356 aliquam
380 305 512 358 potentiam
538 304 623 345 habitu
648 305 749 355 informi
775 304 934 355 instructam),

88 369 206 421 physice
222 368 246 409 et
260 369 381 411 entitative
398 379 471 420 supra
488 368 597 409 ordinem
613 367 777 409 creaturarum
794 366 934 415 elevatur,
992 377 993 381 ¹

87 432 183 473 videtur
201 431 287 472 etiam
306 432 423 483 physice
444 429 599 482 positivam
621 430 728 480 aliquam
748 429 936 471 idoneitatem

88 495 158 536 nacta
171 505 221 535 esse
235 495 392 537 adulteriora
406 490 474 536 dona
484 493 676 544 supernaturalia
690 494 714 535 et
728 493 824 534 tandem
838 493 870 534 ad
884 492 936 543 ipsa

88 558 151 598 dona
170 557 347 598 iustificationis
367 558 512 608 recipienda.
533 556 625 598 Iniuste
645 555 735 607 gratiae
756 554 935 604 sanctificantis,

42 630 43 634 ¹
88 620 144 661 licet
160 619 233 661 talem
252 619 431 671 dispositionem
449 620 574 671 physicam
593 630 642 659 non
661 618 774 669 requiret,
794 619 821 660 ut
839 619 865 659 in
883 629 936 669 par-

88 682 152 723 vulis
164 682 282 730 videmus,
297 684 322 723 in
335 683 424 724 adultis
438 683 467 724 de
481 682 545 724 11010
557 682 608 724 sine
622 682 706 723 eadem
720 693 769 722 non
782 681 891 722 111111111.
906 706 937 712 -

89 745 176 786 Guntia
192 747 257 786 hunc
275 747 374 787 modum
392 746 542 797 concipiendi
560 745 702 796 argumenta
720 756 764 796 pro
782 743 936 795 dispositione

88 808 174 849 morali
191 808 285 850 tantum
300 809 373 850 allata
390 808 452 849 111111
468 808 578 859 probant,
596 809 665 850 etex
682 807 757 849 111111
774 808 841 859 parte
858 806 936 858 dispo-

88 870 143 911 sitio
157 870 238 922 eliquo
253 872 323 912 modo
339 872 437 923 physica
454 872 540 913 melius
555 872 680 913 cohaerere
696 871 792 912 videtur
807 881 862 911 cum
878 870 936 911 enti-

88 934 161 975 tativa
183 934 406 985 supernaturalitate
428 935 526 976 actuum
548 934 736 985 disponentium,
759 944 832 984 quam
853 935 936 974 adver-

88 997 146 1039 sarii
163 998 288 1038 nobiscum
305 996 444 1038 admittunt.
462 996 604 1038 -Similis
622 995 729 1047 quaestio
747 997 833 1048 agitur,
853 996 936 1037 utrum

89 1060 125 1101 1111
144 1061 211 1101 actus
229 1059 313 1101 vitales
332 1060 492 1108 indeliberati‚
513 1061 539 1100 in
558 1059 646 1110 quihus
666 1060 799 1101 secundum
819 1070 862 1100 nos
882 1070 935 1100 con-

25 1136 42 1178 j
88 1123 151 1164 sistit
165 1123 217 1174 ipsa
233 1122 309 1174 qratia
324 1123 423 1163 actualis
440 1122 543 1172 elevans,
560 1122 586 1162 in
603 1120 767 1163 deliberatum
777 1121 857 1163 aetum
874 1122 936 1162 salu-

88 1187 163 1227 tarem
176 1185 300 1227 exerceant
311 1185 434 1225 influxum
447 1185 574 1236 physicum
586 1196 618 1225 an
631 1196 695 1226 mere
709 1185 832 1233 moralem.
846 1185 936 1226 Saurea
972 1227 974 1231 ,

71 1242 73 1246 ’
88 1249 170 1300 utique
186 1248 233 1289 sibi
249 1248 359 1289 constans
374 1247 447 1288 etiam
462 1247 488 1287 in
504 1248 548 1288 hac
564 1248 701 1299 quaestione
718 1247 840 1289 initurum
855 1248 936 1298 physi-

89 1322 145 1352 cum
156 1311 224 1352 actus
236 1310 262 1350 in
275 1310 355 1351 actum
369 1310 447 1361 negat,
461 1311 537 1351 Pescla
550 1310 631 1351 autem
644 1311 667 1352 11
679 1311 769 1351 Baraza
782 1322 837 1352 eum
851 1311 937 1352 admit

89 1374 143 1415 tunt
160 1375 191 1425 (v.
209 1375 243 1415 111.
262 1376 288 1414 19
303 1385 327 1413 n.
344 1374 461 1424 521528).
478 1396 510 1404 -
527 1374 562 1414 Gi.
580 1374 610 1414 de
626 1373 671 1414 hac
688 1373 825 1424 quaestione
842 1372 937 1413 Ricicrc

91 1437 175 1489 (narn
191 1440 211 1485 a,
230 1436 320 1487 aeras).
820 1469 823 1473 .

89 1592 144 1633 343.
174 1590 326 1635 scholium
342 1592 370 1635 2.
392 1589 416 1631 S.
437 1590 542 1632 Thomas
567 1591 596 1632 de
620 1591 736 1633 relatione
762 1592 852 1632 causali
875 1591 937 1633 inter

88 1653 220 1707 proximam
235 1653 413 1706 dispositionem
428 1654 454 1694 et
469 1652 571 1706 gratiam
586 1652 741 1695 habitualem.
759 1653 860 1704 Saepius
874 1653 937 1694 hanc

89 1716 222 1758 doctrinam
238 1715 330 1764 tractat3
347 1716 399 1756 eius
414 1726 470 1756 vero
488 1716 604 1757 sententia
620 1717 686 1758 haud
703 1715 773 1757 facile
790 1717 937 1768 intellegitur

89 1791 165 1836 neque
183 1791 276 1830 semper
293 1780 377 1820 eadem
394 1779 468 1820 tuisse
486 1779 580 1820 videtur
606 1779 645 1830 (ci.
663 1779 763 1831 Staslcr.
782 1780 810 1820 D.
830 1779 936 1821 Thomae

90 1843 196 1883 doctriua
213 1843 242 1883 de
258 1842 306 1883 Deo
322 1841 435 1893 operante
451 1853 475 1882 n.
492 1842 623 1893 aaa-230).

151 1938 174 1974 ln
188 1936 268 1974 41117
281 1948 302 1983 q.
313 1937 321 1972 l
333 1937 377 1973 a.4
397 1938 446 1982 agit-
461 1937 488 1973 de
504 1938 598 1973 ordine
614 1938 730 1973 naturae
745 1938 804 1973 inter
820 1948 846 1974 ea
862 1938 938 1982 quat-

60 2020 62 2029 ,
90 1991 160 2032 tuor,
178 1998 236 2034 quae
251 1990 300 2035 ipso
316 1989 414 2026 instante
431 1988 598 2025 iustificationis
613 1989 724 2025 hahentur
743 1990 770 2035 (v.
789 1999 810 2026 n.
829 1988 865 2026 340
881 1990 935 2036 tin).

88 2042 147 2077 Dicit
162 2051 193 2087 qc.
213 2041 223 2077 1
239 2050 303 2087 posse
321 2050 368 2077 esse
383 2041 504 2077 mutuam
520 2041 633 2077 duorum
649 2040 844 2077 causalitatem
861 2050 937 2076 secun-

89 2094 142 2128 dum
162 2093 274 2143 diversum
293 2102 364 2137 genus
384 2102 473 2136 causae,
495 2093 572 2129 «sicut
592 2093 714 2129 ambulatio
735 2094 768 2128 est
787 2103 856 2129 causa
876 2094 937 2129 1111-

89 2146 162 2181 ciens
184 2141 353 2181 sanationis'et
374 2144 462 2180 sanatio
485 2145 516 2181 est
538 2154 608 2181 causa
629 2145 727 2181 tinalis
750 2144 934 2182 ambulationis».

90 2197 165 2233 Simile
178 2197 233 2242 quid
244 2196 276 2232 ait
288 2197 366 2233 haberi
378 2197 438 2232 inter
449 2197 593 2232 materiam
606 2197 627 2232 et
638 2198 646 2232 1
651 2205 760 2233 ormam.
774 2198 850 2234 Causa
863 2196 938 2232 autem

89 2249 172 2284 natura
188 2248 222 2284 est
237 2248 298 2294 prior
315 2249 413 2284 causato.
433 2248 490 2284 Hinc
507 2248 578 2294 potest
597 2248 665 2285 etiam
682 2258 740 2290 esse
756 2249 850 2285 mutua
866 2249 938 2293 prio-

89 2301 158 2336 ritas
173 2301 269 2336 duorum
282 2301 307 2335 in
321 2301 461 2336 diversarum
477 2300 553 2335 ordine
568 2309 694 2336 causarum.
713 2300 802 2337 Gratiae
817 2301 901 2335 infusio
917 2302 938 2336 et

89 2352 190 2388 remissio
204 2352 284 2398 culpae
298 2362 321 2388 se
335 2352 456 2388 habentui
470 2352 605 2388 introductio
620 2351 687 2388 unius
702 2354 787 2388 formae
802 2354 823 2388 et
838 2352 937 2398 expulsio

89 2404 187 2439 alterius.
214 2404 286 2447 Quare
311 2404 453 2439 «seeundum
476 2403 577 2439 ordinem
600 2412 681 2439 causae
711 2404 866 2445 materialis
898 2405 938 2451 [ad

89 2464 155 2500 quem
172 2456 257 2501 spectat
275 2456 343 2491 etiam
360 2455 477 2500 dispositio
494 2456 603 2492 materiae
622 2456 642 2492 et
660 2457 753 2491 remotio
771 2455 934 2501 impedimenti]

89 2506 190 2557 remissio
207 2507 284 2551 culpae
299 2507 412 2551 praecedit
426 2507 563 2544 inlusionem
578 2508 673 2552 gratiam
689 2508 727 2544 sed
743 2509 865 2543 seeundum
881 2508 948 2546 ordi.

90 2567 141 2593 nem
162 2568 244 2594 causae
265 2558 390 2594 formalis
415 2558 447 2604 [et
463 2559 623 2604 consequenter
639 2559 716 2603 etiam]
742 2559 895 2595 efficientis
918 2559 938 2594 et

91 2610 189 2646 finalis
212 2610 295 2655 insanio
320 2610 404 2654 prutina
429 2611 513 2645 natura
536 2611 598 2655 prior
622 2613 679 2647 est».
704 2631 728 2636 —
751 2621 782 2655 qc.
807 2611 824 2647 2.
851 2612 938 2647 Motus

90 2662 171 2698 liberi
197 2662 319 2705 arbitrii,
347 2662 385 2706 qui
411 2662 464 2697 suut
484 2661 508 2697 in
527 2662 578 2709 ipsa
597 2662 754 2700 iustificatione
781 2663 851 2710 impii,
874 2663 938 2708 quasi

91 2714 206 2760 dispositio
219 2714 299 2750 ultima
313 2714 342 2750 ad
355 2713 442 2758 gratiae
456 2715 626 2760 susceptionem,
642 2726 653 2746 a
661 2715 796 2760 praecedant
811 2715 901 2760 quidem
914 2716 939 2751 in

90 2766 128 2801 via
140 2775 221 2802 causae
234 2765 398 2807 materialis,
413 2765 452 2800 sed
466 2768 590 2811 sequamur
603 2767 627 2801 in
639 2766 677 2802 via
690 2775 771 2804 causae
784 2766 910 2802 formalis
919 2780 936 2802 a.

90 2816 142 2853 Ideo
155 2818 214 2853 sicut
225 2818 251 2852 in
263 2816 404 2862 generatione
417 2816 519 2853 naturali
533 2818 679 2863 «qualitates,
695 2827 751 2863 quae
765 2818 938 2854 introducuntur

91 2868 158 2904 simul
178 2878 229 2904 oum
247 2869 320 2904 torma
339 2867 489 2911 substantiali,
510 2871 672 2914 quodammodo
692 2871 819 2906 formantur
838 2880 878 2916 per
897 2873 939 2906 lor-

91 2927 151 2955 mam
168 2921 339 2956 substantialem
348 2933 366 2963 a,
383 2919 417 2955 ita
434 2920 507 2955 motus
524 2921 566 2957 iste
583 2921 648 2957 liberi
667 2922 754 2958 arbitrii
772 2923 883 2958 formatur
900 2932 940 2969 per
