2214 3350
271 225 388 261 scholium.
410 199 534 261 Dirisicncs
553 224 640 267 gratiae
648 245 650 247 v
659 223 753 258 actualis
907 219 944 256 389

97 338 166 372 tetur.
184 331 244 372 Dein
260 333 336 383 gratia
351 332 499 374 voluntatem
515 321 588 372 etiarn
604 332 631 371 in
646 324 698 381 ipsa
714 331 790 370 litera
806 329 942 382 operatione

96 397 194 436 adiuuat
206 396 274 447 eique
286 404 425 448 cooperatur
438 397 469 438 ad
481 396 631 449 perficienda
641 405 717 446 *opera
730 393 813 435 salutis
828 395 867 447 (oi.
882 394 940 434 Lali.

95 461 178 512 tbi).
196 461 265 502 Dicta
278 463 396 511 excitatio,
413 462 517 503 liberum
534 460 692 511 praeveniens
708 458 842 506 arbitrium,
861 469 942 498 secun-

95 526 154 566 dum
172 525 258 566 thesim
275 515 301 567 ia
319 527 426 568 consistit
442 526 469 566 in
486 524 688 566 illustrationibus
704 524 728 564 et
744 521 942 583 inspirationibus

94 590 253 641 impertatque
264 592 330 632 actus
339 591 424 632 vitales
434 589 569 631 intellectus
577 590 602 630 et
610 587 748 636 voluntatis,
757 588 799 638 qui
810 587 941 628 necessario

95 654 150 695 sunt
163 655 321 711 indeliberata
338 656 435 708 qnando
448 654 527 706 agitur
540 655 569 695 de
584 654 664 704 primo
677 653 732 694 actu
746 652 772 692 in
787 652 846 693 serie
861 651 942 701 aliqua

94 719 190 759 actuum
209 720 350 761 salutarium
374 720 506 761 excitando.
531 745 563 751 —-
587 718 716 768 Quaeritur
732 728 804 766 nune,
824 715 940 769 quomodo

94 784 174 835 gratia
192 784 300 826 excitans
322 785 482 836 distinguatur
504 795 519 825 a
540 783 620 836 gratia
640 783 775 829 adiuvante,
800 783 815 822 i.
832 792 852 821 e.
868 782 899 822 ab
915 791 941 821 eo

94 848 190 897 auxilio,
209 849 272 900 quod
288 847 381 889 homini
398 849 514 900 contingit
528 850 554 889 in
571 849 623 899 ipso
640 848 694 889 actu
710 848 785 888 litero
803 847 826 887 et
842 844 940 887 salutari

93 912 216 954 eliciendo.
228 914 356 954 Manifesto
368 914 448 965 agitur
458 914 486 954 de
498 913 575 964 gratia
586 920 670 961 ereata,
684 924 733 953 non
745 913 773 953 de
785 911 842 960 Deo,
855 910 940 952 ultimo

93 978 181 1028 gratiae
198 978 409 1029 principtosPatet
425 990 518 1029 quoque
536 979 640 1029 gratiam
656 977 811 1018 adiuvantem
829 977 940 1016 termina-

93 1041 140 1081 tioe
155 1043 275 1093 sumptam
291 1042 376 1083 saltem
392 1042 489 1083 eatenus
503 1043 602 1083 differre
616 1055 634 1091 a
645 1042 725 1092 'gratia
740 1041 864 1089 excitante,
883 1053 940 1091 qua-

92 1106 161 1146 tenus
183 1107 255 1146 audit*
271 1107 302 1146 ad
323 1116 416 1146 meram
438 1105 611 1155 excitationem,
636 1117 696 1156 quae
720 1106 792 1146 etiarn
814 1108 841 1146 in
862 1103 940 1156 gratia

92 1168 204 1210 inefficaci
224 1168 334 1216 habetur,
354 1170 472 1209 actualem
492 1169 616 1219 insinuata
634 1168 790 1209 auxiliantem
811 1170 838 1209 ia
859 1174 939 1208 aarum

71 1219 73 1226 ’
92 1231 228 1271 salutarem.
248 1231 321 1272 Actus
339 1231 485 1272 deliberatus
503 1232 532 1272 ab
552 1232 606 1272 actu
625 1231 780 1272 indeliberata
801 1230 885 1272 saltem
904 1231 939 1270 in-

91 1296 221 1346 adaequate
238 1295 335 1336 realiter
349 1295 513 1345 distinguitnr3
531 1307 589 1337 nam
605 1296 689 1342 saltem
706 1296 775 1336 addit
791 1294 939 1336 deliberatio-

91 1371 146 1400 nem
159 1359 300 1400 intellectus.
315 1385 347 1390 -
360 1360 462 1400 Proinde
477 1359 557 1410 agitur
569 1360 595 1399 in
608 1361 653 1400 liae
668 1358 804 1410 quaestione
819 1359 848 1400 de
862 1361 939 1410 pratia

91 1430 168 1464 creata
185 1424 353 1475 principiatiue
373 1431 475 1474 sumpta,
496 1424 546 1465 sive
564 1425 636 1475 prout
654 1425 689 1465 est
706 1424 853 1475 principium
873 1424 939 1472 actus

91 1482 209 1529 salutaris.
227 1488 267 1528 Sic
285 1488 382 1539 sumpta
396 1488 473 1539 gratia
491 1488 597 1529 excitans
616 1489 657 1530 dat
674 1488 749 1529 libero
769 1488 868 1529 arbitrio
885 1500 939 1539 pre-

1 1558 4 1566 *
89 1552 181 1592 xlmam
191 1552 324 1602 potentiam
330 1551 466 1593 salutariter
472 1553 558 1603 agendi
570 1553 594 1593 et
604 1553 630 1593 in
641 1564 684 1593 sao
695 1552 810 1602 conceptu
822 1551 939 1593 abstrahit

89 1616 194 1657 alibero
208 1627 325 1657 consensu
345 1616 387 1657 aut
407 1616 523 1656 dissensu.
548 1610 630 1658 Gratia
650 1616 730 1657 autem
751 1617 870 1658 adiuvans
883 1611 938 1657 actu

90 1680 230 1731 cooperatur
244 1691 300 1720 cum
314 1679 390 1721 libero
405 1680 512 1728 arbitria
528 1691 583 1730 ergo
599 1681 625 1721 in
638 1691 681 1721 suo
697 1681 811 1730 conceptu
827 1679 939 1722 connotat

89 1744 168 1785 actum
186 1744 316 1785 salutarem
331 1743 453 1785 voluntate
470 1744 578 1793 hominis
594 1745 754 1785 consentiente
772 1756 855 1796 reapse
874 1746 935 1786 fieri.

89 1810 166 1858 Quare
192 1809 276 1849 saltem
299 1808 402 1849 habetur
426 1806 575 1849 distinctio
600 1809 724 1849 rationis
747 1809 810 1853 inter
834 1809 937 1860 gratiam

88 1872 231 1929 excitantem
253 1873 276 1913 et
298 1871 459 1913 adiuvantem.
481 1872 631 1913 Dissentiunt
653 1873 767 1922 auctores,
786 1873 845 1914 sitne
864 1874 954 1915 etiam

88 1936 237 1978 admittenda
252 1936 374 1977 distinctio
388 1933 487 1977 realis.

88 2073 142 2114 516.
179 2077 199 2114 1.
217 2074 262 2123 Qui
279 2073 406 2114 essentiam
430 2074 519 2124 gratiae
543 2073 644 2115 actualis
660 2075 686 2115 in
703 2075 786 2126 aliqua
808 2085 936 2126 praemo-

88 2138 164 2178 tione
181 2138 301 2190 physica
317 2138 443 2187 reponunt,
461 2139 569 2189 plerique
582 2134 618 2180 'ad
632 2140 738 2191 priorem
755 2140 858 2190 gratiam
875 2140 936 2191 exci-

87 2203 185 2251 tantem,
203 2214 264 2254 quae
281 2202 397 2243 facultati·
407 2202 497 2245 tribuat
513 2203 656 2255 completam
673 2204 804 2255 potentiam
823 2204 946 2256 supemaAE

87 2268 195 2309 turaliter
209 2268 295 2319 agendi
309 2262 410 2319 eamque
423 2269 624 2320 praedeterminet
637 2271 668 2311 ad
682 2269 776 2321 aliquos
789 2270 857 2312 actus
869 2271 935 2312 inde-

87 2333 206 2383 liberatos‚
224 2333 346 2384 postulant
362 2335 436 2374 aliam
448 2334 637 2385 praemotionem
654 2335 786 2386 physicam,
803 2348 864 2387 quae
882 2347 935 2377 con-

87 2398 149 2439 ferat
161 2400 242 2450 ipsum
258 2399 338 2440 actum
354 2399 457 2440 liberum
473 2401 497 2441 et
513 2399 649 2442 salutarem.
669 2401 708 2443 Sic
724 2401 801 2452 gratia
817 2402 936 2444 adiuvans

86 2464 181 2504 realiter
197 2464 354 2515 distinguitur
370 2476 384 2504 a
400 2464 478 2515 gratia
493 2466 610 2507 excitante
633 2467 714 2517 estque
737 2467 815 2516 gratia
837 2469 933 2518 ejfieaa,
952 2507 953 2510 ,

86 2539 141 2568 cum
154 2529 231 2580 gratia
244 2529 350 2570 excitans
361 2529 411 2570 sola
425 2530 456 2572 sit
468 2531 546 2581 gratia
557 2544 618 2582 pure
632 2533 764 2584 sufficiens.
780 2532 816 2573 Ita
829 2532 934 2574 Nectho=

86 2594 172 2635 mistae
186 2594 352 2635 communiter.
368 2594 457 2636 Billot
468 2608 525 2638 vero
541 2597 583 2648 (th.
599 2600 633 2645 103
646 2598 676 2639 cl.
691 2597 824 2648 prolegom.
837 2599 861 2640 et
873 2599 906 2640 th.
921 2603 934 2640 8

86 2659 139 2711 52),
154 2660 196 2711 qui
210 2671 265 2701 cum
279 2660 366 2701 iisdem
379 2660 505 2702 essentiam
519 2662 610 2713 gratiae
624 2662 724 2703 actualis
737 2664 805 2713 ponit
819 2665 844 2705 in
859 2665 935 2716 appli-

86 2724 176 2765 catione
189 2725 307 2778 potentiae
320 2725 441 2766 adactum
454 2728 662 2777 supernaturalem
674 2729 859 2770 indeliberatum
875 2730 934 2771 divi-

86 2789 151 2830 nitus
164 2791 234 2839 iacta,
249 2790 313 2831 tenet
325 2791 350 2831 vi
365 2791 437 2830 huius
450 2792 620 2843 applicationis
632 2796 683 2834 sine
697 2806 760 2835 nova
775 2797 934 2847 applicatione
953 2796 954 2800 ’

86 2854 233 2896 voluntatem
244 2856 274 2896 ad
288 2856 367 2896 actum
380 2855 540 2899 deliberatum
553 2859 655 2900 transire
668 2870 744 2910 posse.
760 2860 838 2909 Quare
853 2872 934 2902 secun-

86 2917 144 2959 dum
156 2920 236 2970 ipsum
246 2921 324 2971 gratia
335 2920 453 2961 adiuvans
464 2924 562 2965 nonnisi
574 2924 664 2965 ratione
678 2926 707 2967 ab
721 2926 838 2968 excitante
851 2927 934 2969 distin-

85 2983 174 3031 guitur.
198 2986 258 3025 Cum
280 2986 362 3036 aliqua
383 2986 530 3028 restrictione
552 2990 681 3031 assentitur
702 2992 730 3032 V.
756 2992 778 3031 d.
804 2991 933 3033 Meersch
