2214 3350
117 152 157 198 518,
275 160 330 196 sect.
345 153 373 196 v:
382 160 429 196 Art.
445 161 472 196 Π.
488 159 611 206 Explicatis
624 158 711 204 gratiae
725 156 819 196 efficacis

117 268 163 309 tias
181 267 323 309 sufficientes
346 267 471 317 electurus,
491 268 589 319 aliquod
612 267 747 316 auxilium·
759 266 826 311 secus
841 265 899 309 ‘huic
918 261 963 308 tini

117 331 216 372 omnino
231 331 323 382 aptum,
341 331 495 373 coniunctum
512 331 562 372 iore
578 331 643 372 videt
656 342 712 371 cum
724 331 802 384 'Iudae
819 331 963 381 poenitentia

117 394 194 442 finali,
206 394 265 435 haec
275 394 326 436 sola
336 395 397 436 ratio
405 395 453 435 iarn
463 394 521 435 satis
531 393 572 443 est,
584 394 611 435 ut
620 394 685 435 Deus
694 392 757 444 illud
767 393 885 436 auxilium
896 392 968 435 cmit-¹

116 457 151 510 tat
161 456 184 497 et
194 455 578 509 1000eiusquaeraraecernarque
589 456 655 497 aliud
668 455 795 505 currilium,
805 465 907 507 quocum
920 459 964 498 im-

116 519 289 571 poenitentiam
300 521 400 562 finalem
411 521 483 561 iudae
493 519 644 574 coniunctam
655 521 706 560 fore
718 520 848 570 praevidet.
862 521 887 562 Si
899 521 964 562 enim

116 584 186 634 prius
198 584 317 628 auxilium
333 583 405 632 daret,
421 582 559 623 turbaretur
572 582 700 631 descriptio
714 582 821 624 caelestis
835 584 964 630 Ierusalem
1008 623 1015 633 l

117 647 213 697 praevie
234 647 298 688 tacta
317 658 351 695 eo,
374 646 437 696 quod
458 645 583 687 introitum
604 644 664 687 iuste
683 645 788 696 exigeret
808 645 902 696 aliquis,
925 647 964 687 cui

117 709 186 765 nulla
203 702 445 762 praeparau'fuissct
462 709 537 749 sedes.
562 709 634 759 Atqui
657 708 776 749 eiusmodi
801 709 889 759 divina·v
902 712 964 751 circa
984 743 988 747 .
1026 714 1028 716 ·

118 772 206 813 sortem
220 771 417 823 ludaevoluntas
429 771 571 823 antecedens
585 770 715 823 certissime
729 772 777 812 dici
787 772 875 824 nequit
890 772 964 821 serio

118 835 264 876 salvifica.
277 834 398 875 Revelatio
410 834 490 875 autem
498 833 659 875 docetseriam
669 834 818 876 voluntatem
830 834 964 876 salvificam

117 898 160 943 Dei
178 897 276 950 omnino
295 896 461 954 universalem,
481 897 506 938 id
524 898 588 948 quod
608 897 761 948 Congruistae
780 897 906 938 nobiscum
922 899 964 938 ad-

117 952 216 1005 mittunt
233 960 257 1001 et
268 958 367 1004 >servare
384 960 473 1005 volunt
490 962 520 1012 (v.
539 961 572 1001 th.
592 961 637 1012 25).
656 959 800 1002 -Similis
816 960 965 1008 ratiocinatio

116 1015 225 1075 talei-de
244 1034 387 1073 unoquoque
404 1022 470 1063 actu
487 1022 571 1072 bono,
590 1034 662 1074 quem
680 1023 757 1074 gratia
776 1023 893 1071 sufficiens
910 1035 964 1075 pro

116 1086 180 1126 xime
192 1086 331 1137 possibilem
343 1085 458 1135 redderet,
473 1087 538 1127 Deus
548 1086 626 1127 autern
639 1097 688 1128 non
700 1086 914 1137 praedefinivisset.
929 1087 965 1127 Ex

117 1150 161 1201 hac
176 1150 227 1197 sola
241 1149 340 1197 ratione,
357 1149 421 1200 quod
436 1149 502 1194 videt
517 1159 561 1199 per
575 1149 693 1190 auxilium
709 1152 729 1190 A
745 1150 858 1192 effectum
875 1151 905 1190 iri
921 1151 964 1191 ali-

117 1207 189 1263 quem
205 1212 298 1252 bonum
315 1212 408 1261 actum„
420 1223 492 1262 quem
508 1211 559 1263 ipse
576 1212 742 1253 antecedenter
758 1224 809 1253 non·
821 1213 964 1263 praedefini-

117 1275 185 1323 verit,
202 1273 383 1316 necessitaretur
397 1275 468 1324 Deus,
484 1275 511 1316 ut
526 1275 614 1316 auxilio
629 1275 751 1317 Admisso
767 1275 839 1327 eligat
853 1276 919 1319 aliud
934 1276 962 1324 B,

117 1339 182 1389 quod
195 1338 283 1378 effectu
297 1338 395 1379 salutari
410 1338 494 1379 careat.
509 1339 574 1379 Deus
584 1338 685 1390 gratiam
700 1338 843 1381 inefficacem
858 1339 962 1390 eligeret,

117 1393 221 1451 praecise
240 1401 313 1451 ¹[auia
334 1401 376 1441 est
398 1401 550 1441 inefficax.
575 1401 640 1443 Talis
656 1412 712 1442 vero
728 1402 818 1453 gratiae
835 1402 963 1452 praedesti-

117 1459 183 1504 natio
193 1474 241 1504 non
252 1460 390 1514 procederet
401 1475 429 1504 ex
440 1464 501 1504 seria
513 1464 556 1505 Dei
567 1463 695 1514 uoluntate,
709 1464 736 1506 ut
747 1465 792 1507 fiat
799 1465 867 1507 actus
877 1465 962 1507 honus,

117 1588 172 1641 654.
209 1601 229 1652 c)
246 1601 308 1651 Ergo
322 1588 439 1641 tenendus
451 1600 487 1641 est
500 1610 573 1652 purus
587 1600 735 1643 Molinismus
753 1601 835 1652 (salvis
848 1602 885 1651 iis,
902 1614 963 1654 quae

116 1663 184 1721 initio
199 1674 223 1703 n.·
238 1665 279 1704 653
291 1663 354 1704 dicta
368 1663 441 1714 sunt).
457 1663 561 1704 lnthesi
575 1664 729 1715 praecedente
745 1664 905 1714 supponentes
916 1666 963 1705 hoc

117 1726 220 1777 systema
235 1725 384 1766 ostendimus
394 1737 457 1767 >vere
473 1727 562 1767 servari
579 1727 733 1777 protectorem
749 1728 840 1778 proriae
858 1728 962 1779 efficacis

117 1789 140 1830 et
155 1788 273 1842 rationem
288 1788 433 1839 specialioris
451 1789 568 1840 beneficii,
585 1791 649 1840 quod
665 1788 768 1831 habetur
783 1791 809 1847 in
824 1790 902 1840 gratia
917 1790 963 1832 effi·

116 1852 173 1901 caci,
189 1853 252 1894 dono
266 1852 454 1903 perseverantiae
469 1853 493 1894 et
503 1851 718 1903 praedestinatione
732 1852 856 1903 completa,
874 1854 962 1894 servari

117 1916 213 1956 tandem
228 1915 370 1965 mysterium
386 1916 505 1956 eleccionis
524 1917 555 1967 (n.
572 1916 702 1967 aaa—644).
720 1915 819 1957 Collatia
835 1916 914 1957 autem
930 1917 963 1958 ta.

116 1978 177 2019 lium
190 1978 362 2019 beneficiorum
376 1978 516 2029 specialium
531 1979 566 2020 est
577 1990 603 2020 ao
616 1980 667 2030 ipso
682 1979 824 2020 exhibitio
838 1978 964 2030 insignis

116 2040 368 2092 praedilectionis.
385 2067 416 2072 -
431 2041 589 2082 Inveniuntur
602 2042 700 2093 quidem
716 2043 741 2082 in
759 2041 890 2083 fontibus
905 2053 963 2082 non-

116 2105 192 2153 nulla,
206 2116 267 2156 quae
279 2104 356 2155 primo
369 2104 466 2154 aspectu
479 2104 614 2154 significare
626 2104 739 2145 videntur
751 2105 828 2145 Deum
841 2103 963 2154 etreliqua

117 2167 301 2219 praedilectione
320 2166 428 2207 absolute
445 2165 606 2214 antecedente:
616 2165 752 2217 eligeread
771 2166 871 2216 gloriam
890 2167 962 2208 caele-

117 2230 185 2271 stem.
206 2230 253 2270 Sed
271 2229 344 2270 iidem
362 2228 440 2270 tontes
454 2228 527 2270 etiam
549 2228 635 2279 urgent
657 2229 813 2270 voluntatem
830 2230 963 2286 salvificam

116 2292 285 2342 universalem,
310 2304 383 2343 quam
406 2303 462 2332 cum
485 2291 636 2333 antecedente
659 2292 769 2332 omnium
794 2292 963 2334 saltandorum

115 2358 147 2400 ad
165 2359 268 2410 gloriam
287 2356 502 2408 praedestinatione
522 2356 545 2397 et
562 2354 664 2396 aliorum
684 2354 835 2396 antecedente
853 2368 873 2408 a:
886 2355 963 2407 gloria

116 2420 282 2473 reprobatione
295 2420 404 2470 componi
418 2430 466 2459 non
479 2430 547 2469 posse
559 2418 713 2459 ostendimus
726 2420 789 2471 Ergo
801 2419 864 2460 dicta
876 2419 964 2469 prioris

115 2485 210 2537 generis
224 2483 260 2524 ita
272 2483 414 2537 explicanda
430 2481 493 2531 sunt,
510 2482 537 2522 ut
552 2493 599 2522 non
615 2482 780 2528 contradicant
793 2481 854 2523 aliis.
870 2506 902 2512 -—
917 2484 963 2523 Irn-

116 2548 202 2599 primis
213 2548 239 2587 in
251 2548 392 2587 memoriam
404 2555 544 2586 revocamus
556 2546 627 2587 etiam
640 2548 665 2587 in
678 2545 758 2586 nostra
770 2545 885 2587 sententia
896 2557 963 2596 prae-

116 2612 299 2654 destinationem
313 2612 344 2652 od
356 2612 464 2662 primam
477 2609 578 2661 oratiam
593 2611 616 2652 et
629 2611 659 2651 ad
673 2610 779 2660 primam
793 2610 894 2661 gratiam
911 2611 963 2662 effi.r

116 2687 197 2725 coram
211 2676 235 2717 et
249 2677 279 2716 ad
294 2681 367 2716 totam
382 2675 468 2715 scriem
482 2673 613 2726 gratiarum
626 2686 640 2715 a
654 2675 735 2725 prima
749 2674 826 2724 gratia
841 2685 916 2725 usque
932 2676 963 2716 ad

116 2739 307 2780 consecutionem
321 2738 409 2790 gloriae
421 2750 472 2779 esse
486 2748 583 2789 prorsus
596 2737 726 2788 gratuitam
740 2739 773 2790 (n.
788 2741 829 2779 642
842 2741 883 2779 643
897 2738 961 2788 lin).

117 2804 156 2846 Sic
174 2815 231 2844 vere
250 2802 377 2858 statuimus
392 2802 499 2853 aliquam
519 2802 562 2843 Dei
580 2813 636 2854 erga
655 2801 741 2843 electos
759 2801 963 2853 praedilectio-

116 2879 190 2917 nem,
210 2868 252 2909 sed
272 2878 387 2918 negamus
406 2878 460 2908 eam
480 2866 648 2908 antecedere
669 2866 821 2907 scientiam
840 2866 963 2906 mediam

115 2934 241 2984 Deumque
267 2933 356 2973 auxilia
380 2932 483 2973 efficacia
501 2942 544 2982 per
562 2931 623 2973 hanc
644 2932 768 2973 scientiam
792 2930 885 2971 ostensa
911 2931 963 2971 ideo
