2214 3350
177 148 254 189 Thesis
272 147 301 184 22.
319 130 426 193 61666666
442 142 690 191 'praedeterminationis
705 142 811 189 physicae
883 141 921 178 165

71 256 117 292 cati
133 256 236 301 exparte
251 256 292 292 Dei
305 253 419 302 praecedit
434 252 556 301 peecatum.
575 250 611 300 Sic
628 251 657 296 (p.
674 248 735 296 6896)
750 259 802 286 cum
817 248 919 285 Ioanne

72 319 87 345 a
103 309 122 345 S.
140 307 238 344 Thema
255 307 290 353 (lu
306 308 315 344 1
331 316 350 352 q.
361 306 384 343 19
399 305 476 351 dispe
490 303 531 340 66
546 301 608 349 661)
624 301 689 347 putat
702 311 725 338 66
740 300 811 338 totam
826 301 919 341 66111666

71 358 229 396 difficultatem.
245 378 269 385 —
285 359 328 396 Sed
344 368 358 395 a
372 356 446 394 verbis
462 355 527 400 vagis
537 355 565 391 >et
581 353 760 390 indeterminatis
775 354 918 389 transeamus

71 412 102 448 ad
115 411 241 447 concretum
256 411 358 447 nostrum
374 409 459 457 casum!
482 408 504 454 6)
527 406 590 443 Sola
611 413 695 442 causa
716 405 870 441 materialis
893 403 919 440 et

71 463 237 509 dispositiva
252 464 344 499 minime
360 461 440 504 sufficit
456 461 486 497 ad
502 458 658 506 explicandam
673 456 919 503 imputabilitatem

72 509 175 559 hominis,
195 516 233 551 sed
250 513 359 561 punctum
381 514 464 550 saliens
483 512 523 556 est,
542 511 601 556 quod
619 508 746 554 homoque
764 518 834 545 causa
857 507 919 545 eiti-

71 565 155 610 616116,
172 566 264 603 moralis
281 567 326 603 scil.
345 567 367 603 et
382 564 532 606 demeritorie,
550 563 617 599 libere
631 561 744 597 iuduucrtt
761 561 818 597 bunc
835 561 920 596 mutum

72 619 245 665 dispositionem.
260 619 283 665 6)
298 619 357 655 Illud
372 631 383 652 11
392 617 467 654 aliud
481 614 552 661 genus
566 622 675 658 causae»,
689 615 714 649 in
728 622 771 659 quo
783 613 843 649 Deus
856 621 919 658 prae·
980 641 982 643 .

71 671 135 716 cedit,
153 671 243 706 omnino
259 671 328 707 etiam
342 670 438 717 pertinet
454 669 483 705 ad
500 675 667 713 genus-causae
684 664 848 708 eiiicientis;
865 671 920 700 nam

70 724 129 770 Deus
140 731 186 758 nou
198 722 400 768 quomodocumque
412 721 520 767 permittit
533 719 684 765 deficientium
695 718 760 753 liberi
772 716 866 759 arbitrii,
879 716 919 752 sed

70 774 139 811 libere
156 775 272 820 denegat
289 777 338 811 eam
356 775 448 810 causam
464 771 644 815 efficientem,
664 779 721 821 quae
739 769 788 805 sola
806 770 858 805 actu
871 768 919 803 vin·

70 827 120 863 cere
134 827 207 873 potest
221 826 368 862 deficientiam
383 824 505 861 voluntatis
521 824 616 866 creatae,
635 823 655 859 et
670 823 793 859 secundum
809 820 918 867 plurimos

71 878 197 916 Themistas
213 879 305 924 insuper
321 878 367 914 dat
384 880 433 913 eam
450 878 543 913 causam
560 873 739 918 efficientem,
757 883 813 919 quae
831 871 919 918 insepa-

70 931 171 967 rabiliter
188 930 306 966 coniuncta
324 931 357 966 est
372 939 423 965 cum
440 927 524 964 actuali
542 926 674 971 deficientia,
694 926 740 963 6611,
760 924 918 972 praedetermi-

70 983 184 1018 nationem
197 982 314 1028 physicam
329 982 359 1017 ad
373 980 488 1017 materiale
503 980 595 1027 peccati.
612 981 671 1024 Ergo
687 977 829 1016 deficientias
840 977 917 1013 volun-

69 1035 123 1070 tatis
141 1034 229 1070 creatae
250 1035 310 1070 Deus
325 1033 350 1068 in
365 1033 450 1079 optima
469 1033 544 1068 torma
564 1032 622 1068 esset
644 1040 713 1067 causa
729 1030 797 1066 libere
820 1028 917 1066 efficiens
983 1045 990 1055 ι

71 1086 200 1132 (respective
214 1086 283 1121 libere
298 1084 410 1131 deficiens]
427 1094 478 1120 cum
493 1083 587 1129 physica
602 1083 650 1119 tum
665 1082 763 1119 moralis.
782 1082 855 1124 Quare
871 1081 915 1117 duo

69 1137 131 1173 entia
150 1137 241 1173 essent
261 1136 313 1173 sibi
330 1137 445 1171 invicem
465 1138 564 1172 causae
585 1133 752 1177 efficientes,
774 1135 788 1170 1.
811 1144 828 1170 6.
850 1134 916 1170 habe-

8 1221 10 1227 ,
69 1186 131 1224 retur
144 1189 223 1224 mutua
237 1188 343 1233 prioritas
358 1196 477 1223 causarum
490 1187 515 1222 in
530 1187 619 1222 eodem
634 1195 713 1230 genere
729 1185 876 1229 causalitatis,
892 1185 915 1222 id

69 1241 128 1285 quod
146 1240 222 1286 aperte
239 1239 356 1285 repugnat.
375 1240 446 1275 Homo
464 1238 533 1274 libere
551 1238 675 1274 resistendo
693 1237 780 1282 gratiae
799 1236 916 1273 sufficienti
955 1252 957 1254 v

68 1293 185 1337 tamquam
204 1300 273 1327 causa
290 1290 386 1326 efficiens
405 1289 497 1326 moralis
518 1291 621 1326 censeret
641 1290 811 1334 denegationem
829 1289 917 1335 gratiae

69 1343 163 1380 efficacis
175 1353 201 1379 ex
211 1343 274 1388 parte
284 1343 332 1386 Dei;
342 1343 363 1378 et
374 1344 432 1379 Deus
444 1342 575 1387 denegando
587 1340 685 1386 gratiam
696 1340 806 1378 efficacem
817 1351 842 1378 ae
853 1349 917 1386 prae-

69 1393 238 1432 determinando
257 1395 286 1430 ad
302 1394 419 1430 materiale
437 1392 501 1430 actus
519 1393 638 1430 resistendi
656 1390 714 1430 esset
732 1402 801 1430 causa
820 1392 916 1429 efficiens

69 1445 169 1483 eiusdem
191 1446 337 1482 resistentiae.
360 1465 384 1471 -
407 1447 509 1482 Ceterum
532 1445 600 1482 etiarn
624 1445 859 1491 Gu'rriqou-Luqruuqe
883 1445 917 1481 ita

68 1499 167 1543 loquitur
183 1499 209 1535 de
224 1498 391 1535 defectibilitate
406 1499 522 1534 creaturae
537 1498 565 1544 (p.
582 1497 619 1534 690
625 1498 652 1544 6),
669 1499 694 1534 66
709 1497 833 1534 clarissime
849 1507 917 1544 appa-

68 1550 117 1587 reat
132 1550 280 1587 deficientiam
295 1559 340 1586 non
355 1559 403 1586 esse
418 1550 515 1586 vitium
529 1549 641 1593 morale,
659 1550 698 1586 sed
713 1549 851 1595 sequelam
865 1557 917 1586 me-

68 1601 210 1648 taphysica
225 1603 410 1638 necessariam
422 1602 559 1650 condicionis
574 1601 712 1639 creaturalis,
730 1602 843 1645 Quomodo
856 1603 915 1638 Deus

68 1663 147 1690 creans
161 1653 547 1690 116611661616666661666161116666
562 1663 607 1690 non
621 1653 730 1699 teneatur,
746 1655 771 1689 ut
786 1655 857 1690 eidem
871 1663 916 1690 me-

69 1705 154 1748 deatur,
171 1707 192 1742 et
206 1706 315 1751 quomodo
329 1707 388 1742 Deus
403 1705 494 1749 unicum
507 1706 631 1741 remedium
646 1706 759 1751 denegans
774 1714 820 1741 non
835 1705 916 1741 evadat

68 1757 160 1801 causa,
178 1758 213 1793 cui
230 1757 325 1793 actualis
342 1757 466 1794 deficientia
481 1758 507 1793 in
523 1757 600 1793 ordine
616 1758 697 1794 morali
713 1758 778 1794 unice
795 1757 915 1793 tribuenda

68 1809 103 1851 sit,
117 1809 184 1855 plane
199 1818 245 1845 non
260 1809 363 1846 cernitur.
381 1810 409 1845 16
422 1811 464 1846 hac
480 1819 504 1845 re
520 1810 568 1845 tam
583 1809 683 1846 evidente
698 1810 801 1854 reingere
817 1811 846 1846 ad
860 1818 915 1855 my-

68 1861 182 1896 sterium
196 1862 223 1907 (p.
238 1860 281 1907 691)
295 1862 408 1897 auctorem
421 1870 496 1897 coram
507 1861 562 1897 viris
574 1862 672 1897 cordatis
684 1871 738 1898 sane
751 1862 809 1897 nihil
819 1862 911 1898 iuvabit,

67 1914 199 1959 —Frustra
215 1913 320 1959 provocat
339 1916 366 1960 (p.
385 1912 427 1960 689)
446 1914 477 1949 ad
493 1913 652 1960 exemplum,
672 1915 730 1959 quod
748 1915 768 1952 S.
788 1914 913 1955 Thomas,

67 1965 89 2000 S,
109 1965 137 2001 th.
157 1964 174 2009 1,
191 1964 204 2001 2
220 1974 239 2009 q.
260 1964 294 2000 113
309 1975 328 2001 a.
347 1964 358 2000 8
376 1965 405 2001 ad
421 1968 431 2003 1
448 1965 517 2001 habet
533 1965 557 2000 in
574 1965 703 2011 quaestione
720 1965 837 2002 relationis
854 1966 915 2001 inter

67 2016 165 2060 gratiam
179 2016 355 2052 sanctificantem
370 2017 391 2053 66
405 2016 509 2053 ultimam
524 2017 702 2063 dispositionem:
723 2030 734 2050 11
742 2018 780 2054 Sol
794 2027 833 2063 per
848 2026 915 2054 suam

67 2066 139 2102 lucem
151 2068 198 2112 agit
210 2068 239 2103 ad
251 2068 396 2105 removendas
410 2069 518 2113 tenebras,
532 2069 553 2106 et
565 2070 615 2106 ideo
627 2079 652 2106 ex
664 2070 728 2116 parte
740 2070 794 2106 solis
807 2071 868 2116 priris
882 2072 915 2106 est

67 2119 195 2155 illuminare
209 2128 277 2164 qnam
291 2121 395 2156 tenebras
410 2129 530 2164 removere;
546 2131 572 2157 ex
587 2122 650 2167 parte
668 2122 743 2158 autem
758 2123 817 2158 aeris
833 2122 915 2158 illumi·

67 2171 137 2207 nandi
154 2171 216 2216 prius
233 2173 266 2207 ert
282 2172 375 2216 perpuri
392 2182 406 2207 6
422 2173 519 2208 tenebris
536 2182 604 2218 quarn
621 2174 726 2218 consequi
743 2173 819 2211 lumen
837 2173 915 2210 ordine

67 2222 169 2264 naturae,
189 2223 240 2259 lieet
258 2224 377 2269 utrumque
396 2224 424 2260 sit
443 2225 511 2260 simul
530 2227 655 2271 tempora»
674 2226 806 2273 Exemplum
824 2227 915 2263 nostrae

68 2275 193 2317 quaestioni
207 2275 346 2321 applicatum
360 2277 441 2322 optime
454 2277 557 2321 ostendit,
574 2287 641 2323 quam
655 2287 736 2324 parum
750 2279 845 2315 feliciter
859 2279 915 2316 Tho-

67 2326 146 2361 mistae
165 2327 274 2372 explicare
291 2327 388 2370 valeant,
407 2338 449 2373 quo
466 2329 532 2374 pacto
549 2329 641 2365 libertas
657 2331 678 2366 et
695 2330 859 2377 imputabilitas
878 2331 915 2367 ho-

66 2377 134 2413 minis
146 2378 252 2415 servetur.
267 2379 328 2416 Sicut
340 2380 388 2415 ueri
400 2389 444 2415 non
456 2380 529 2426 potest
540 2380 673 2427 imputari
684 2382 770 2418 indoles
784 2392 837 2419 suae
850 2383 914 2418 natu-

67 2436 112 2471 rae,
125 2438 171 2474 qua
184 2430 229 2466 6616
243 2431 317 2479 ipsum
331 2434 377 2467 non
391 2432 488 2478 amplius
501 2433 644 2469 illuminante
658 2433 734 2470 statim
748 2434 912 2477 obtenebratur,

66 2479 100 2515 ita
112 2482 223 2518 uoluntati
238 2482 349 2518 humanae
362 2483 494 2529 neutiquam
508 2484 635 2531 inculpant
649 2486 745 2521 converti
760 2486 839 2532 potest,
855 2487 914 2532 quod

67 2534 231 2575 quaerentum
246 2534 310 2570 finita
327 2535 452 2572 necessario
469 2536 547 2581 deficit,
566 2538 611 2573 nisi
626 2536 742 2574 efficaciter
759 2548 770 2574 e
789 2538 914 2574 deficientia

68 2583 182 2628 eripiatur.
206 2605 230 2611 -
251 2586 289 2621 Ed.
309 2586 405 2631 Hugon
422 2589 445 2624 O.
465 2589 498 2632 P.‚
517 2588 588 2624 Truct
609 2589 679 2633 doqm.
700 2590 737 2625 11⁵
756 2589 835 2635 (Paris.
857 2590 912 2636 1927)

67 2632 131 2672 203s:
151 2637 200 2673 «Ut
215 2638 313 2674 deiectus
329 2647 343 2685 a
357 2637 472 2675 voluntate
487 2640 606 2686 repetatur,
624 2640 710 2685 66111616,
727 2642 752 2677 66
767 2641 872 2680 16166666
889 2653 914 2680 ex

67 2691 89 2720 se
104 2687 153 2723 sola
167 2689 260 2725 deficiat.
277 2689 384 2735 Atqui...
400 2691 473 2736 potest
487 2693 564 2737 utique
579 2703 605 2729 ex
620 2702 643 2729 se
657 2692 705 2730 sola
719 2693 818 2738 delicere,
835 2704 913 2741 nempe

67 2745 92 2772 ex
106 2747 148 2775 sua
163 2741 291 2777 condicione
305 2742 427 2786 creaturae,
443 2743 470 2779 de
484 2743 556 2780 nihilo
570 2745 688 2781 eductae.»
704 2747 763 2782 Num
778 2747 819 2783 hoc
834 2740 914 2784 sufficit

67 2789 96 2824 ad
110 2791 200 2836 culpam
214 2793 332 2829 moralem?
346 2812 370 2818 -
385 2793 493 2831 Similiter
505 2796 633 2843 Diekamp
656 2798 693 2832 11³
715 2799 727 2835 3
747 2801 757 2845 ξ
780 2798 803 2836 11
823 2800 849 2835 in
870 2799 913 2835 fine

67 2840 96 2885 (p.
107 2841 144 2879 139
151 2843 169 2888 6)
182 2853 208 2880 ex
218 2845 295 2880 nostra
306 2844 471 2890 defectibilitate
483 2848 540 2884 ialso
553 2849 641 2884 deducit
653 2850 814 2894 imputabiliter
825 2862 838 2887 a
849 2851 913 2888 nobis

66 2899 118 2949 pom
132 2894 317 2940 impedimentum
331 2897 416 2940 gratiae
431 2898 520 2935 efficaci.
534 2919 558 2925 -
571 2900 630 2936 Bene
645 2901 705 2938 istud
717 2903 830 2948 retugium
844 2903 914 2939 detec-

65 2942 178 2981 tibilitatis
192 2948 276 2983 refutat
290 2948 355 2984 Lau-r.
373 2949 485 2992 16616666,
502 2952 533 2986 De
548 2945 623 2995 gratia
637 2963 658 2999 p.
675 2952 746 2990 61166.

108 3029 168 3060 Leuci,
180 3032 203 3058 De
215 3033 275 3059 (116116.
856 3039 876 3067 30
