2214 3350
362 144 439 180 rhesis
453 144 481 181 15.
499 143 588 180 ruratio
603 143 708 189 adoptiva
924 141 960 179 315
1009 116 1011 118 V

70 269 72 273 ’
112 252 168 293 423.
204 254 225 292 li.
241 251 400 301 uuaruicauo.
415 252 510 293 retiario
524 252 636 302 adoptiva
649 251 767 292 iustorum
781 265 794 293 a
809 251 958 303 Scriptura

111 315 139 355 et
156 314 322 365 magisterio
340 314 488 355 ordinario
506 314 635 362 docetur;
654 340 685 344 -
703 313 779 354 certo
797 314 898 354 habetur
915 325 958 366 per

111 377 223 428 pratiatur
234 403 266 408 -
277 378 459 428 probabilius
471 389 514 427 per
526 378 628 429 gratiam
640 377 773 427 formaliter
786 383 808 417 et
820 377 957 428 adaequare.

112 503 168 543 424.
200 503 288 548 Proh.
319 504 337 544 1.
357 503 471 546 Ecclesia.
500 507 519 543 1.
540 504 567 542 In
587 513 629 543 sua
647 501 779 543 doctrina
798 502 820 542 et
837 501 959 552 liturgia

112 565 217 607 Ecclesia
233 565 309 607 iustos
325 566 418 617 saepius
434 566 503 606 vocat
520 565 585 605 tilios
602 565 726 619 adoptivos
743 565 889 615 heredesque
907 564 957 604 Dei.

112 628 275 670 Tridentinum
291 641 308 669 s.
324 632 338 669 5
352 641 404 670 can.
420 632 434 670 5
452 630 494 681 (Dz
510 629 573 679 792):
593 627 678 668 Renati
693 627 774 668 eitecti
790 627 846 668 sunt
860 627 959 668 heredes

113 692 156 733 Dei
170 692 193 733 et
206 692 333 733 coheredes
347 692 442 733 Christi.
457 718 489 723 -
502 704 520 733 s.
536 695 549 732 6
562 702 614 742 cap.
629 694 642 731 3
658 691 700 741 (Dr
714 692 764 742 795)
781 689 867 731 citatur
882 691 923 731 Col
938 693 958 738 1,

108 757 139 797 ,13
147 766 164 795 s.
178 780 210 785 -
223 767 274 806 cap.
290 758 302 795 i
318 755 359 807 (Dz
373 756 437 806 796):
454 755 497 796 His
509 754 588 795 verbis
602 754 708 804 Apostoli
723 753 860 794 insinuatur
873 752 959 793 iustiti-

111 817 173 858 catio
190 817 259 868 impii
276 818 303 859 ut
321 818 507 858 «translatio...
526 818 551 857 in
570 816 657 858 statum
675 816 766 866 gratiae
784 817 807 857 et
824 816 960 866 adoptionis

113 880 220 920 tiliorum
233 880 350 921 Dei1›.'—
363 892 413 931 cap.
429 882 443 920 7
459 880 501 932 (Dr
515 881 578 931 799):
596 881 643 920 Pe'r
656 878 817 920 voluntariam
832 879 959 928 susceptio-

85 971 88 974 -
113 954 168 983 nem
184 943 273 994 gratiae
289 943 443 984 et‘donorum
460 944 531 983 bomo
547 943 577 984 iit
594 954 641 983 «ex
656 942 754 983 inimico
770 942 869 990 amicus,
886 943 913 983 ut
929 942 960 982 sit

111 1007 181 1046 heres
197 1007 412 1058 secundum'spem
429 1006 492 1046 vitae
508 1006 617 1046 aeternae
625 999 776 1056 »sspiritus
800 1005 900 1046 Sanctus
924 1006 959 1046 est

112 1070 201 1120 pignus
216 1069 354 1109 hereditatis
369 1068 470 1109 nostrae.
487 1094 518 1100 -
533 1069 595 1109 Baii
612 1079 647 1119 pr.
664 1072 691 1109 42
709 1069 752 1119 (ΒΖ
769 1068 845 1119 1042);
866 1068 959 1109 lustitia

76 1174 78 1180 ,
113 1131 245 1172 formaliter
257 1131 364 1172 consistit
378 1149 388 1168 α
396 1132 421 1171 111
434 1131 510 1182 gratia
523 1131 603 1182 aliqua
616 1132 710 1172 animae
723 1131 811 1179 infusa,
826 1142 874 1182 qua
887 1132 959 1181 adop-

112 1194 176 1235 tatur
193 1195 264 1235 horno
282 1195 307 1234 in
326 1194 405 1235 tilium
423 1194 494 1234 Dei».
519 1220 550 1225 --
574 1195 609 1234 Gi.
636 1194 764 1234 concilium
789 1193 958 1234 Colonieuse

78 1299 80 1303 ,
115 1258 144 1308 (a.
161 1257 223 1308 iseo)
239 1268 295 1308 pars
311 1261 321 1297 t
336 1257 371 1298 tit.
386 1259 400 1297 7
413 1268 464 1307 cap.
480 1260 515 1298 28.
533 1258 578 1309 (CL
593 1257 621 1305 V,
636 1257 694 1308 317).

185 1353 292 1399 Liturgia.
310 1367 320 1387 c
328 1354 466 1390 Promissum
477 1354 588 1399 Spiritum
602 1353 708 1390 Sanctum
721 1354 746 1388 in
759 1353 819 1389 tilios
833 1353 959 1399 adoptionis

111 1407 208 1442 effudit»
226 1406 348 1452 (Praefatio
362 1406 518 1452 pentecostes).
534 1425 557 1431 —-
572 1405 674 1442 Christus
691 1405 799 1441 «divinae
815 1405 879 1441 nohis
894 1414 958 1450 gene-

112 1458 207 1493 rationis
222 1458 255 1493 est
269 1458 347 1493 auctor
354 1470 364 1490 s
382 1458 569 1504 (Postcommunio
584 1457 665 1505 tertiae
678 1457 760 1493 missae
776 1457 921 1503 Nativitatis).
938 1476 961 1482 -

114 1522 124 1541 «
131 1510 173 1553 Qui
184 1510 209 1544 iu
219 1510 264 1545 toto
277 1510 328 1545 orbe
340 1510 451 1545 terrarum
463 1508 618 1555 promissionis
629 1509 682 1545 tuae
693 1508 751 1545 filios
765 1509 850 1545 ditiusa
862 1509 959 1555 adoptio-

110 1562 146 1596 nis
157 1562 232 1606 gratia
241 1561 397 1606 multiplicas»
411 1562 516 1608 (sabbato
529 1561 610 1598 Sancto
622 1560 692 1597 oratio
703 1561 754 1607 post
765 1561 854 1597 tertiam
865 1560 958 1607 prophe-

110 1612 181 1658 tiam).
195 1632 218 1638 —
227 1613 355 1648 Benedictio
367 1613 436 1648 fontis
448 1613 520 1649 multa
532 1613 629 1649 continet
641 1614 667 1649 de
680 1612 848 1657 regeneratione
860 1624 885 1649 ex
898 1622 957 1658 aqua

113 1665 134 1700 et
151 1664 236 1710 Spiritu
253 1665 345 1701 Sancto:
365 1665 385 1701 S.
405 1664 502 1710 Spiritus
521 1665 597 1700 «hanc
615 1673 697 1709 aquarn
713 1665 873 1709 regenerandis
890 1664 959 1700 homi-

112 1717 178 1752 nibus
195 1716 353 1761 praeparatam
370 1725 454 1751 arcana
469 1716 505 1751 sui
522 1716 622 1751 numinis
639 1716 775 1752 admixtione
792 1717 915 1760 foecundet,
934 1718 958 1752 ut

113 1767 288 1803 sanctificatione
305 1768 410 1813 concepta
425 1769 453 1803 ab
469 1767 614 1803 imnraculato
631 1768 700 1803 divini
716 1767 785 1803 tontis
801 1768 864 1804 utero
881 1770 906 1804 in
922 1778 959 1804 no-

112 1828 163 1854 vam
179 1819 258 1855 renata
274 1820 406 1861 creaturam,
424 1820 540 1864 progenies
556 1819 657 1855 caelestis
675 1820 822 1864 emergerem
842 1828 918 1856 omnes
934 1820 959 1855 in

111 1880 181 1906 unam
194 1870 269 1916 pariat
284 1870 357 1915 gratia
371 1871 442 1917 mater
456 1871 603 1907 infantiam».
619 1890 642 1913 ε
657 1872 746 1914 «Quasi
761 1871 825 1907 modo
840 1872 910 1916 geniti
925 1873 957 1907 in-

113 1923 187 1957 fantes
195 1935 205 1955 >1
222 1923 291 1968 (Dom.
308 1923 332 1957 in
346 1922 413 1966 Albis,
430 1922 544 1968 introitus)
555 1924 583 1958 1.'

180 2006 201 2043 2.
220 2003 288 2043 Hunc
306 2003 419 2043 ellectum
438 2002 541 2044 Ecclesia
560 2002 617 2044 satis
634 2004 696 2044 clare
715 2004 830 2044 adscribit
848 2004 958 2055 gratiae

111 2065 324 2113 sanctificanti;
350 2076 407 2105 nam
433 2065 635 2107 Tridentinum
661 2065 863 2115 ludificationem,
885 2079 959 2118 quam
1029 2115 1030 2118 Ἰ

111 2139 162 2178 cap.
175 2131 189 2167 4
202 2128 295 2168 dixerat
307 2128 504 2169 «translationem
517 2129 542 2169 in
556 2129 644 2170 statum
656 2129 746 2180 gratiae
760 2130 783 2171 et
794 2129 928 2180 adoptionis
936 2147 956 2178 »,

112 2201 162 2241 cap.
181 2193 194 2231 7
210 2189 278 2231 docet
294 2191 347 2231 fieri
372 2203 433 2242 «per
448 2191 609 2232 voluntariam
632 2193 805 2241 susceptionem
829 2193 918 2244 gratiae
936 2194 959 2234 et

112 2254 258 2302 donorum»,
277 2254 347 2304 atque
365 2254 455 2294 ibidem
473 2253 529 2294 huic
547 2254 690 2305 susceptioni
709 2255 734 2296 id
752 2261 846 2306 quoque
865 2256 956 2304 tribuit,

113 2317 159 2357 «ut
173 2317 203 2357 sit
217 2317 303 2357 heres»
320 2317 391 2357 homo
409 2317 450 2368 (Dr
466 2318 507 2369 796
522 2317 581 2368 799).

180 2404 200 2441 3.
219 2403 279 2442 Cum
295 2402 461 2452 probabilitate
478 2402 604 2443 deducitur
619 2415 648 2443 ex
664 2403 772 2445 doctrina
788 2404 882 2445 concilii
898 2405 958 2445 Tri-

112 2464 224 2504 dentini
243 2464 344 2515 gratiam
363 2475 412 2504 esse
432 2475 544 2506 causam
565 2464 714 2506 formalem
734 2466 875 2517 adoptionis.
898 2467 958 2508 Cum

174 2602 319 2645 lTerrien‚
342 2602 375 2637 Lu
391 2602 456 2646 pratee
474 2604 495 2637 et
512 2602 534 2637 lo
550 2602 618 2646 poue
636 2603 662 2639 12
687 2603 761 2648 (Paris
779 2602 833 2648 1901)
858 2612 878 2648 p.
898 2603 957 2646 tiss7

113 2658 138 2684 ex
152 2649 345 2693 archaeologia
357 2649 482 2685 christiana
495 2650 597 2691 ostendit,
612 2659 679 2695 quam
692 2660 706 2686 a
706 2650 736 2685 lte
750 2650 804 2686 haec
817 2651 869 2687 idea
882 2652 960 2687 menti-

113 2697 153 2731 bus
169 2698 293 2742 primorum
308 2696 482 2732 christianorum
497 2698 615 2733 insederit:
635 2710 645 2730 α
653 2698 772 2734 Sermones
788 2700 817 2734 ad
832 2699 958 2741 infantes»

112 2743 126 2777 i.
136 2753 152 2779 e.
163 2744 192 2779 ad
203 2744 301 2790 neophyt
302 2753 334 2786 os;
346 2753 438 2780 nomina
449 2745 584 2780 christiana
601 2746 705 2789 Renatus,
718 2747 878 2792 Regeneratus
893 2747 960 2783 Theo-

113 2791 200 2834 gonius,
215 2792 309 2833 Vitatis
317 2793 359 2827 Zoe
374 2792 422 2827 etc·
417 2792 562 2836 symbolum
575 2793 679 2839 pisciset
693 2775 852 2838 pisciculorum
868 2793 927 2839 (Tert
928 2795 960 2830 ut

111 2838 192 2881 itacui,
204 2841 235 2875 De
246 2840 305 2885 bap
319 2840 369 2885 1[R
377 2839 435 2893 5302),-
446 2840 473 2874 cf.
485 2840 521 2875 Fr
534 2842 576 2877 Jos
589 2841 676 2885 Βὸῑμθν
693 2842 782 2886 ΙΧΘΥΣ,
799 2842 958 2888 Ι[Βο1111910]

106 2884 184 2930 -170s);
201 2887 381 2932 inscriptiones'
375 2896 399 2921 111
417 2887 561 2931 baptisteriis
580 2897 599 2924 v.
620 2897 639 2932 g
661 2888 717 2950 Sinti
735 2889 769 2925 III
787 2890 811 2925 in
829 2890 959 2934 baptisterio

113 2931 259 2968 Later-ariensi
277 2932 411 2978 (Terrienp
428 2932 468 2977 28)
