2214 3350
267 224 344 260 Thesis
360 223 387 259 19.
404 222 472 259 Nulla
486 222 568 258 entitas
582 231 629 257 non
642 222 717 257 vitalis
880 220 917 257 395

66 329 122 371 522.
167 330 255 376 Prot.
292 333 320 373 A.
338 330 476 378 Reiciuntur
495 329 611 371 entitates
631 327 734 371 fluentes
753 340 800 371 non
819 329 914 371 vitales.

67 394 133 434 Onus
143 394 262 443 probandi
276 394 394 435 incumbit
407 392 559 441 adversariis,
575 404 631 433 cum
645 403 719 433 novas
731 392 841 434 entitates
855 392 914 432 inie-

67 456 129 497 rant.
145 456 218 507 Atqui
233 468 315 498 earum
330 456 493 505 necessitatem
508 467 585 507 neque
602 455 731 506 theotonice
746 467 822 506 neque
838 456 915 506 plcita-

67 519 163 569 sopitae
174 519 344 562 demonstrant.
358 521 419 571 Ergo
432 530 515 561 eorum
527 517 644 560 sententia
657 517 860 559 nonadrnittitur.

137 618 157 656 t.
170 615 224 657 Non
236 611 366 669 probantur
380 616 521 668 theologice.
537 616 559 667 a)
576 614 657 656 Gratia
667 614 766 655 vocatur
779 614 877 665 quidem
890 615 915 654 in

68 679 176 720 fontibus
196 680 299 730 pulsatio
325 680 383 732 (Ape
400 683 420 729 3,
438 680 484 731 20),
510 679 619 719 excitatio
645 679 706 730 (Eph
723 679 743 727 5,
762 677 915 727 itinerario

70 733 140 793 (Rom
156 744 176 791 8,
194 744 239 794 30),
264 750 338 784 tactus
355 743 432 783 cordis
458 740 806 800 (Indiculusc.8[D2134]),
833 740 916 781 tractio

69 806 103 856 (Io
116 808 136 854 6,
149 806 195 856 44).
210 805 333 847 Eiusmodi
345 805 442 847 termini
457 806 512 847 sunt
525 804 720 854 metaphorae,
736 803 826 854 quihus
839 803 916 854 expri-

67 868 143 908 mitur
153 868 241 919 aliquis
252 869 349 910 divinus
360 870 386 909 in
398 869 504 909 animam
517 867 634 916 influxus,
648 868 753 908 liberum
763 866 917 917 praevertens

67 931 202 971 arbitrium.
218 933 295 981 Quare
308 931 370 971 nihil
382 931 467 979 obstat,
483 929 614 982 quominus
626 931 651 971 hi
666 931 763 971 termini
778 929 916 980 significent

67 1000 133 1034 actus
151 994 234 1034 vitales
251 994 420 1034 indeliberatos
438 993 652 1045 supernaturaliter
676 1006 691 1034 a
712 994 761 1034 Deo
785 993 811 1033 in
834 994 915 1033 anima

66 1057 170 1098 effectos.
184 1082 216 1088 -
229 1057 268 1098 Sic
281 1056 380 1097 Patres
391 1057 435 1097 hos
448 1056 563 1097 terminos
576 1055 703 1107 explicant.
718 1056 910 1106 Augustinus:

66 1120 131 1160 Deus
146 1120 215 1160 vocat
236 1131 280 1170 per
302 1119 413 1160 intimam
436 1118 611 1170 cogitationem
634 1120 714 1167 trahit,
734 1120 793 1160 dum
808 1120 916 1160 docendo

63 1182 174 1239 delectat,
188 1181 311 1223 voluntate
323 1182 347 1222 et
359 1180 488 1232 voluptate.
504 1182 580 1221 Homo
595 1181 701 1232 tangitur
714 1181 845 1230 vocatione,
861 1182 877 1222 i.
893 1193 913 1222 e.

67 1257 148 1286 rerum
159 1244 325 1286 testificatione
339 1245 379 1296 (ei.
392 1255 416 1284 n.
429 1246 509 1301 502313
520 1247 548 1296 29
558 1248 586 1285 33
597 1245 642 1296 53).
655 1245 789 1294 Prosper:
805 1245 916 1285 Trahunt

67 1309 146 1356 timor,
157 1308 255 1356 laetitia,
269 1308 423 1355 desiderium,
436 1307 604 1348 delectationes
617 1308 648 1358 (n.
662 1311 711 1356 5023
723 1310 742 1356 P
753 1308 799 1359 24),
812 1333 844 1339 -
854 1308 915 1357 argo

68 1371 198 1412 dicendum
221 1369 268 1411 est':
297 1370 361 1411 Deus
378 1381 413 1419 eo,
433 1371 497 1420 quod
514 1371 540 1411 in
559 1369 629 1411 nobis
647 1369 785 1411 immediate
804 1370 916 1419 producit

67 1433 134 1474 actus
148 1432 324 1482 indeliberatos,
341 1432 428 1477 excitat
442 1434 465 1474 et
477 1433 546 1474 uocat
561 1444 605 1474 nos
620 1434 650 1474 ad
665 1440 731 1474 actus
747 1434 888 1474 deliberatus
898 1434 914 1472 1.

67 1522 98 1529 —
112 1497 136 1548 bl
154 1496 236 1537 Gratia
251 1496 281 1537 iit
297 1497 341 1536 «in
355 1496 424 1536 nobis
441 1497 492 1536 sine
507 1496 605 1545 nabis»,
620 1497 635 1536 i.
651 1508 672 1537 e,
690 1493 740 1538 sine
756 1497 827 1537 nobis
841 1497 915 1537 libere

67 1560 275 1608 consentientibus,
290 1570 338 1599 non
351 1559 401 1599 sine
414 1559 484 1600 nobis
496 1560 601 1599 vitaliter
614 1560 769 1600 elicientibus.
782 1586 815 1591 -—
827 1561 915 1600 Arau-

67 1623 196 1663 sicanum
208 1634 259 1662 can.
272 1625 299 1662 20
313 1623 355 1673 (Dr
366 1623 429 1674 lael:
447 1640 457 1659 «
465 1621 544 1663 Multa
552 1624 617 1663 Deus
628 1623 685 1664 iacit
697 1624 722 1663 in
734 1622 831 1664 bomine
843 1624 913 1670 bona,

66 1697 127 1736 quae
144 1696 192 1725 non
210 1685 267 1726 iacit
283 1686 381 1733 horno»,
400 1683 451 1724 scil.
468 1695 517 1725 non
534 1684 592 1725 iacit
609 1685 661 1726 actu
678 1696 732 1726 vere
750 1686 858 1726 humano
873 1696 915 1725 seu

67 1748 142 1789 libero
163 1747 293 1799 (praeterea
311 1748 375 1788 Deus
393 1747 490 1788 habitus
509 1747 603 1788 infusos
618 1748 643 1788 in
661 1747 758 1789 homine
778 1748 843 1789 solus
862 1760 915 1799 pro-

68 1810 150 1862 ducit).
168 1834 200 1840 -
216 1811 236 1862 c)
256 1809 337 1851 Gratia
353 1811 388 1851 est
404 1811 600 1858 instrumentum,
619 1822 667 1861 quo
683 1810 748 1852 Deus
765 1821 809 1852 nos
826 1811 913 1858 movet,

67 1873 178 1925 intellege
196 1874 226 1914 ad
243 1874 346 1914 liberum
364 1874 529 1913 consensum2.
546 1900 579 1905 —
595 1874 619 1925 d)
637 1874 754 1925 Analoaia
769 1875 800 1914 ad
818 1874 914 1915 babitus

66 1938 167 1987 infusos,
180 1936 221 1988 qui
232 1936 377 1987 praecedunt
387 1935 454 1977 actus
463 1935 555 1985 vitales,
567 1948 617 1977 non
626 1936 702 1988 potest
713 1937 801 1988 urgeri.
813 1937 916 1977 Habitus

68 2000 131 2041 enim
148 1999 244 2048 dantur,
261 1999 289 2040 ut
304 1998 428 2050 potentiae,
444 1999 614 2049 permanenter
630 2000 653 2040 et
665 2011 708 2050 per
723 2000 823 2040 modurn
840 2000 915 2040 status

67 2061 178 2110 elevatae,
191 2061 329 2113 frequenter
338 2061 551 2111 supernaturaliter
563 2061 642 2112 agant.
655 2060 760 2104 Elevatio
772 2074 828 2104 vero
840 2063 915 2104 trans

67 2126 119 2166 iens
133 2124 233 2166 inservit
248 2124 365 2175 sinqulari
380 2126 444 2164 actui
460 2124 583 2166 elevando.
602 2125 679 2174 Quare
695 2136 744 2166 non
761 2126 796 2167 est
806 2135 914 2174 necesse,

68 2188 95 2229 ut
110 2188 193 2229 eodem
211 2187 282 2228 modo
300 2186 397 2227 oriatur.
425 2186 535 2228 Ceterum
560 2199 605 2228 nos
629 2188 780 2230 admittimus
798 2200 841 2240 pro
860 2191 915 2230 actu

68 2251 197 2292 deliberato
218 2249 394 2291 antecedentem
414 2249 536 2291 facultatis
556 2250 712 2292 elevationem
733 2252 853 2293 internam
873 2263 917 2304 per

67 2382 92 2418 33
104 2381 188 2427 (19261)
200 2381 241 2419 355.
253 2383 318 2417 —Ex
329 2381 393 2417 dictis
405 2382 505 2427 apparet,
517 2392 560 2427 quo
571 2383 620 2418 iure
631 2383 678 2419 Del
687 2383 786 2426 Prado,
799 2385 830 2420 De
843 2383 916 2428 aratia

69 2431 89 2463 et
101 2429 168 2463 libero
181 2428 274 2463 arbitrio
285 2429 318 2464 ΙΙΙ
330 2427 425 2465 aaa-*295
436 2429 495 2464 hanc
507 2429 632 2464 doctrinam
643 2430 718 2465 Patris
732 2431 769 2466 Tb.
785 2430 811 2465 de
823 2430 917 2473 Rc'anon

67 2474 150 2509 ironice
166 2474 228 2509 vocet
245 2473 350 2518 «apicem
364 2474 507 2518 perfectionis
524 2474 679 2511 Concordiae»
694 2475 799 2518 Molinae,
817 2483 873 2520 quae
890 2484 916 2510 eo
949 2512 950 2515 Ἴ

67 2528 137 2564 usque
153 2519 285 2564 pervenerit,
302 2519 327 2554 ut
344 2528 394 2554 cum
410 2520 545 2556 Lutheranis
562 2522 584 2556 et
601 2520 728 2557 calvinistis
746 2521 824 2556 contra
841 2520 917 2556 defini-

67 2565 150 2601 tionem
165 2565 257 2601 Concilii
270 2565 394 2602 Tridentini
407 2566 502 2602 affirmet
517 2567 631 2602 «liberum
644 2567 762 2602 arbitrium
775 2567 833 2602 nihil
847 2568 917 2602 omni-

67 2620 96 2646 no
113 2620 204 2655 ageret.
223 2612 259 2648 Sic
273 2610 372 2655 loquitur
387 2611 466 2646 auctor
482 2613 508 2648 de
521 2613 632 2657 doctrina,
650 2622 706 2657 quae
722 2612 768 2648 iem
784 2612 836 2649 ante
853 2612 917 2648 Moli-

67 2666 121 2737 tilam
135 2657 221 2738 {tatirtta
236 2657 285 2692 erat
298 2656 318 2692 et
332 2656 382 2702 post
396 2666 447 2691 eum
462 2659 490 2693 ab
506 2658 614 2693 acerrimo
629 2658 677 2694 eins
693 2657 822 2694 adversario
837 2660 916 2695 Lamos

67 2722 68 2725 =
84 2704 133 2738 efen
150 2704 191 2738 ebe
201 2704 236 2738 ur!

129 2767 136 2787 1
152 2765 175 2802 Si
188 2766 237 2810 quis
249 2765 297 2800 vult
309 2764 437 2809 intellegere
449 2766 520 2801 Deum
533 2766 602 2801 etiam
614 2767 643 2802 ad
656 2767 730 2802 actum
743 2766 917 2802 indeliberatum

70 2822 80 2842 a
88 2811 177 2847 trahere
185 2823 203 2852 n,
219 2810 263 2846 dici
276 2810 347 2855 potest
360 2810 418 2846 hano
431 2810 564 2847 tractionem
578 2811 626 2847 fieri
640 2812 732 2856 speciali
745 2822 861 2855 concursu,
877 2812 917 2848 sed

68 2865 115 2892 non
128 2857 221 2893 entitate
235 2858 310 2892 creata
325 2857 353 2892 ab
367 2855 416 2901 ipso
432 2857 484 2892 actu
498 2858 645 2894 indeliberata
661 2858 771 2894 distincta.

130 2920 138 2941 ²
156 2919 179 2956 Si
195 2920 244 2963 quis
261 2920 301 2955 hoc
318 2918 385 2954 etiam
402 2919 431 2953 ad
448 2919 523 2955 actum
538 2920 711 2955 indeliberatum
727 2920 844 2957 extendere
861 2920 915 2959 vuit,

68 2964 149 3009 cogitet
163 2966 190 3001 de
204 2965 352 3000 instrumento
367 2964 489 3008 improprie
503 2965 562 3001 dicto
577 2966 602 3001 in
617 2965 693 3001 ordine
709 2975 790 3001 causae
806 2965 915 3011 formalis,

68 3018 114 3045 non
126 3010 151 3045 in
165 3012 241 3046 ordine
256 3020 337 3047 causae
351 3009 470 3046 efficientis.
