2214 3350
240 189 359 225 =Thesis
374 188 402 225 19.
419 188 486 224 Nulla
501 188 583 223 entitas
596 197 641 223 non
655 187 730 223 vitalis
809 166 811 172 λ
893 185 929 222 399

82 295 228 332 obtectionem
242 296 319 333 timere
334 296 404 339 debeb
420 295 491 331 multo
506 296 582 329 minus
596 304 644 336 nos,
661 295 699 339 qui
715 294 790 329 actum
805 293 928 329 salutarem

82 357 109 384 ex
123 347 236 389 facultate,
253 349 319 394 prout
333 349 380 384 iam
394 357 433 394 per
449 346 524 383 actum
540 346 712 383 indeliberatum
727 346 870 382 transeunter
888 345 928 381 ele-

81 400 135 435 vata
153 399 192 442 est,
212 399 303 445 physice
322 401 439 447 procedere
459 398 581 434 asserimus
601 399 622 434 et
641 398 682 434 soli
702 398 762 434 actui
781 397 927 433 indeliberata

78 451 250 496 ‘productionem
264 461 304 498 per
319 452 450 488 tenultatem
466 450 554 487 externe
571 450 659 486 tautum
675 449 784 485 elevatam
799 449 925 486 tribuimus.

82 570 137 611 527.
175 570 236 611 Hinc
269 571 434 622 argumento
468 569 647 611 exclusionis
677 568 775 610 omnino
808 569 928 620 probabili

22 646 25 648 ’
82 633 189 683 nostram
214 634 355 676 sententiam
382 634 611 675 commendavimus.
641 631 696 673 Sine
724 633 853 673 elevatione
880 642 928 670 non

82 690 184 736 habetur
199 697 265 738 actus
280 697 475 748 supernaturalis.
493 696 599 738 Eleratio
610 697 710 736 interna
725 706 869 745 permanens
886 705 929 745 per
978 732 980 735 ,

82 759 178 800 habitus
190 760 282 801 inlusos
293 761 316 801 et
325 761 440 800 transiens
450 771 494 811 per
506 765 587 800 actum
598 759 694 799 uitatem
705 770 735 799 ex
747 758 867 808 supposito
881 768 928 798 non

82 822 191 870 habetur,
210 824 324 874 quoniam
341 823 420 873 egitur
436 823 465 864 de
483 823 563 874 primo
580 822 632 863 ente
650 821 827 872 supernaturali
845 821 870 861 in
888 821 928 862 lio-

82 886 147 926 rnine
159 886 319 936 producendo.
333 885 438 927 Elevatio
450 879 545 926 interna
558 885 676 926 transiens
687 897 732 937 per
745 885 866 925 entitatem
880 895 928 923 non

82 948 179 988 vitalem
194 960 243 988 non
258 949 380 999 probetur,
395 960 471 999 neque
487 949 552 989 entia
568 947 760 1000 supernaturalia
777 948 833 988 sunt
848 946 928 987 multi-

83 1010 194 1061 plicanda
208 1012 259 1052 sine
274 1011 372 1052 ratione.
388 1011 448 1061 Ergo
464 1011 526 1051 nihil
540 1012 613 1052 restat
626 1012 673 1051 nisi
689 1012 787 1052 elevatio
802 1016 899 1051 externa
913 1022 928 1051 a

82 1074 130 1114 Deo
145 1073 321 1125 supernaturali
335 1084 450 1114 concursu
464 1073 607 1115 simultaneo
621 1074 737 1123 iacienda,
753 1086 826 1125 quam
841 1075 928 1125 impos

43 1149 45 1155 ’
83 1136 177 1177 sibilem
195 1147 245 1177 esse
262 1135 392 1177 adversarii
407 1136 497 1177 trustra
513 1137 591 1177 conati
608 1137 664 1177 sunt
680 1136 810 1177 ostendere.

83 1267 137 1308 528.
174 1270 194 1308 2.
213 1266 249 1307 Ad
267 1266 347 1315 actum
364 1265 463 1319 primum
480 1260 636 1308 deliberatum
653 1266 858 1318 supernaturalem
875 1277 928 1317 pro-

83 1330 220 1370 ducendum
235 1329 329 1380 praeter
342 1329 405 1370 vires
418 1329 539 1370 facultatis
553 1329 674 1370 naturales
687 1330 711 1370 et
725 1330 802 1370 Deum
818 1324 928 1380 paratum

83 1392 294 1443 correspondenter
307 1403 445 1432 concurrere
461 1392 533 1432 etiarn
547 1392 640 1443 praesto
656 1393 691 1433 est
703 1392 775 1434 actus
787 1392 927 1444 supernata

82 1455 138 1496 ralis
151 1454 321 1496 indeliberatus
334 1456 382 1496 sire
395 1454 497 1495 facultas
509 1466 553 1506 per
565 1455 628 1495 hunc
641 1455 721 1495 actum
735 1455 885 1495 transeunter
898 1456 929 1495 ad

84 1518 275 1569 supernaturalia
300 1517 350 1559 elev
366 1518 397 1558 ta.
423 1518 561 1558 Secundum
587 1518 692 1559 nostram
719 1518 860 1559 sententiam
885 1516 928 1558 iste

83 1582 149 1622 actus
160 1580 332 1622 indeliberatus
343 1593 391 1620 non
401 1582 479 1622 solum
491 1581 553 1622 sicut
563 1581 642 1622 omnis
653 1582 771 1622 eiusmodi
783 1580 850 1622 actus
862 1581 928 1621 natu-

83 1645 141 1685 ralis
157 1645 279 1684 moraliter
296 1644 407 1684 sollicitat
423 1644 570 1685 voluntatem
595 1645 634 1685 ad.
648 1643 753 1685 liberum
777 1655 926 1691 consensum,

84 1708 124 1748 scd
136 1707 208 1748 etiam
220 1707 318 1758 physice
332 1707 490 1760 (transeunter
501 1707 592 1759 utique)
607 1707 745 1748 facultatem
759 1707 808 1748 sive
821 1705 928 1747 animam

84 1771 117 1811 sio
133 1767 283 1818 transmutat,
304 1770 331 1810 ut
348 1782 395 1820 qua
413 1769 560 1820 principium
578 1769 791 1820 supernaturaliter
809 1770 928 1810 elevatum

84 1833 162 1873 eliciat
178 1833 258 1873 actum
275 1832 439 1880 deliberatum,
459 1832 529 1882 atque
547 1832 581 1873 ita
597 1832 668 1873 etiarn
685 1833 721 1873 est
739 1842 812 1874 causa
829 1832 928 1885 physica

86 1895 178 1946 (saltem
190 1895 307 1947 partialis)
321 1894 394 1935 huius
405 1895 472 1936 actus
483 1896 589 1946 praecise
603 1908 649 1946 qua
662 1895 859 1946 supernaturalis.

153 1989 174 2040 a)
194 1988 256 2030 Nihil
276 1989 366 2029 obstat.
386 1988 459 2029 Actus
479 1989 658 2041 indeliberatus‚¹
677 1989 782 2040 praecise
802 1990 874 2040 prout
894 1989 929 2030 est

84 2053 150 2092 actus
162 2051 331 2100 irrrationalis,
347 2051 465 2092 natusest
478 2048 581 2093 influere
595 2053 724 2093 moraliter.
741 2053 787 2093 Sed
801 2054 928 2093 conceden-

84 2115 149 2155 tibus
165 2114 309 2155 adversariis
324 2114 397 2155 etiarn
412 2115 448 2155 est
463 2127 492 2155 ex
508 2114 576 2165 parte
594 2125 637 2156 sua
654 2115 784 2156 subiectiva
801 2117 929 2167 physicum

84 2179 192 2218 accidens
205 2179 299 2218 animae
314 2179 433 2218 entitatioe
447 2178 635 2228 supernaturale,
651 2179 674 2220 et
685 2190 729 2229 per
742 2180 803 2220 hanc
818 2178 929 2220 intimam

84 2241 207 2292 physicam
219 2240 325 2281 indolem
337 2247 405 2291 aptus
418 2242 515 2293 estqui
526 2241 623 2292 physice
635 2242 723 2292 influat
735 2242 761 2281 in
773 2242 929 2283 elevationem

85 2303 205 2354 sequentis
222 2302 289 2344 actus
305 2303 385 2344 vitalis
404 2305 497 2344 animae
517 2304 653 2354 superioris,
675 2305 748 2346 simili
768 2305 840 2346 modo
858 2306 928 2356 atque

84 2367 179 2407 babitus
192 2367 294 2415 intusne,
310 2366 406 2417 quando
418 2367 492 2415 adest,
505 2367 588 2408 causat
600 2367 748 2408 entitatiram
763 2367 929 2418 supernatura-

84 2430 175 2471 litatem
192 2441 292 2470 suorum
308 2429 403 2470 actuum
423 2430 462 2481 (ct.
481 2442 504 2470 n.
523 2431 582 2482 301).
601 2430 709 2472 Actuatio
727 2431 791 2471 enim
809 2431 929 2471 facultatis

84 2504 127 2543 per
139 2493 218 2533 actum
232 2491 436 2543 supernaturalem
449 2504 532 2533 revera
544 2493 579 2534 est
589 2492 689 2544 physica
700 2493 807 2533 eiusdem
820 2493 927 2534 elevatio.
947 2522 949 2524 ·

85 2555 194 2596 Facultas
211 2555 285 2606 igitur
305 2566 353 2605 qua
370 2555 518 2606 principium
539 2553 635 2606 physice
653 2555 771 2598 elevatum
792 2557 878 2598 transit
898 2557 929 2598 ad

85 2618 164 2659 actum
178 2618 343 2659 deliberatum.
359 2618 407 2658 Deo
422 2629 470 2658 non
485 2619 625 2669 deneganda
639 2619 674 2659 est
687 2618 791 2669 potestas
805 2619 855 2660 tarn
869 2621 929 2661 benc

84 2693 127 2731 per
139 2681 219 2721 actum
232 2692 305 2732 quam
319 2691 361 2731 per
373 2680 483 2721 habitum
499 2682 704 2731 supernaturalem
719 2681 815 2733 physice
829 2682 929 2724 iuvandi

85 2744 222 2784 facultatem
235 2744 265 2784 ad
280 2753 352 2794 opera
366 2742 450 2783 salutis
467 2745 494 2795 (P
508 2744 554 2795 53).

153 2837 177 2888 b)
200 2836 315 2883 Rationes
335 2835 450 2889 positivae
471 2836 543 2879 istem
563 2837 686 2889 physicam
707 2837 856 2879 efficientiam
877 2850 930 2880 sua-

85 2900 148 2940 dent.
171 2901 195 2952 a)
214 2899 316 2941 Habitus
331 2899 427 2950 physice
445 2899 539 2941 elevant
556 2901 628 2941 actus.
647 2901 720 2951 Atqui
738 2901 814 2953 gratia
830 2903 930 2942 actualis

84 2962 123 3002 hic
138 2962 233 3012 supplet
246 2963 365 3012 dejectum
380 2961 508 3002 habituum
524 2964 554 3013 (v.
571 2974 594 3002 u.
608 2963 666 3013 302).
682 2990 714 2995 —
733 2965 756 3018 β)
772 2964 931 3005 Probavimus
