2214 3350
100 113 136 158 120
207 112 261 149 Sect.
275 113 292 148 Ι.
305 106 350 148 Ari.
365 95 444 157 11252.
458 111 516 153 Quid
528 111 610 146 natura
622 110 686 155 lapsa
697 118 743 144 non
754 109 824 154 possit
863 116 864 119 ’

78 210 228 261 Ἥίᾶθῐιή.
255 232 273 260 s.
294 224 307 261 6
331 232 382 272 cap.
403 223 429 261 16
454 218 592 259 relationem
619 217 706 259 Christi
731 217 815 269 capitis
840 217 863 258 et
887 217 944 258 ritis

59 319 61 323 .
97 284 127 338 ad
140 283 251 324 membra
263 283 287 324 et
299 282 411 334 palmites
423 276 473 331 non¹
485 282 608 333 tamquam
622 293 713 322 meram
727 281 890 322 condicionem
904 280 942 322 vel

97 345 213 394 moralem
231 345 444 398 dignificationem,
463 345 504 385 sed
521 344 644 395 tamquam
662 355 759 384 cararum
775 355 891 384 novaram
909 344 943 383 oi-

66 407 68 410 ’
96 410 163 449 alain
179 410 288 450 absolute
305 409 491 450 necessariarum
509 408 616 448 exhibet:
640 406 748 458 Christus
765 406 852 458 iugiter
870 407 942 447 olria-

97 477 146 511 lem
158 471 242 522 influit
257 474 299 524 (ΒΖ
312 476 353 513 809
365 471 448 521 mea).
462 497 494 501 —
507 471 643 512 consonant
655 469 749 517 Patres3
764 475 787 510 a.
802 469 942 526 praesertim

97 535 182 583 Iren,
207 535 279 583 Bas,
304 536 396 585 Cypri,
420 534 546 584 August,
570 534 689 574 Leonem
715 533 756 583 (th.
782 536 792 572 1
817 544 840 572 n.
864 532 941 582 4655).

96 623 127 628 —
140 597 244 639 Thomas
259 599 360 638 maroles
373 597 437 637 vires
450 590 540 647 gratiae
554 596 636 637 contra
649 595 817 636 obscuritatem
832 595 942 646 ignoran-

96 660 142 701 tiae
158 660 182 700 et
197 660 372 711 corruptionem
389 659 467 699 caricis
483 658 557 709 exigit
571 672 593 699 v.
611 671 633 710 g.
651 662 670 705 1,
687 662 700 699 2
717 671 739 709 q.
758 661 798 698 109
814 671 835 699 a.
852 661 865 698 8
881 659 904 699 et
919 660 942 703 Ως

95 723 208 775 physicas
222 735 243 763 a.
260 726 273 763 5
291 725 311 775 (a
319 725 390 763 homo
405 733 447 773 per
463 734 506 762 sua
521 721 640 762 naturalia
656 733 703 761 non
719 721 795 771 potest
811 722 942 771 producere

95 797 168 837 opera
184 785 306 827 meritoria
322 784 499 836 proportionata
515 785 577 826 vitae
594 785 709 833 aeternae,
728 786 769 825 sed
785 786 816 825 ad
832 786 877 825 hoc
893 784 942 825 exi-

95 842 248 900 gitur'altr'or
266 849 349 896 virtus,
369 859 431 899 quae
449 848 484 888 est
502 848 578 888 virtus
597 847 686 897 gratiae
694 847 725 898 »);
744 854 856 898 utrasque
877 860 897 888 a.
918 851 940 888 2

96 974 148 1015 189.
184 973 267 1013 'Gratia
286 974 383 1014 naturae
402 974 482 1023 lapsae
502 973 624 1013 conferens
642 973 704 1012 vires
723 962 824 1013 morales
842 974 942 1013 vocatur

95 1037 204 1077 sanans
219 1047 260 1076 seu
280 1035 438 1083 medicinalia
458 1036 557 1076 naturae
577 1035 687 1077 rationali
707 1036 732 1075 in
752 1029 858 1087 quolibet
878 1037 940 1077 statu

94 1098 198 1140 versanti
213 1100 304 1139 addens
318 1099 413 1140 altiores
427 1099 490 1139 vires
506 1099 616 1150 physicas
631 1098 718 1140 dicitur
732 1098 808 1149 gratia
823 1099 941 1140 elevans

96 1164 136 1213 (m
146 1164 167 1209 5,
181 1162 216 1213 6).
234 1162 356 1211 Quaedam
373 1161 462 1213 gratiae
480 1161 542 1202 dona
558 1161 684 1212 utramque
701 1161 849 1202 functionem
867 1154 941 1202 simui

93 1224 221 1275 praestant,
240 1224 289 1265 alia
304 1224 401 1265 nonnisi
418 1223 565 1265 alterutram.

95 1351 147 1392 19⁰.
177 1350 331 1406 Epilogus.
357 1350 464 1390 sectione
484 1351 494 1389 I
514 1350 677 1391 necessitatem
696 1349 785 1400 gratiae
805 1362 853 1391 non
873 1351 938 1391 omni

93 1413 206 1464 exparte
222 1412 433 1454 consideravimus.
452 1412 584 1453 Omisimus
599 1412 701 1464 gratiam
717 1414 816 1463 patriae,
835 1414 885 1455 scii.
903 1414 940 1454 lu,-

93 1488 149 1517 rnen
168 1475 256 1526 gloriae
276 1478 306 1517 ad
325 1476 456 1517 videndum
475 1477 553 1516 Deum
572 1475 738 1517 necessarium.
761 1477 866 1517 Gratiam
886 1477 939 1518 otae

93 1538 255 1587 tractavimus,
272 1544 389 1589 quaternis
404 1539 495 1589 confert
509 1539 571 1578 vires
585 1540 616 1579 ad
631 1538 695 1580 mala
708 1538 814 1588 vitanda,
830 1541 860 1580 ad
875 1541 938 1581 bona

92 1601 115 1642 et
131 1600 244 1641 salutaria
260 1601 388 1651 operanda.
405 1600 448 1641 Ast
464 1602 508 1641 hoc
525 1612 624 1642 munere
641 1600 767 1642 necessitas
782 1602 872 1652 gratiae
889 1614 937 1659 non

92 1663 240 1705 exhauritur.
267 1664 348 1705 Gratia
373 1663 502 1704 habitualis
528 1664 563 1705 est
586 1664 719 1717 necessaria
743 1665 816 1706 etiam
840 1664 940 1717 propter

91 1726 208 1778 quosdam
227 1727 326 1777 asseclas
346 1727 465 1777 ferricolor,
482 1726 524 1776 qui
542 1737 589 1767 nou
606 1727 732 1768 versantur
748 1727 811 1769 circa
828 1727 937 1770 iacienda

91 1789 114 1830 et
130 1789 236 1838 vitanda;
255 1790 372 1831 eiusmodi
390 1790 446 1830 sunt
463 1789 541 1830 delere
558 1790 653 1841 peccata
670 1790 719 1830 iam
737 1790 862 1838 contracta,
881 1801 937 1832 con-

91 1853 153 1893 ferre
167 1852 312 1893 consortium
326 1853 421 1894 divinae
435 1852 542 1901 naturae,
558 1853 699 1894 constituere
713 1853 793 1894 filium
808 1855 850 1895 Dei
863 1855 938 1905 adop-

91 1915 176 1963 tivum,
192 1916 295 1956 fundare
308 1915 447 1956 relationem
462 1914 619 1957 inhabitantis
633 1914 735 1967 Spiritus
750 1913 830 1957 Sancti
846 1918 885 1969 (de
899 1918 938 1957 his

91 1978 117 2017 in
134 1977 189 2018 sect.
210 1978 261 2028 ΙΙΙ).
281 1979 356 2018 Porro
371 1976 449 2029 gratia
466 1978 620 2018 sanct'ficans
637 1978 672 2018 est
688 1977 826 2027 necessaria,
847 1980 874 2020 ut
891 1979 935 2020 eie-

37 2033 39 2037 ⁴
90 2040 171 2085 cando
187 2050 313 2089 personam
330 2040 436 2080 hominis
451 2039 565 2090 operibus
581 2040 726 2081 salutaribus
743 2042 849 2083 conferat
866 2042 937 2083 ratio-

90 2114 145 2143 nem
152 2102 233 2142 alenti
243 2103 273 2142 cla
283 2102 399 2153 condiano
413 2102 476 2153 (sect.
482 2103 544 2154 VII).
553 2103 659 2144 Tandem
667 2104 777 2154 specialis
786 2105 846 2146 ratio
857 2116 936 2146 neces-

91 2164 167 2207 sitatis
177 2164 267 2215 gratiae
277 2165 376 2205 actualis
386 2177 415 2206 ex
425 2176 452 2205 eo
462 2165 578 2216 provenit,
590 2167 654 2217 quod
664 2166 741 2217 gratia
750 2167 832 2208 efficax
842 2167 937 2219 praeter

90 2228 154 2269 vires
169 2227 200 2267 ad
216 2228 275 2268 hene
291 2230 411 2278 agendum
428 2228 555 2279 requisitas
569 2229 593 2270 ct
609 2228 750 2270 sufficientes
765 2230 837 2271 etiam
854 2231 934 2282 ipsum

89 2296 170 2330 aarum
184 2291 316 2330 secundam
330 2292 387 2332 honi
402 2291 487 2341 operis,
505 2292 597 2341 praeter
612 2291 751 2344 potestatem
766 2294 934 2343 perseverandi

88 2353 162 2394 etiam
179 2351 255 2402 ipsam
270 2354 473 2403 perseverantiam
489 2355 606 2394 actualem
623 2355 695 2396 donat
713 2354 776 2407 (sect.
795 2356 833 2406 V).
