2214 3350
126 199 164 236 590
335 201 455 246 Appendix.
471 201 502 237 De
516 201 596 246 gratiis
609 202 680 246 gratis
694 201 753 237 datis

50 306 53 311 '
127 307 182 350 729.
218 307 383 365 Appendix.
414 308 450 351 lle
465 309 549 362 gratiis
564 310 640 361 gratis
656 308 719 351 datis
736 310 775 361 (cf.
790 311 807 350 P
823 312 836 349 7
852 311 975 358 434—-447;

128 371 180 411 Ber.
195 372 297 423 18-331,
313 372 394 413 Gratia
405 374 479 424 gratis
492 373 553 422 data,
566 373 638 424 prout
650 375 713 413 nunc
726 371 872 423 intellegitur
883 385 897 413 a
909 373 976 414 theo-

127 434 188 485 logis
203 435 242 483 (ct.
258 445 281 475 n.
298 437 318 483 5,
335 436 379 486 11),
394 437 427 477 est
441 437 517 487 gratia
532 435 720 485 supernaturalis
734 435 839 486 quidem,
856 433 911 477 licet
924 448 975 477 uon

126 498 270 539 intrinsecus
286 498 379 540 ordinis
394 499 476 547 diuini,
494 510 554 549 quae
569 509 613 549 per
629 508 653 538 se
669 508 718 538 non
733 497 854 538 confertur
870 510 896 539 eo
914 497 973 546 fine,

126 562 154 603 ut
168 563 216 602 Deo
232 563 445 614 supernaturaliter
460 562 554 614 gratum
570 561 644 603 iaciat
658 561 707 603 sive
720 561 843 603 hominem
859 562 975 612 recipien-

126 625 175 666 tem
193 625 242 666 siue
258 637 319 677 opus
334 626 393 674 eius,
411 625 465 665 aliis
481 625 570 665 verbis:
591 625 619 665 ut
635 635 690 666 eum
708 624 756 666 sive
775 624 906 666 formaliter
923 620 981 679 sire

127 689 266 741 dispositive
281 689 395 730 iustificet
410 689 433 729 et
449 687 587 736 sanctificet,
603 688 645 729 sed
661 699 722 739 quae
739 688 810 729 datur
826 687 933 739 proxime
950 688 976 728 et

126 763 210 803 perse
227 753 258 793 ad
273 753 401 793 utilitatem
417 752 526 791 aliorum.
545 750 588 790 His
603 750 687 800 gratiis
703 750 857 791 adnumerari
874 751 974 801 possunt
1010 764 1011 767 ¹

84 845 87 854 .
126 815 277 856 ordinaria
299 825 418 854 munera
442 812 640 855 ecclesiastica
666 825 720 854 cum
739 813 853 863 potestate
872 814 973 863 ordinis,

126 878 305 925 iurisdictionis,
321 876 450 917 authentici
465 877 488 918 et
498 876 635 917 infallibilis
648 876 786 927 magisterii,
802 878 831 918 de
845 877 933 927 quibus
946 877 973 916 in

126 941 266 982 tractatibus
284 941 313 981 de
331 938 434 980 Ecclesia
454 940 478 980 et
495 934 689 980 de'sacramento
708 940 800 980 ordinis
818 940 904 990 agitur.
925 940 972 981 Sed

125 1003 253 1054 praecipue
273 1003 312 1043 hic
332 1002 505 1053 intelleguntur
525 1014 553 1043 ea
572 1001 746 1043 charismata
774 1002 973 1043 extraordina-
1017 1007 1018 1010 ’

125 1066 180 1112 ria,
194 1067 223 1106 de
239 1066 326 1117 quibus
341 1066 366 1106 111
378 1065 514 1116 evangeliis,
530 1065 630 1107 Actibus
644 1064 811 1116 Apostolorum
826 1067 850 1107 et
863 1065 975 1116 epistulis

126 1128 233 1179 paulinis
253 1128 389 1179 frequenter
409 1129 445 1169 est
464 1139 548 1169 sermo.
567 1128 745 1169 Enumerantur
767 1132 778 1169 1
798 1128 843 1170 Cor
864 1131 897 1178 12,
919 1131 972 1168 8ss.

126 1191 241 1242 ‘theologi
257 1191 282 1231 in
298 1191 400 1232 tractatu
415 1193 444 1232 de
461 1191 538 1241 gratia
553 1192 674 1242 inquirere
691 1191 773 1239 solent,
791 1192 860 1232 cuius
873 1191 973 1232 naturae

125 1255 184 1295 liaeo
195 1255 259 1295 dona
270 1254 325 1303 sint,
340 1255 421 1295 utrum
435 1254 483 1295 sint
494 1253 628 1295 habitualis
639 1266 670 1295 an
682 1254 792 1303 actualia,
805 1255 864 1305 quid
878 1254 974 1305 singula

126 1318 190 1358 dona
212 1316 355 1368 significent,
381 1317 499 1367 quomodo
519 1317 545 1357 in
568 1318 671 1367 systema
693 1317 797 1368 logicum
820 1317 896 1368 redigi
920 1328 974 1367 pos-

127 1381 175 1421 sint
189 1380 232 1421 eto.
250 1380 285 1420 of.
303 1381 326 1421 S.
344 1380 451 1429 Thom.,
468 1380 492 1420 S.
510 1381 542 1420 th.
560 1384 580 1427 1,
597 1384 610 1421 2
625 1392 647 1431 q.
664 1383 702 1421 111
719 1392 740 1422 a.
758 1384 798 1421 14
814 1383 834 1420 5.
853 1380 898 1421 Sed
913 1380 973 1420 haec
1049 1406 1051 1408 ·

125 1443 228 1484 materia
249 1442 336 1483 melius
362 1442 506 1493 relinquitur
531 1443 658 1493 exegetis
684 1443 715 1487 (11.
738 1442 920 1483 commentarios
946 1443 971 1481 in

126 1509 137 1546 1
157 1506 202 1547 Gor
218 1506 311 1556 12-14)
329 1505 354 1546 et
369 1505 510 1557 mysticis.
529 1505 606 1556 Atque
623 1505 656 1547 5111
673 1505 754 1547 nostro
771 1505 880 1546 tractatui
896 1506 971 1546 tinem

125 1569 281 1619 imponimus,
298 1568 387 1618 gratias
402 1569 498 1618 agentes
512 1569 560 1609 Deo
577 1567 672 1617 Optimo
688 1568 802 1608 Maximo.
