2214 3350
252 157 253 160 ¹
290 161 367 203 Thesis
383 167 400 203 7,
418 167 523 204 Meritum
539 168 560 202 et
576 165 704 212 impetratio
888 163 923 201 135

75 278 125 311 tuor
138 275 269 321 praemissis
284 276 456 321 condicionibus,
471 276 498 312 ut
512 276 556 312 scil.
573 284 614 321 pro
629 283 652 310 se
666 273 735 320 petat,
751 274 878 311 necessaria
892 272 922 310 ad

75 327 177 369 salutem,
195 328 230 372 pie
248 327 269 363 et
284 328 520 375 perseverantersu-
537 328 589 364 «Ea
607 327 663 362 borlo
679 328 774 362 naturae
793 326 921 362 desiderio»

73 379 194 425 opponitur
208 378 336 415 «desiderio
349 381 433 424 peccati
441 390 460 423 »3
475 379 528 416 hino
540 388 595 415 non
608 378 640 414 cst
653 378 714 414 idem
728 377 793 422 atque
808 389 819 410 α
829 387 854 413 ea
868 377 920 413 solis

74 433 168 466 poturae
185 431 269 466 uiribus
278 444 296 475 n,
312 432 350 468 sed
365 432 468 478 exprimit
482 431 549 472 finem
563 430 683 467 honestum
698 429 790 466 orantis.
807 429 866 474 Ergo
880 429 922 465 hoc

73 482 168 519 articulo
181 490 227 517 uou
239 484 335 527 necatur
346 484 467 519 necessitas
481 483 576 519 alicuius
591 482 684 527 protulit
698 481 751 518 doni
764 481 793 517 ad
805 481 841 527 pie
854 481 922 527 impe·

75 534 156 571 tranda
172 535 299 571 necessaria
313 535 459 579 adsalutem,
476 545 533 581 quae
549 533 644 571 articulo
659 532 804 580 praecedente
821 540 922 579 expresse

73 585 220 622 statuebatur.

76 702 129 744 208.
168 702 343 752 Bonaventura,
359 703 389 742 lu
405 706 418 743 l
434 703 457 743 d,
475 705 503 743 29
519 714 540 743 a.
559 704 571 742 1
589 713 612 753 q.
630 703 655 742 2:
677 701 753 741 Homo
770 711 800 741 ne
816 700 842 740 in
860 700 922 740 statu

75 766 174 806 naturae
191 765 314 806 institutae
332 766 429 817 quidem
448 765 527 815 potuit
546 765 585 813 (cle
604 763 731 815 condique)
753 763 847 812 mereri,
867 762 922 804 licet

74 828 207 869 secundum
221 828 310 869 statum
324 829 421 870 naturae
436 829 517 880 lapsae
531 828 609 880 magis
625 827 732 878 indigeat
746 827 810 868 dono
823 827 920 878 gratiae.

73 916 105 923 -
116 892 139 932 d.
153 894 181 932 28
193 903 214 933 a.
228 894 241 933 2
253 903 276 943 q.
291 895 316 933 1:
332 892 444 933 Liberum
456 891 592 940 arbitrium,
607 891 627 933 si
639 890 756 932 excitetur
768 900 812 941 per
823 890 921 941 aliquod

74 955 165 995 donum
180 954 270 1004 oratioe
284 954 357 1005 pratis
374 955 449 1003 datae,
467 954 543 1005 potest
558 954 589 995 ad
604 953 707 1005 gratiam
723 954 818 1004 gratum
834 953 921 994 iacien-

75 1017 121 1059 tem
135 1029 159 1058 se
172 1017 202 1057 de
213 1028 318 1069 coupruo
329 1017 463 1069 disponere,¹
476 1017 542 1058 omni
555 1017 597 1059 tali
610 1028 709 1058 munere
723 1017 863 1058 destitutum
877 1018 922 1058 hoc

75 1091 200 1131 nunquam
212 1081 297 1131 posset.
310 1106 342 1112 --
354 1079 448 1128 Scotus,
462 1081 558 1131 Report
572 1080 648 1121 Paris.
662 1080 690 1120 In
702 1083 716 1121 4
728 1079 751 1120 d.
765 1083 779 1122 2
791 1092 814 1131 q.
828 1083 840 1121 1
853 1091 877 1120 n.
893 1083 917 1120 1:

73 1160 86 1198 va
94 1142 211 1194 Respectu
225 1142 314 1194 gratiae
328 1154 376 1183 uon
390 1143 530 1194 potestesse
544 1154 616 1184 eausa
628 1142 758 1192 meritoria,
774 1142 832 1194 quia
845 1142 921 1194 gratia

74 1205 147 1257 gratis
162 1205 240 1254 datur,
256 1216 305 1247 non
320 1204 411 1247 meritis
426 1206 541 1246 reddit-ur.
552 1224 561 1243 n
577 1231 609 1237 -
624 1206 689 1256 Opus
705 1206 780 1247 Oxou.
798 1205 826 1246 In
840 1208 854 1246 2
869 1205 892 1245 d.
909 1208 922 1246 5

74 1280 97 1321 q.
115 1271 126 1310 1
144 1280 168 1309 n.
184 1271 210 1310 2:
231 1267 314 1310 Gratia
328 1280 377 1310 non
393 1268 464 1309 datur
480 1268 509 1309 ob
525 1269 612 1309 merita
627 1268 745 1320 praevisa
765 1268 840 1310 «tuno
856 1268 921 1309 enim

74 1331 153 1383 posset
167 1332 240 1373 homo
254 1330 340 1373 mereri
356 1330 461 1382 primam
477 1332 586 1383 gratiam,
603 1331 661 1383 quia
676 1331 829 1383 praevidetur
844 1344 859 1372 a
873 1332 922 1373 Deo

73 1394 145 1436 dante
158 1405 211 1435 eam
222 1395 282 1435 bene
295 1405 383 1435 usurus
394 1406 428 1444 ea,
443 1394 466 1435 et
477 1395 534 1435 tunc
546 1394 622 1447 gratia
633 1406 683 1434 uou
696 1400 755 1435 esset
766 1395 851 1446 pratia,
865 1394 922 1445 quia

72 1458 134 1499 esset
148 1469 176 1499 ea
189 1457 288 1506 meritis
304 1457 359 1499 licet
372 1469 420 1499 uon
433 1457 518 1509 positis
531 1458 558 1498 in
571 1458 667 1506 effectu,
683 1458 763 1499 tamen
777 1457 920 1509 praevisis»,

134 1548 205 1594 Saepe
222 1547 300 1585 scotus
316 1546 370 1583 dieii
384 1547 523 1593 peccatorem
539 1558 550 1579 α
559 1554 585 1581 ea
600 1545 663 1591 puris
678 1545 820 1581 naturalibus
829 1558 840 1579 u
857 1554 921 1591 posse

74 1599 140 1635 atteri
152 1600 174 1635 et
185 1599 216 1635 sic
228 1599 255 1634 de
267 1607 365 1643 ceupruo
377 1599 458 1634 mereri
470 1597 656 1643 testificationem.
671 1596 787 1633 Eiusmodi
799 1597 921 1634 locutiones

74 1651 177 1696 Minges
191 1650 352 1696 (Gaaaeruebre
366 1649 403 1686 des
414 1651 439 1687 D.
453 1650 538 1692 Scalas,
552 1650 629 1686 Thesis
642 1648 690 1686 1-23
701 1649 720 1696 7)
733 1649 766 1685 ita
778 1648 920 1696 explicandas

73 1711 121 1739 esse
133 1702 214 1746 censet,
227 1702 253 1738 ut
264 1702 385 1738 necessitas
398 1702 485 1746 oratioe
498 1701 592 1737 actualis
605 1709 652 1737 non
662 1701 762 1746 negetur.
777 1722 802 1729 -
815 1700 922 1738 Similiter

74 1755 86 1789 J
90 1764 127 1790 os.
147 1754 236 1798 Klein,
255 1754 293 1799 qui
311 1754 371 1800 apud
390 1753 480 1791 Scotum
498 1753 617 1797 distinguit
634 1753 775 1789 influentiam
794 1752 921 1797 generalem

74 1806 201 1855 naturalem
216 1806 237 1843 et
253 1805 447 1852 supernaturalem
465 1805 586 1851 (Franzisk.
602 1805 697 1842 Studien
713 1805 724 1841 8
742 1804 810 1851 [1921]
828 1804 879 1851 260).
897 1825 922 1833 »-

73 1858 203 1894 Formulam
220 1870 231 1891 t<
240 1867 265 1894 ex
280 1858 342 1904 puris
357 1857 500 1893 naturalibus
508 1870 518 1891 u
536 1866 582 1893 non
599 1866 685 1903 semper
701 1857 816 1894 excludere
833 1866 921 1893 omnem

73 1909 171 1954 grat-iam
183 1910 294 1946 actualem
307 1909 401 1946 ostendit
413 1918 453 1955 per
466 1909 566 1955 exempla
578 1918 603 1945 ex
614 1909 680 1944 Petro
694 1908 720 1945 de
732 1909 816 1945 rilliaco
830 1909 851 1945 et
863 1909 922 1945 Mar-

73 1961 123 1995 silio
135 1962 163 1997 ab
173 1961 261 2005 iapheu
271 1961 389 2007 desumpta
400 1961 465 1997 Karl
476 1961 584 2005 Feckes‚
596 1961 636 1997 Die
648 1961 749 2006 Stelluup
762 1961 801 1997 der
811 1961 919 1998 uomtual.

71 2012 154 2048 Sabate
167 2022 207 2048 zur
220 2013 333 2050 alctuellea
348 2013 423 2050 Gnade
440 2014 509 2060 (Rom.
527 2013 702 2058 Quartalschriit
716 2013 741 2051 32
756 2014 824 2061 [1924]
842 2013 878 2052 15?
892 2016 922 2052 ad

74 2063 126 2110 165);
141 2066 168 2104 cf,
184 2066 284 2102 eiusdem
297 2065 379 2101 librum
392 2066 431 2101 Die
445 2064 703 2110 Recbltertipuupslebre
719 2066 756 2102 des
772 2065 860 2102 Gabriel
874 2067 923 2103 Biel

75 2115 186 2161 (Miinster
202 2116 257 2164 1925)
276 2116 377 2154 rso-132.
714 2112 722 2120 ⁴

72 2232 129 2273 209.
166 2233 193 2275 V.
212 2233 292 2280 Ratio.
324 2236 343 2273 1.
364 2231 447 2273 Thesis
465 2232 549 2273 intime
567 2233 678 2274 cohaeret
702 2245 756 2275 cum
775 2234 808 2275 th.
829 2237 840 2275 1
859 2235 883 2275 et
899 2237 920 2275 2.

73 2295 99 2337 Si
119 2296 212 2339 viribus
232 2298 330 2338 naturae
350 2297 428 2337 ullum
450 2296 530 2337 actum
551 2297 635 2338 elicere
656 2308 787 2349 possemus,
809 2299 851 2349 qui
872 2298 923 2340 uilo

71 2362 145 2402 modo
156 2362 259 2412 qratiam
270 2361 371 2412 positive.
383 2361 494 2412 eriperet,
508 2362 570 2403 certe
583 2362 676 2414 aliquid
688 2363 766 2404 iacere
778 2363 920 2411 valeremus,

74 2426 139 2476 quod
148 2427 250 2477 positive
262 2425 381 2477 expediret
393 2425 423 2466 ad
435 2425 546 2475 salutern,
559 2426 582 2468 et
594 2426 627 2468 sie
639 2427 687 2469 tota
699 2428 763 2468 salus
775 2427 823 2469 iam
836 2428 922 2480 depen-

74 2489 141 2530 deret
155 2491 184 2531 ab
201 2489 283 2542 aliquo
304 2490 379 2538 initio,
396 2490 462 2540 quod
478 2490 524 2541 ipsi
541 2491 592 2533 sine
614 2492 692 2543 gratia
713 2492 920 2543 praestitissemus,

74 2552 145 2605 atque
160 2555 277 2606 gratuitas
291 2555 363 2595 buius
378 2553 463 2595 salutis
477 2554 597 2597 destructa
611 2557 679 2598 esset.
696 2557 757 2598 Haec
773 2569 787 2598 a
801 2557 826 2598 S.
842 2559 922 2609 Aupu-

71 2617 136 2658 stiuo
150 2630 218 2671 saepe
233 2618 390 2660 inculcantur.
404 2643 436 2650 -κ
449 2622 470 2659 2.
485 2619 532 2661 Ubi
546 2620 653 2672 primum
667 2621 795 2672 probatum
809 2623 845 2663 est
859 2623 923 2663 dona

73 2681 163 2731 gratiae
182 2683 293 2725 salutaris
311 2695 361 2724 esse
378 2684 519 2734 simpliciter
540 2691 562 2725 et
580 2685 702 2726 eutitatioe
721 2687 920 2737 supernaturalia,

72 2744 122 2786 tota
140 2747 214 2789 thesis
230 2748 354 2800 tamquam
372 2748 527 2789 corollarium
544 2761 573 2790 ex
591 2750 636 2791 ista
653 2751 753 2792 veritate
772 2751 834 2793 fluit.
855 2752 922 2793 Tunc

72 2809 146 2852 etiarn
160 2811 242 2855 licebit
256 2813 370 2854 vent‘lare
386 2811 557 2864 quaestionem,
576 2814 657 2856 utrum
674 2815 854 2867 impossibilitas
871 2828 922 2867 gra-

74 2872 134 2915 tiam
144 2876 292 2928 impetraudl
303 2877 333 2919 sit
344 2878 446 2929 positive
458 2882 552 2918 tautum
564 2890 578 2919 a
590 2879 640 2920 Deo
652 2880 740 2922 statuta
752 2892 782 2921 an
796 2892 824 2921 eu
837 2886 923 2921 aarum

73 2939 164 2985 proriae
179 2942 291 2982 salutaris
306 2942 430 2993 proveniat
447 2943 478 2993 (v.
494 2953 519 2982 n.
536 2945 613 2993 290st.
