2214 3350
192 177 228 214 356
277 178 330 213 sect.
344 160 382 213 ru,
397 178 442 212 Art.
457 178 497 213 ΠΙ.
512 179 542 214 De
555 178 676 214 amissione
688 179 709 213 et
721 178 841 222 augmento
854 178 954 214 iustitiae

190 286 288 336 propter
302 286 414 337 exiguam
431 285 553 337 quandam
569 280 688 326 offensam
705 285 785 331 tilium
802 286 853 327 odit
868 287 892 328 et
907 286 1038 327 hereditate

190 348 276 399 privat.
287 349 336 389 Hoc
346 350 410 389 Deus
421 360 449 389 eo
458 349 540 388 minus
550 348 628 398 iactet,
641 349 698 400 quia
707 349 781 389 homo
791 360 821 389 ne
832 360 887 390 cum
899 347 930 390 iis
939 349 1039 401 quidem

190 411 294 460 auxiliis,
309 423 370 463 quae
385 412 430 452 sibi
443 412 563 452 ordinarie
577 422 714 462 comparare
728 411 811 463 potest,
827 413 943 453 moralem
957 412 1037 463 poien-

190 474 249 515 tiam
264 475 336 515 habet
350 474 442 516 vitandi
456 474 651 525 omnia'prorsus
666 474 761 526 peccata
775 474 880 516 venialia
897 477 929 528 (11.
947 477 987 516 163
994 476 1036 527 55).

189 561 221 568 -
237 538 272 578 Gi.
290 539 308 578 P
325 539 357 578 IX
373 549 408 588 pr.
426 540 459 585 30,
478 537 618 588 praesertim
634 549 659 577 n.
676 539 724 579 530.

182 697 246 739 Ι475.
284 698 308 738 G,
327 696 409 747 Quoad
427 696 521 756 singula
538 696 608 739 dona.

260 786 279 823 1.
306 782 399 824 Caritas
424 783 459 823 est
483 783 650 834 inseparabilis
674 795 689 824 a
711 783 789 834 gratia
814 784 976 825 sanctificante
1003 785 1034 834 [v.

190 857 212 886 11.
229 846 361 897 391-394).
377 844 539 888 Tridentinum
554 846 690 896 promiscue
705 846 781 887 utitur
795 845 896 897 utroque
911 845 1034 888 vocabulo.

189 935 220 941 —
235 911 372 951 Secundum
387 921 405 949 s.
422 912 436 948 6
451 920 502 960 cap.
519 911 533 949 7
549 909 592 960 (Dr
608 910 657 960 800)
676 909 781 959 perfecta
796 909 853 950 unio
871 921 926 951 cum
943 910 1035 951 Christo
1052 947 1054 949 .

189 972 218 1013 111
231 984 274 1023 per
287 972 362 1012 iidem
374 971 499 1012 accedente
514 983 554 1022 spe
568 972 592 1013 et
604 971 708 1013 caritate.
725 973 843 1021 Quoniam
857 972 946 1013 amissa
959 972 1036 1022 gratia

189 1035 233 1076 ista
244 1035 301 1075 unio
312 1034 479 1085 disrumpitur,
492 1034 577 1075 saltem
587 1034 660 1075 etiarn
671 1034 757 1076 caritas
767 1034 893 1077 amittitur.
906 1036 934 1076 111
944 1047 995 1076 can.
1008 1039 1035 1077 28

190 1100 233 1151 (Dz
247 1098 296 1150 838)
314 1097 422 1138 amisisse
436 1098 539 1147 aratiam
553 1097 644 1139 retenta
659 1098 708 1139 tide
723 1099 788 1139 idem
802 1098 838 1139 est
851 1110 879 1139 ac
894 1097 969 1139 iidem
984 1099 1035 1138 sine
1054 1095 1056 1099 ’

188 1163 285 1202 caritate
296 1163 391 1203 habere.
405 1187 437 1192 —
450 1161 572 1214 Scriptura
585 1161 694 1212 proxime
706 1162 773 1212 loqui
786 1161 882 1202 videtur
896 1162 925 1203 de
938 1162 1035 1203 caritate

188 1225 283 1272 actuali,
300 1226 342 1266 sed
357 1224 462 1265 Traditio
479 1224 537 1265 tales
553 1224 631 1265 textus
646 1224 708 1265 recte
723 1224 795 1266 etiam
812 1225 840 1265 de
856 1224 953 1266 caritate
969 1225 1035 1265 habi

188 1288 248 1328 tacti
262 1287 386 1338 intellegit.
403 1288 449 1337 Qui
464 1288 530 1327 enim
545 1287 656 1328 habitum
672 1287 777 1328 caritatis
793 1287 877 1336 servat,
895 1287 1034 1328 connatura-

188 1350 242 1392 liter
258 1351 354 1401 saepius
369 1350 448 1390 actum
465 1350 571 1391 caritatis
587 1350 657 1390 elicit.
683 1350 730 1391 Sed
747 1350 835 1391 dicitur
851 1354 863 1391 1
881 1350 906 1391 10
923 1352 943 1399 4,
961 1353 1030 1391 11οι

189 1433 199 1451 a
207 1415 298 1463 Omnis,
316 1415 359 1465 qui
375 1413 461 1463 diligit,
479 1425 508 1454 ex
524 1414 572 1453 Deo
589 1413 660 1453 natus
675 1413 753 1454 est...
770 1415 835 1454 Deus
849 1413 936 1454 caritas
951 1414 993 1462 est,
1011 1413 1035 1454 et

187 1478 229 1529 qui
246 1478 327 1518 manet
343 1476 368 1516 in
384 1476 488 1524 caritate,
507 1476 532 1516 in
548 1477 596 1517 Deo
613 1475 700 1526 manet,
719 1477 742 1517 et
757 1477 822 1517 Deus
838 1477 864 1516 111
880 1488 914 1517 eo.
924 1494 936 1513 1,
951 1478 972 1525 3,
991 1479 1029 1518 14;

188 1559 198 1578 a
207 1540 326 1580 'translati
341 1550 424 1580 sumus
439 1540 467 1580 de
483 1539 558 1580 morte
572 1539 604 1579 ad
619 1538 701 1588 vitam,
718 1539 832 1590 quoniam
848 1538 972 1590 diligimus
987 1540 1033 1580 ira-

187 1605 242 1653 tres;
256 1605 297 1656 qui
310 1615 358 1644 uon
371 1603 456 1654 diligit,
471 1604 553 1644 manet
564 1603 590 1643 in
602 1602 705 1644 morte.»
720 1604 755 1644 Gi.
770 1604 795 1644 lo
809 1606 842 1652 14,
856 1605 892 1653 23;
912 1607 924 1644 1
940 1604 1031 1650 (10113,
1066 1630 1068 1632 >

187 1672 250 1709 1—3.
268 1668 353 1708 —Iao
370 1670 390 1715 1,
409 1670 447 1708 12.-
468 1668 585 1708 Goronam
602 1667 664 1708 vitae
681 1668 745 1707 Deus
761 1667 898 1717 repromisit
914 1667 1032 1718 diligenti-

186 1733 231 1773 bus
244 1744 275 1773 se.
288 1733 366 1772 —Ex
379 1731 417 1772 his
429 1731 452 1772 et
465 1730 585 1771 similibus
599 1731 709 1780 textibus,
725 1731 813 1782 quibus
825 1731 940 1772 Scotistae
953 1733 1032 1772 volue-

185 1797 243 1837 runt
261 1796 350 1837 realem
369 1795 519 1835 identitatem
538 1795 628 1846 gratiae
648 1796 672 1836 et
692 1795 797 1836 caritatis
817 1796 925 1846 probare,
948 1795 1032 1836 saltem

186 1859 293 1912 sequitur
312 1858 504 1909 inseparabilitas
524 1859 648 1909 utriusque
669 1858 733 1899 doni.
755 1860 817 1899 Nam
837 1860 968 1900 secundum
988 1860 1033 1900 1105
1073 1850 1076 1853 ’

185 1924 263 1965 textus
275 1924 361 1972 omnis,
376 1924 418 1974 qui
430 1924 508 1963 Deum
521 1923 574 1963 actu
589 1922 674 1974 diligit,
690 1923 713 1964 et
726 1923 898 1974 consequenter
910 1924 951 1974 qui
965 1923 1032 1963 hahi-

108 1987 110 1991 ‘
185 1988 281 2029 tualiter
296 1987 426 2038 dispositus
440 1986 476 2027 est
491 1988 522 2028 ad
537 1987 614 2027 Deum
631 1986 789 2037 diligendum,
808 1986 863 2027 aliis
877 1987 968 2028 verbis:
990 1988 1031 2037 qui

185 2051 257 2092 habet
273 2052 395 2091 caritatem
410 2051 524 2099 infusam,
542 2051 615 2090 simul
631 2051 704 2092 habet
725 2062 807 2091 reram
830 2050 905 2092 vitam
927 2051 1029 2098 animae,

184 2117 299 2156 unionem
313 2127 368 2155 cum
382 2116 430 2155 Dec
444 2115 468 2155 et
481 2115 519 2155 ius
532 2114 678 2163 hereditatis,
695 2115 710 2154 i.
727 2127 747 2155 e.
763 2115 836 2155 hahet
848 2115 952 2166 aratiam
966 2126 1031 2156 sano-

184 2179 325 2220 tiiicantem.
344 2179 420 2227 Quare
436 2179 487 2218 vice
502 2190 570 2219 uersa
587 2177 634 2227 ille,
653 2179 694 2229 qui
711 2179 755 2218 hac
770 2179 847 2229 aratia
864 2179 972 2228 privatus
987 2180 1029 2228 est,

136 2256 137 2259 ¹
184 2256 232 2284 non
250 2243 330 2294 diligit
347 2243 424 2282 Deum
440 2242 536 2283 caritate
555 2242 636 2283 intusa
653 2253 729 2292 neque
748 2242 903 2284 habitualiier
920 2245 951 2284 ad
968 2244 1030 2284 hanc

184 2307 336 2349 dilectionem
357 2305 486 2356 dispo-situs
506 2306 542 2348 est
562 2307 611 2347 sive
631 2306 713 2347 amisit
733 2305 843 2347 habitum
866 2308 977 2348 caritatis¹
1000 2313 1033 2337 -’

183 2372 363 2423 Augustinus
382 2371 415 2422 (n.
434 2371 497 2421 399);
521 2371 614 2412 Gradus
632 2370 737 2412 caritatis
754 2371 840 2421 gradui
860 2370 962 2412 iustitiae
981 2382 1030 2412 cor-

183 2435 317 2487 respondet.
340 2436 418 2484 Quare
437 2433 527 2475 iustitia
548 2435 635 2475 amissa
656 2435 717 2475 nihil
739 2434 843 2476 caritatis
864 2435 977 2476 remanet.
999 2459 1031 2464 -

183 2500 262 2547 Ratio.
281 2498 422 2540 Iustiticatio
440 2497 554 2547 importat
570 2498 740 2547 amicitiam,
760 2499 775 2538 1.
795 2511 815 2539 0.
835 2506 948 2539 mutuum
966 2512 1029 2539 amo-

184 2575 241 2612 rem,
257 2564 319 2604 inter
333 2564 410 2603 Deum
423 2562 446 2603 et
459 2562 581 2603 hominem
598 2564 629 2615 (v.
644 2574 668 2603 n.
683 2565 725 2604 452
738 2563 769 2613 0).
785 2563 817 2604 Ut
829 2564 892 2604 Deus
906 2563 1029 2604 hominem

183 2638 263 2668 amore
277 2627 395 2667 amicitiae
411 2625 481 2674 amet,
498 2636 591 2667 11000550
605 2627 647 2675 051,
663 2627 690 2668 ut
704 2628 775 2667 homo
790 2637 833 2677 per
846 2629 950 2679 aratiam
964 2639 1028 2668 sanc-

183 2691 315 2732 tificantem
333 2691 380 2731 Deo
398 2691 429 2731 sit
446 2690 659 2740 supernaturaliter
676 2690 794 2732 amabilis.
815 2691 846 2732 Ut
862 2691 934 2732 homo
951 2692 1028 2732 Deum

182 2755 316 2796 constanter
328 2755 454 2804 tamquam.
465 2750 680 2806 amicum'dtligere
693 2754 774 2806 possit,
789 2755 920 2805 requiritur
932 2755 1029 2796 habitus

183 2820 279 2860 infusus
297 2819 408 2858 caritatis.
428 2818 506 2866 Quare
524 2817 582 2858 haec
601 2819 648 2859 duo
667 2818 751 2860 intime
770 2817 833 2859 inter
850 2831 875 2860 se
894 2820 1026 2860 cohaerent.

182 2907 213 2913 —-
228 2883 307 2923 Aliam
323 2882 440 2923 rationem
454 2894 477 2922 v.
495 2893 518 2921 11.
536 2883 584 2930 473,
601 2885 625 2922 1;
647 2881 775 2930 Quodlibet
789 2883 913 2932 peccatum
929 2883 1028 2924 mortale

183 2946 379 2988 contrariatur
393 2945 493 2987 caritati.
