2214 3350
354 139 440 175 Thesis
456 136 611 193 annotantes
626 136 665 172 Dei
681 135 781 172 salvifica
959 134 995 172 529

150 246 183 286 th.
203 248 231 286 25
249 258 346 297 prorsus
370 244 532 296 universalia),
559 255 633 295 eaque
652 243 751 295 propter
767 244 884 295 ¹praevisa
908 243 994 284 merita

150 308 239 349 Christi
250 320 359 351 concessa
371 310 394 351 et
404 313 447 361 per
458 308 533 349 fidem
546 307 634 349 Christi
649 306 740 359 (saltem
752 307 902 359 implicitam)
917 306 994 358 appli-

149 372 233 413 canda.
251 373 285 413 De
301 373 469 414 iustificatione
485 371 596 412 Abrahae
613 369 662 420 agit
677 371 738 411 Rom
755 373 769 411 4
786 370 808 411 et
822 370 860 410 Iao
876 373 897 418 23
916 370 994 410 multa

150 435 258 485 exemplo
269 437 376 487 aureolae
386 436 446 487 fidei
455 435 562 476 veterum
573 433 668 485 patrum
680 434 804 475 enumerat
813 435 877 474 Hebr
887 436 921 474 11.
934 433 994 474 Tota

150 498 256 539 Traditio
269 498 376 550 agnoseit
388 505 480 539 sanctos
493 496 586 538 Veteris
599 495 750 537 Testamenti.
763 522 795 528 -—
808 497 828 547 o)
845 497 908 538 Licet
922 496 993 537 multi

149 571 178 601 ex
194 561 233 601 his
249 563 336 603 sanctis
351 562 439 603 multos
455 562 522 602 Novi
532 559 677 601 Testamenti
693 558 768 600 iustos
784 558 905 600 sanctitate
922 559 993 609 longe

150 625 321 674 superaverint,
339 625 419 665 tamen
437 624 466 665 de
485 622 590 674 generali
609 622 697 673 mattiae
717 621 892 673 dispensatione
913 632 993 662 seeun-

150 687 208 727 dum
227 688 304 728 iontes
319 687 449 729 tenendum
467 686 503 727 est
520 685 630 737 gratias
648 685 718 725 Novi
738 683 913 725 Testamenti
932 695 993 725 esse

149 750 239 791 multo
254 749 489 791 abundantiores.
507 750 585 799 Quare
600 750 625 788 in
642 748 725 789 eodem
740 746 816 789 multo
832 747 914 798 plures
929 747 993 789 inve-

149 812 250 853 niuntur
262 813 368 863 insignes
382 813 463 854 saneti.
479 811 629 853 israelitae
644 822 738 863 quoque
752 822 819 862 prae
832 809 994 861 gentilibus

148 876 262 916 maiorem
275 876 407 926 gratiarum
419 876 511 927 copiam
524 874 666 922 habuerunt,
681 886 728 915 non
742 875 820 915 solum
831 873 991 922 externarum,

122 947 125 948 ’
148 939 190 979 sed
204 939 276 979 etiarn
291 939 446 979 internarum.
461 964 493 970 -
506 938 574 979 Dicta
589 939 613 980 S.
631 938 766 989 Scripturas
781 938 804 979 et
818 936 925 987 Petrum,
941 937 993 988 qui-

148 1002 194 1042 bus
212 1002 291 1042 omnis
309 1001 386 1052 gratia
404 1002 497 1042 interna
516 1001 618 1052 tempori
636 1000 728 1042 Veteris
744 1000 888 1041 Testamenti
909 1000 992 1050 negari

148 1064 250 1112 videtur,
265 1075 294 1105 ex
308 1076 334 1105 eo
348 1064 488 1114 explicanda
502 1064 565 1108 sunt.
579 1065 643 1114 quod
655 1059 732 1114 gratia
744 1062 806 1104 tuno
815 1063 929 1114 temporis
942 1075 992 1104 aon

89 1133 90 1136 ’
148 1132 199 1166 tom
211 1126 303 1177 copiose
316 1127 418 1167 dabatur
429 1137 505 1177 oeque
519 1138 547 1166 ere
560 1126 656 1178 propria
667 1129 692 1167 oi
704 1126 816 1167 Foederis
828 1126 935 1176 Antiqui,
952 1174 953 1177 Ἰ

148 1240 203 1287 664.
240 1240 309 1284 Hisce
322 1239 501 1291 quaestionibus
513 1239 647 1280 amandatis
659 1250 722 1279 nune
736 1238 928 1280 distributionem
940 1233 992 1290 grass

147 1302 195 1343 tiae
208 1313 263 1343 oum
277 1303 306 1342 in
319 1314 422 1353 genere
435 1302 487 1342 tum
501 1303 673 1352 proximepro
688 1302 798 1343 adultis
811 1303 881 1342 Novi
896 1304 993 1343 Testa-

148 1365 237 1406 menti
253 1365 439 1406 consideramus.
466 1364 552 1406 Variae
578 1364 760 1415 distinguendae
785 1366 841 1406 sunt
866 1362 993 1407 hominum

148 1428 242 1469 alasses.
256 1429 292 1468 De
304 1427 390 1468 iustis
403 1428 451 1469 iam
465 1428 559 1477 egimus
572 1439 596 1467 n.
611 1430 651 1468 163
658 1438 682 1468 55
694 1429 718 1470 et
731 1428 765 1469 th.
781 1431 794 1469 6
808 1429 830 1469 ΙΙ
845 1429 878 1480 (11.
894 1430 935 1470 170
943 1428 989 1480 est:

148 1491 190 1531 list
207 1491 236 1531 de
252 1491 301 1532 fide
319 1490 437 1531 auxilium
460 1492 491 1531 ad
514 1492 716 1541 perseverandum
741 1492 766 1531 in
791 1493 886 1543 accepta
901 1491 993 1532 iustitia
1017 1500 1024 1509 “

148 1553 308 1594 necessarium
331 1553 393 1593 nulli
416 1554 477 1594 iusto
502 1554 621 1605 denegari⁷
641 1555 682 1595 sed
700 1553 751 1595 sine
776 1554 945 1605 specialissimo
970 1554 994 1596 et

147 1615 269 1656 rarissimo
281 1616 406 1667 privilegio
417 1617 499 1657 omnia
509 1623 605 1667 peecata
617 1611 719 1658 venialia
729 1617 800 1658 vitari
812 1629 860 1658 non
872 1629 948 1668 posse.
961 1643 994 1650 „-

147 1679 264 1720 Remanet
278 1678 352 1730 igitur
366 1680 472 1731 quaestio
486 1680 515 1721 de
530 1679 739 1731 peccatoribus.
758 1680 923 1722 Tractabimus
939 1692 992 1721 earn

148 1742 173 1781 in
188 1741 222 1782 th.
238 1744 266 1782 25
281 1753 337 1782 oum
351 1742 380 1782 in
394 1754 496 1793 genere
510 1743 563 1783 turn
578 1742 699 1794 speciatim
715 1744 795 1794 quoad
810 1744 926 1794 quosdam
940 1746 992 1795 pee-

147 1804 239 1845 eatores
250 1805 448 1855 qualificatus,
463 1816 548 1856 nempe
562 1807 584 1857 a>
600 1808 677 1857 quoad
690 1805 857 1855 obduratos,
872 1807 897 1858 b)
912 1808 992 1857 quoad

148 1867 287 1908 infideles
302 1868 475 1918 negativos·
539 1902 541 1904 .

215 2037 315 2083 Tbesis
331 2039 377 2082 25.
395 2036 459 2079 neus
474 2049 504 2078 ex
518 2038 640 2080 voluntate
656 2038 764 2080 salvifica
779 2039 905 2082 universali
917 2039 991 2087 omni=

147 2100 192 2141 bns
209 2100 295 2142 adultis
311 2100 483 2153 peccatoribus,
501 2101 574 2142 etiam
590 2101 711 2144 obduratis
727 2103 752 2143 et
767 2101 902 2145 infidelibus
918 2107 991 2156 nega

105 2218 109 2221 .
147 2162 209 2211 tivis,
224 2163 266 2203 dat
278 2163 370 2215 gratias
382 2164 467 2205 saltem
478 2165 568 2205 remote
582 2164 612 2205 ad
623 2164 818 2207 tristificationem
830 2165 989 2208 suliieientes.

149 2287 204 2329 665.
237 2290 255 2324 Ρ
267 2298 299 2334 pr.
314 2287 362 2331 23s3
375 2289 397 2324 ΙΙ
408 2298 440 2333 pr.
454 2288 483 2325 512
497 2308 521 2314 -—
531 2288 601 2325 Palm.
614 2289 644 2325 th.
657 2288 734 2326 59-61,
747 2309 771 2315 -
782 2292 848 2327 Mazz.
863 2300 884 2327 n.
899 2290 994 2328 782-796

146 2338 247 2375 aia—873.
266 2358 289 2364 -
304 2339 357 2375 Lah.
376 2349 396 2374 n.
414 2338 515 2376 261-261,
533 2350 557 2364 -’
572 2339 765 2377 Souragana-316.
783 2361 807 2366 -
822 2343 869 2378 Ber.
889 2341 989 2380 los—46.

0 2389 8 2418 “³5
86 2424 89 2428 ,
148 2410 172 2415 -
186 2391 218 2426 De
234 2392 286 2434 San,
302 2391 334 2426 De
350 2392 394 2426 Deo
410 2392 459 2427 Uno
476 2392 498 2428 ΙΙ
516 2401 536 2427 11.
558 2390 631 2427 11-17,
649 2411 673 2417 -
688 2392 812 2436 Frobzelin,
831 2394 862 2429 De
879 2394 925 2430 Deo
942 2395 992 2430 Uno

143 2442 178 2480 th.
194 2442 270 2480 47-52.
284 2461 308 2467 —-
320 2443 436 2485 Pr'eeirelli³
450 2445 481 2479 De
494 2445 540 2479 Deo
553 2445 602 2480 Uno
616 2445 636 2480 et
650 2444 718 2479 Trino
730 2453 751 2490 p.
767 2443 865 2481 raa-809.
911 2466 912 2469 =
969 2463 970 2466 =

220 2545 260 2590 st.
276 2525 323 2602 qu.
343 2526 362 2585 1.
378 2544 470 2587 Nexum
486 2559 509 2587 v.
526 2550 594 2587 nqio
610 2550 650 2588 aaa
665 2538 713 2588 aar.

146 2660 204 2701 666.
240 2662 261 2700 2.
281 2657 379 2700 Sensus.
398 2660 420 2711 a)
441 2660 582 2701 Voluntas
600 2660 735 2712 salvifica
752 2663 802 2703 Dei
820 2663 855 2703 est
872 2663 990 2711 voluutas,

147 2733 196 2772 qua
211 2722 261 2762 suis
278 2721 392 2762 creaturis
409 2722 567 2765 rationalibus
585 2725 647 2765 Deus
663 2725 715 2765 auli
733 2726 835 2766 salutem
852 2726 992 2776 supernatu-

147 2784 231 2833 ralem,
246 2785 262 2825 i.
277 2796 297 2825 e.
312 2785 414 2835 aleriam
426 2785 454 2826 ut
466 2785 542 2827 finem
555 2787 579 2828 et
590 2788 693 2838 qratiam
705 2788 732 2829 ut
745 2788 859 2829 medium.
875 2789 992 2830 115111111-

145 2848 282 2896 versalis,
299 2849 416 2898 quatenus
431 2847 499 2889 nulla
513 2860 542 2889 ex
558 2849 597 2890 1115
610 2851 882 2892 creaturis-excluditur.
899 2851 991 2892 Intelle-

147 2910 214 2961 gitur
229 2910 341 2951 voluntas
360 2918 407 2950 non
430 2911 599 2960 metaphorica,
619 2913 727 2963 exterior,
746 2913 808 2965 signi
830 2914 932 2962 tanturn,
949 2913 991 2954 'sed

190 3006 250 3036 Laron,
261 3007 285 3032 De
296 3006 357 3032 Gratia.
934 3009 956 3037 34
