2214 3350
163 163 201 217 528
372 179 426 215 Sect.
445 178 481 214 VI.
499 180 530 215 De
548 178 703 234 distributione
718 178 804 223 gratiae

164 287 266 329 salutem
283 287 414 328 infantium
432 287 485 329 vult
502 287 546 327 sub
564 287 708 334 condicione,
727 286 755 327 ut
768 280 797 334 ii,
817 296 919 339 quorum
938 287 1009 326 curae

162 349 284 391 commissi
296 350 359 398 sunt,
373 354 415 391 suo
426 361 475 391 non
485 350 563 391 desint
572 349 647 390 officio
658 360 735 400 neque
746 348 849 400 ponatur
858 348 1008 390 obstaculum

164 413 268 464 reputari
277 419 378 453 naturae
388 425 459 454 eursu
467 425 543 464 neque
554 412 675 452 communi
685 411 768 451 ordine
779 412 902 463 repiminis
913 411 1007 467 mundi.

161 539 219 580 aar.
253 539 296 575 Sed
311 549 362 575 curn
377 541 411 576 De
428 539 482 576 San
496 538 568 584 potest
584 536 670 583 urgeri:
689 537 748 572 Deus
763 537 852 573 eftectus
869 536 1007 573 necessarios

162 590 239 635 legum
249 590 401 636 physicarum,
414 599 470 635 quas
482 590 529 635 ipse
542 588 603 625 solus
615 588 720 631 condidit,
733 597 780 624 non
790 588 898 635 permittit
910 589 1006 631 tantum,

165 643 203 678 sed
221 643 314 688 positive
332 643 463 686 outthrgo
481 641 613 686 apponendo
631 640 699 676 talem
714 641 865 676 condicionem
882 640 931 687 ipse
949 642 1008 676 Deus

163 694 262 740 impedit,
276 694 394 739 quominus
406 703 448 729 sua
458 693 484 728 in
494 692 566 729 salute
579 693 678 728 omnium
690 691 835 738 parvulorum
847 692 1008 737 complacentia

163 745 245 789 evadat
255 746 314 781 seria
324 745 433 781 uoluntas.
446 746 505 781 Deus
516 745 581 790 quasi
592 744 685 781 diceret:
701 744 783 780 «Volo
794 743 931 789 baptismum
940 744 1008 779 buius

163 799 265 841 infantis,
284 799 376 840 donec,
394 797 488 832 volendo
504 796 561 833 istas
577 796 638 840 leges
654 795 766 842 physicas,
785 796 865 832 velim
882 795 1009 842 impossi-

163 850 300 886 bilitatem
319 849 418 885 eiusdem
437 847 569 895 baptismi»,
589 848 636 886 vei:
657 848 816 894 «Baptismum
835 848 941 891 vellem,
962 847 1008 883 uisi

162 902 242 937 vellem
256 902 322 945 leges,
338 909 395 945 quae
409 900 570 945 impossibilem
584 900 681 936 reddunt
695 900 836 946 baptismum.
846 914 857 934 »
872 900 940 945 Atqui
955 899 1007 935 talis

161 952 290 989 velleitas
302 961 348 987 non
360 952 392 988 est
404 953 463 988 seria
475 951 584 988 voluntas.
598 970 622 977 —
632 952 830 997 Respondetur:
846 953 867 999 a]
879 951 1008 989 Secundum

161 1004 298 1048 theologiam
313 1004 421 1039 moralem
436 1004 523 1049 hom-o,
541 1003 561 1039 si
577 1002 640 1039 adest
656 1012 725 1039 causa
741 1002 907 1049 proportionale
924 1004 1006 1048 gravis,

162 1056 234 1101 potest
248 1055 339 1091 honeste
353 1055 408 1090 velle
424 1064 517 1091 causam
531 1055 681 1091 necessariam
694 1056 715 1090 et
730 1064 801 1090 unum
817 1054 919 1090 eflectum
934 1064 1007 1091 neces-

162 1107 249 1143 sarium
264 1108 348 1143 bonum
365 1107 474 1152 simulque
498 1106 624 1152 permittere
647 1106 742 1148 tantum,
766 1115 812 1142 non
833 1106 927 1153 positive
944 1107 1006 1149 velle,

163 1159 259 1194 aiterum
271 1158 376 1203 effectum
389 1159 480 1201 mulum,
495 1158 547 1194 lieet
560 1159 611 1204 pari
623 1158 754 1194 necessitate
770 1169 795 1195 ex
809 1167 878 1195 causa
893 1158 1006 1203 sequatur.

161 1210 221 1254 Ergo
231 1210 290 1245 idern
301 1210 328 1256 de
341 1211 393 1246 Deo
404 1210 523 1245 dicendum
534 1210 628 1245 videtur.
640 1228 664 1235 -
675 1210 697 1255 b)
709 1209 751 1246 ÷Cui
764 1208 805 1245 hoc
817 1217 949 1254 responsum
960 1218 1007 1244 non

162 1261 280 1312 satipiacit,
293 1261 366 1307 potest
377 1270 427 1297 cum
440 1262 537 1298 Straub
549 1261 611 1297 aliud
623 1261 687 1299 dare:
701 1263 772 1297 Deum
783 1270 828 1296 non
838 1261 932 1307 positive
943 1260 1006 1305 velle,

161 1315 203 1351 sed
210 1310 345 1360 *permittere
361 1313 450 1349 tantum
466 1313 557 1358 aliquod
572 1313 657 1349 malum
674 1312 792 1360 physicum
807 1323 833 1349 ex
849 1322 919 1349 causa
934 1322 1006 1349 neces-

162 1366 225 1402 saria
235 1366 374 1411 proveniens,
386 1365 465 1400 saltem
473 1365 498 1400 in
508 1373 534 1400 eo
545 1374 600 1400 casu
609 1365 667 1400 recte
679 1365 766 1407 dicitur,
779 1366 873 1410 quando,
885 1365 911 1401 ut
921 1364 1008 1412 malum

162 1428 188 1453 ex
202 1427 270 1453 causa
283 1417 410 1453 necessaria
423 1417 535 1462 sequatur,
550 1416 701 1461 requiritur
714 1424 839 1452 accessus
854 1415 946 1452 alterius
960 1417 1006 1452 sive

160 1478 243 1505 carisae
258 1470 304 1504 sive
318 1469 454 1504 condicionis
469 1470 496 1504 ab
510 1468 601 1503 homine
614 1468 698 1504 libere
713 1468 857 1514 apponendae
874 1468 920 1513 (ubi
935 1468 1006 1504 libera
1043 1500 1044 1503 ,

160 1521 277 1557 creaturae
291 1521 349 1556 actio
362 1529 407 1556 non
417 1520 555 1565 intellegitur
568 1528 654 1566 semper
666 1519 781 1556 moraliter
793 1520 854 1556 mala
867 1520 914 1557 sive
927 1520 1007 1565 imper-

161 1572 234 1617 fecta).
249 1572 284 1608 Sic
297 1581 343 1607 non
356 1574 388 1608 est
400 1582 495 1614 neeesse,
509 1573 534 1608 ut
546 1573 605 1608 Deus
618 1580 704 1618 semper
716 1572 809 1617 positive
822 1572 937 1608 intendere
948 1572 1006 1608 dica-

160 1625 199 1659 tur
212 1624 287 1659 omnia
299 1623 359 1659 mala
374 1623 473 1670 physica,
489 1633 545 1669 quae
558 1624 686 1659 heulinibus
699 1633 718 1660 v.
733 1632 753 1668 g.
768 1634 796 1660 ex
809 1624 900 1669 aliquo
915 1625 1005 1660 terrae

161 1675 233 1711 motu
245 1675 377 1719 contingant
391 1675 558 1722 (potestatique
572 1685 599 1711 ea
610 1675 731 1719 intendere,
744 1685 764 1711 v.
780 1685 799 1721 g,
815 1677 839 1711 in
850 1685 946 1721 poenam
958 1684 1006 1720 pec-

160 1727 277 1772 catorum).
293 1727 335 1763 Isti
348 1727 449 1763 homines
460 1727 546 1763 libere
559 1727 585 1762 in
599 1736 625 1764 ea
637 1727 710 1763 terrae
724 1728 794 1773 parte,
810 1737 865 1773 quae
879 1728 943 1763 motu
957 1736 1006 1763 con-

160 1780 250 1822 cutitur,
264 1780 339 1815 sedem
349 1779 444 1815 fixerunt
455 1779 490 1814 vel
503 1779 583 1815 saltem
595 1780 634 1815 alii
646 1789 683 1816 eos
695 1779 763 1816 libere
775 1780 856 1815 ibidem
869 1779 1003 1816 detinebant.

160 1832 207 1867 Hoc
221 1831 296 1867 autem
308 1840 376 1867 sensu
388 1831 412 1866 in
425 1840 479 1867 casu
491 1831 580 1876 parvuli
592 1833 639 1867 sine
652 1831 763 1877 baptismo
775 1831 890 1867 morientis
902 1840 1006 1877 semper

159 1883 272 1928 aliquod
289 1883 405 1918 intercedit
424 1883 537 1919 humanae
554 1882 695 1919 libertatis
713 1881 872 1919 exercitium
892 1884 919 1929 (v.
940 1892 959 1927 g.
980 1883 1006 1917 in

161 1934 213 1970 actu
227 1934 392 1980 conceptionis).
416 1934 527 1971 Paruulus
548 1934 619 1980 igitur
639 1935 730 1970 nonnisi
744 1945 784 1981 per
799 1944 891 1971 eausam
907 1935 1005 1971 creatam

159 1985 228 2022 libere
245 1986 348 2030 agentem
370 1986 467 2021 influxui
489 1995 610 2022 causarum
632 1986 771 2023 naturalium
788 1989 862 2023 a'Deo
879 1986 1005 2034 positarum

160 2037 213 2073 actu
227 2038 371 2074 submittitur.
386 2039 445 2083 Ergo
460 2040 519 2075 Deus
531 2038 617 2074 malum
631 2039 757 2074 secuturum
774 2039 933 2084 permittere
946 2039 1005 2074 tan-

161 2090 216 2124 tum
233 2090 290 2125 recte
307 2089 351 2125 dict
368 2089 446 2135 potest,
464 2099 535 2134 neque
552 2090 656 2126 voluntas
676 2091 723 2126 eius
743 2090 842 2127 salvifica
860 2091 939 2127 exinde
957 2091 1005 2126 red-

161 2140 221 2175 ditur
235 2140 307 2176 irrita.

160 2254 216 2295 663,
251 2253 295 2294 ΙΙΙ.
317 2253 370 2294 Alia
388 2253 495 2305 quaestio
513 2254 622 2305 specialis
640 2254 773 2296 instituitur
791 2256 819 2311 de
838 2255 1004 2297 distributione

160 2316 293 2367 gratiarum
308 2315 333 2358 in
349 2316 434 2358 Vetere
450 2316 605 2359 Testamenta
624 2319 651 2370 (P
669 2319 689 2359 V
705 2330 741 2368 prr
760 2319 787 2358 47
795 2319 823 2370 s).
840 2319 863 2370 a]
883 2318 1004 2369 Propria

159 2380 266 2421 virtute
280 2379 373 2421 nullam
387 2380 461 2422 Vetus
471 2382 519 2421 Lex
531 2380 667 2422 conferebat
680 2381 781 2432 gratiam
794 2380 921 2423 internam.
937 2383 964 2423 id
979 2382 1004 2422 in
1076 2377 1077 2380 ’

158 2444 272 2484 omnibus
284 2444 333 2484 iere
345 2443 454 2495 epistulis
466 2444 533 2485 docet
546 2445 569 2485 S.
584 2444 700 2493 Peuma,
715 2445 854 2494 praesertim
866 2446 935 2494 Rom,
951 2445 1002 2493 Gal,

158 2508 230 2548 Hebr.
248 2507 371 2558 Pelagiani
386 2509 450 2559 quod
467 2509 528 2548 hanc
546 2508 636 2549 Veteris
654 2521 668 2550 a
684 2509 749 2550 Novo
767 2509 916 2551 'testamento
934 2510 1003 2551 difie-

160 2571 261 2613 rentiam
277 2583 323 2612 non
340 2572 397 2613 satis
413 2572 540 2619 servarent,
559 2584 573 2612 a
591 2572 613 2611 S.
631 2571 791 2622 Augustino
808 2572 909 2623 aliisque
926 2572 1003 2614 catho-

158 2634 212 2674 licis
229 2634 381 2675 vehementer
398 2633 603 2686 impugnabantur
622 2635 653 2685 (v.
673 2647 694 2686 g.
714 2635 783 2687 nup„
802 2636 836 2675 De
854 2647 890 2687 sp.
908 2642 931 2676 et
948 2635 1001 2686 liti,

160 2698 193 2736 De
210 2698 281 2748 pestis
297 2698 396 2749 Priapi.
416 2692 618 2739 Tridentinum
636 2708 655 2738 s,
674 2702 687 2739 6
705 2709 756 2748 cap.
776 2701 787 2739 i
809 2699 850 2750 (Dr
868 2700 918 2750 793)
937 2699 1003 2740 docet

159 2762 260 2802 ludaeos
275 2773 318 2811 per
335 2762 438 2803 litteram
456 2761 525 2812 begis
542 2762 618 2812 Mopsi
636 2775 649 2803 a
667 2762 778 2804 servitute
796 2762 885 2813 peccati
902 2763 972 2814 atque
989 2775 1003 2803 a

160 2825 273 2876 potestate
287 2825 376 2866 diaboli
388 2838 415 2867 ae
430 2825 514 2866 mortis
528 2836 622 2876 surgere
638 2837 686 2866 non
700 2825 811 2875 potuisse.
826 2853 858 2858 -—
871 2827 896 2878 b)
913 2828 1002 2868 Tamen

159 2888 299 2929 hominibus
317 2888 369 2929 ante
389 2889 474 2939 Legem
494 2888 517 2929 et
534 2889 578 2928 sub
598 2889 657 2940 Lege
676 2889 812 2930 viventibus
832 2901 887 2930 non
907 2889 1003 2930 deerat

158 2951 252 3002 gratia
269 2951 299 2991 ad
316 2950 416 2991 salutem
432 2952 623 3001 consequendam
640 2952 794 2992 sufficiens
813 2954 843 3004 (v.
862 2953 1003 3003 argumenta
