2214 3350
190 165 232 202 328‘
312 166 365 202 Sect.
378 167 417 202 III.
431 167 476 202 Art.
491 167 519 202 ll.
532 168 564 202 De
577 166 640 201 donis
652 167 676 201 in
684 164 845 202 iustificatione
858 166 916 202 datis
973 159 976 166 ¹

188 273 244 315 4411,
263 272 341 310 Schol.
354 274 376 310 3.
399 273 503 311 AmiciiIa
521 274 579 309 inter
591 276 662 310 Deum
674 274 694 310 et
705 274 824 315 hominem,
839 282 895 319 quae
908 274 941 310 est
954 285 965 305 a
973 282 1037 309 amor

189 327 282 360 mutuas
298 325 461 361 benevolentiae
478 326 558 370 efficax
573 328 593 361 et
607 326 740 371 malitiatur
749 339 767 369 n,
784 325 994 361 formaliteroritur
1009 335 1035 361 ex

190 377 282 421 gratia
303 377 462 420 sanctificante,
484 378 594 422 quatenus
615 377 669 413 haec
690 386 731 413 nos
752 379 797 413 Deo
817 377 899 413 reddit
911 377 1037 413 amicaliter

189 429 304 471 amabiles,
320 429 430 475 simulque
445 432 472 465 ex'
485 429 602 465 caritate
617 430 699 472 intusa,
716 438 761 473 qua
776 439 801 465 ex
815 430 893 464 nostra
907 429 971 474 parte
986 428 1033 474 apti

188 480 304 516 reddimur
316 482 345 517 ad
357 482 427 517 Deum
439 480 563 516 amicaliter
576 481 745 523 redamandum
758 490 777 516 V.
793 482 810 516 P
823 480 876 516 VIII
888 490 920 526 pr.
935 480 960 516 43
971 490 1033 527 prae-

188 532 266 567 sertim
278 542 299 568 n.
315 533 357 576 589;
372 533 420 568 Vtil.
435 542 456 567 11.
472 532 623 576 89—10a13er.
640 542 660 569 n.
676 531 770 569 829-841
786 533 820 578 (ci.
836 534 904 569 etiam
917 542 938 568 n.
953 531 990 568 453
1003 532 1030 577 o).

186 601 210 608 —
225 585 257 619 De
272 583 380 620 relatione
391 584 485 619 animae
501 584 574 619 iustae
591 585 620 620 ad
637 586 707 620 Deum
723 585 748 620 ut
763 593 862 630 sponsae
882 585 911 620 ad
928 592 1035 630 sponsum

188 644 207 671 v.
223 636 241 671 P
255 635 307 671 ibid.
321 645 342 672 n.
358 635 418 679 587s;
433 635 522 671 Villacla
535 645 556 671 n.
572 634 671 672 tei-124.

186 742 356 784 dilatentur.
372 743 394 779 4.
416 742 609 780 scholasticorum
630 742 773 780 differentias
794 742 932 780 doctrinales
961 743 1034 789 quoad

188 795 279 831 eftectus
296 794 401 830 formales
419 795 506 839 gratiae
525 794 685 831 sanctiticantis
705 794 850 840 Scheeben‚
870 796 946 840 Dopm.
967 797 988 831 II
1007 804 1029 830 n
1053 829 1054 832 ,

186 845 223 883 807
230 856 247 890 s,
261 847 292 882 sic
306 847 410 893 explicat:
428 845 541 882 Thomas
554 846 649 882 maxime
664 847 726 883 effert
739 849 834 882 naturae
849 849 935 882 creatae
951 847 1031 882 eaalta-

188 898 277 941 tionem,
292 907 359 943 quam
372 898 457 934 confert
470 898 577 934 nativitas
593 908 618 934 ea
630 899 681 934 Deo.
697 899 812 934 Eiusmodi
825 897 911 943 filiatio,
926 899 951 933 in
964 899 1031 945 parti-

186 950 297 995 cipatione
314 950 402 986 divinae
420 950 515 985 naturae
533 950 634 992 fundata,
654 951 684 986 ad
701 951 795 987 eandem
812 960 863 986 cum
880 951 924 986 Deo
942 950 1032 995 generis

186 1001 325 1037 nobilitatem
342 1001 413 1038 elevat
431 1001 682 1049 (Gottebeabdrttplcett).
701 1021 725 1028 -
741 1002 932 1038 Bonaventura
949 1003 1031 1047 prima-

185 1053 220 1087 rio
236 1052 326 1098 respicit
348 1061 456 1097 personae
481 1054 619 1097 dIgnitatem,
644 1063 711 1098 quam
734 1051 852 1089 anima'in
870 1063 975 1098 sponsam
991 1054 1031 1089 Dei

187 1105 304 1150 assumpta
319 1104 400 1148 induit
417 1115 443 1140 ex
459 1115 504 1150 qua
520 1106 628 1150 dignitate
644 1107 695 1141 iura
712 1105 838 1151 adoptionis
855 1105 948 1148 derivat3
965 1106 1031 1140 inter-

186 1166 241 1193 nam
254 1167 306 1193 vero
318 1158 413 1194 naturae
428 1158 600 1193 deiformitatem
613 1158 686 1203 magis
700 1157 826 1193 considerat
840 1158 955 1202 tamquam
969 1166 1033 1193 mun-

186 1209 240 1245 dum
258 1209 382 1255 nuptialem
407 1208 608 1256 (Braatscamuctp
633 1218 700 1255 opera
724 1205 783 1246 vitae
807 1208 986 1255 supernaturalis
1011 1209 1031 1244 ei

185 1261 238 1296 sunt
252 1261 317 1305 quasi
330 1261 416 1297 fructus
431 1271 457 1296 ex
471 1262 512 1296 hoc
526 1261 669 1297 matrimonio
684 1261 797 1307 spirituali
811 1260 916 1306 generati.
932 1280 956 1286 -
971 1261 1029 1297 Sco-

185 1313 239 1356 tus,
256 1313 402 1349 relationibus
417 1313 458 1347 lilii
475 1314 496 1348 et
512 1322 607 1358 sponsae
623 1312 735 1357 neglectis,
754 1313 837 1348 statum
853 1312 939 1357 gratiae
955 1313 1032 1358 potius·

185 1366 211 1400 ut
227 1373 312 1400 meram
328 1365 451 1400 amicitiam
467 1364 569 1410 concipit,
588 1365 730 1409 adoptionem
745 1364 821 1400 autem
837 1374 888 1400 oum
903 1366 952 1400 iure
969 1364 1032 1400 here-

186 1416 264 1451 ditatis
278 1416 394 1461 tamquam
408 1425 520 1452 annexum
536 1417 647 1461 quoddam
661 1416 777 1452 externum
791 1417 859 1452 addit.
877 1416 912 1453 Sic
928 1416 1031 1452 internus

184 1467 248 1503 valor
260 1468 365 1512 vigorque
378 1468 464 1511 gratiae
476 1468 593 1511 minuitur,
607 1467 702 1503 actualis
716 1468 799 1504 caritas
811 1477 882 1513 paene
894 1469 967 1512 magis
980 1477 1029 1512 gra-

184 1519 273 1555 tificans
287 1519 380 1565 apparet
393 1528 461 1564 quam
475 1520 558 1555 donum
571 1519 693 1563 habituale;
708 1529 777 1564 quare
791 1520 890 1555 iustitiae
903 1519 1029 1555 inhaerenti

183 1570 248 1615 savar
259 1572 362 1605 externas
373 1571 419 1606 sive
431 1571 553 1616 acceptatio
565 1570 641 1619 divina
652 1572 677 1607 ut
689 1571 822 1607 elementum
833 1573 910 1616 magni
922 1572 1028 1607 momenti

185 1623 238 1658 addi
257 1622 338 1658 debuit.
357 1641 381 1647 -
398 1622 513 1658 Paulatim
530 1622 605 1667 gratia
624 1622 767 1658 sanctificans
786 1623 815 1659 ad
834 1632 921 1658 meram
940 1623 1031 1666 stanam

182 1673 234 1719 plus
255 1674 356 1709 minusve
379 1674 524 1709 arbitrarium
545 1675 618 1710 factae
641 1674 768 1720 adoptionis
789 1675 941 1710 reducebatur.
967 1675 1027 1718 Quae

183 1727 257 1762 forma
272 1727 385 1762 doctrinae
400 1727 546 1771 degeneratae
560 1727 692 1772 praesertim
706 1727 732 1761 in
747 1726 907 1762 Occamistis
922 1727 1026 1762 cernitur.

183 1797 207 1804 -
219 1778 408 1814 Protestantes
421 1779 512 1814 tandem
524 1778 637 1813 internam
650 1778 816 1814 renovationem
829 1778 926 1814 bominis
940 1779 1031 1822 penitus

182 1840 194 1865 e
213 1830 314 1866 doctrina
330 1829 496 1866 iustificationis
515 1829 686 1866 eliminaverunt
704 1830 753 1866 sola
770 1830 809 1866 Dei
828 1829 974 1875 imputatione
994 1840 1027 1865 ex-

150 1890 151 1895 *
181 1882 247 1917 terna
261 1881 347 1918 retenta
364 1881 397 1928 (cf.
414 1890 435 1917 n.
452 1880 504 1927 364).

259 2061 358 2106 Tlresr's
372 2062 414 2106 16.
459 2061 487 2102 In
515 2060 685 2102 iustificatione
714 2061 800 2102 donum
828 2060 959 2102 increatum
987 2061 1027 2101 da=

182 2126 221 2167 tur
248 2123 348 2178 Spiritus
375 2122 487 2172 Sanctus,
514 2122 538 2165 in
564 2123 643 2165 anima
669 2124 792 2176 tamquam
818 2122 842 2165 in
869 2132 912 2165 suo
939 2124 1029 2177 templo

181 2187 326 2229 inhabitans
344 2186 410 2229 liaeo
426 2197 487 2228 nova
503 2185 594 2234 relatio,
614 2186 679 2228 cuius
695 2185 877 2228 fundamentum
893 2187 931 2227 est
948 2186 1027 2238 gratia

182 2251 272 2299 ereata,
299 2249 425 2303 praecipue
452 2249 582 2302 explicatur
608 2260 650 2302 per
676 2249 828 2291 essentialem
855 2247 1027 2291 ordinationem

182 2313 276 2365 gratiae
289 2313 313 2354 in
326 2312 409 2360 Deum,
425 2312 461 2354 uti
475 2313 512 2353 est
526 2312 550 2354 in
563 2322 598 2361 se,
615 2313 737 2365 tamquam
751 2312 870 2354 obiectum
885 2312 1028 2364 cognitionis

182 2377 207 2417 et
226 2376 312 2417 amoris
330 2375 517 2428 supernaturalis
536 2375 629 2416 animae
646 2375 728 2417 lntime
747 2376 906 2427 praesentem.
1097 2381 1099 2383 ’

121 2484 125 2486 ’
180 2491 237 2531 442.
270 2493 287 2527 Ρ
304 2492 325 2526 II
341 2500 373 2536 pr.
393 2490 416 2527 89
424 2500 439 2526 s.
458 2510 481 2515 -
498 2490 591 2534 Villada
610 2492 641 2526 De
659 2491 772 2526 effectibus
789 2489 921 2526 formalibus
938 2490 1024 2534 gratiae

180 2542 303 2579 habitualis
322 2552 343 2578 n.
367 2540 466 2580 125-138.
487 2561 511 2567 -
531 2543 578 2578 Ber.
601 2541 700 2578 ete-909.
723 2561 747 2567 —
766 2541 832 2577 Maza.
857 2540 980 2579 toea-1066.
1003 2560 1028 2567 -

179 2594 305 2636 Fraazelta,
319 2595 349 2630 De
361 2595 406 2630 Deo
418 2594 477 2629 trino
489 2593 519 2629 th.
534 2593 581 2629 aas.
594 2613 618 2619 —
629 2593 748 2638 Scheebea
761 2595 837 2638 Dogm.
852 2595 875 2629 II
887 2602 908 2630 n.
923 2592 1022 2630 832-884.

179 2665 203 2671 -
214 2644 268 2681 a-B.
284 2646 380 2689 Tarraca,
395 2647 427 2681 La
440 2646 506 2690 grace
519 2646 540 2681 et
552 2645 576 2680 la
588 2645 658 2690 gleire
672 2646 682 2691 I
696 2645 710 2681 1.
725 2643 777 2681 l—t.
792 2664 816 2670 -
827 2646 877 2680 Aat.
894 2645 978 2689 Schola,
993 2646 1026 2681 De

179 2697 342 2733 inhabitatione
355 2698 390 2742 Sp.
405 2698 425 2734 S.
441 2697 588 2742 (wirceburgi
600 2696 662 2743 1854).
675 2716 699 2722 -
709 2698 733 2733 P.
748 2696 905 2742 liberaverim,
918 2699 949 2733 De
961 2696 1024 2739 inha-

178 2749 287 2784 bitatione
301 2748 335 2793 Sp.
352 2749 371 2785 S.
385 2748 410 2784 in
422 2749 541 2784 animabus
553 2748 663 2784 iustorum
678 2748 781 2793 (Tornaci
794 2747 856 2794 1890).
870 2767 894 2772 -
904 2750 928 2784 B.
943 2749 1024 2793 Fropet

180 2801 204 2836 Ο.
224 2801 257 2843 P,
277 2802 309 2836 De
326 2799 475 2836 l'habitation
493 2800 525 2835 du
544 2801 564 2837 S.
586 2801 701 2845 Esprit...
724 2802 743 2837 d'
752 2801 816 2845 apres
835 2799 860 2836 la
879 2799 978 2837 doctrine
998 2801 1026 2836 de

180 2853 200 2889 S.
218 2852 314 2888 Thomas
331 2852 404 2897 (Paris
420 2851 474 2896 189&
490 2851 557 2887 etiam
571 2852 596 2887 in
610 2852 727 2888 ReoThom
743 2850 851 2897 1896—98).
874 2871 898 2876 -
918 2852 941 2889 G.
958 2852 1021 2896 Petl,

180 2904 221 2940 Die
239 2903 394 2948 Beziehungen
412 2904 451 2939 der
468 2903 516 2940 diei
534 2902 594 2948 gotti.
615 2904 729 2939 Personen
746 2904 812 2939 unter
830 2904 878 2939 sich
895 2913 916 2940 u.
936 2914 964 2939 zu
982 2905 1026 2940 den

179 2955 276 2991 Werken
292 2955 367 2991 Gottes
382 2955 416 2991 ΙΙΙ
434 2955 507 3000 (Katb.
525 2955 550 2992 80
566 2955 634 3001 [1900]
653 2957 675 2991 Π
691 2956 800 3002 513-526).
817 2975 841 2981 —
857 2957 880 2992 P.
899 2958 922 2992 Α.
941 2957 1025 2991 Dorsaa
