2214 3350
278 169 354 204 Thesis
372 168 400 204 10.
418 168 485 204 Actus
502 167 616 202 entitative
634 164 816 211 supernaturales
936 161 972 199 203

125 276 247 327 imprimis
260 277 455 328 theologicarum,
473 275 564 315 iniusi
580 275 652 324 idque
668 285 712 325 per
727 285 757 321 se,
775 272 791 313 i.
808 284 828 314 e.
846 273 887 323 qui
903 272 971 312 nullo

124 342 194 382 modo
207 341 348 383 naturaliter
360 341 460 392 acquiri,
475 341 515 381 sed
530 340 579 380 sola
592 338 674 380 divina
688 337 808 378 infusione
822 337 905 377 haberi
919 347 971 387 pos-

124 405 186 454 sunt,
205 429 238 435 —
256 406 278 447 et
296 405 423 447 actualia
441 404 551 456 gratiae
571 403 692 452 auxilia,
713 414 775 453 quae
794 402 926 443 consistunt
945 403 970 441 in

123 472 205 522 aliquo
219 470 357 512 transeunte
371 471 469 511 influxu
484 470 529 510 Dei
544 468 721 520 supernaturali
737 467 762 507 in
779 468 885 508 animam
903 477 970 517 supe-

123 536 211 576 riorem
230 534 278 577 sive
297 536 322 576 in
341 536 422 586 aliqua
442 534 578 576 transeunte
598 532 774 574 illuminatione
795 531 929 572 intellectus
949 531 971 570 et

123 599 278 651 inspiratione
300 600 437 642 voluntatis.
462 598 612 640 Discussione
635 598 748 639 ulteriore
771 597 800 637 de
824 607 924 637 numero
949 594 971 636 et

123 665 208 706 natura
227 666 314 706 horum
333 664 480 706 auxiliorum
499 662 659 704 habitualium
680 663 704 703 et
722 661 859 702 actualium
873 660 970 701 interim

123 730 263 771 transmissa
278 731 308 782 (v.
324 729 358 770 th.
374 732 440 770 1318
455 732 481 770 19
495 740 550 769 cum
564 727 668 780 scholiis)
686 727 827 768 asserimus:
847 724 970 776 Quidquid

122 794 284 845 superioribus
300 794 394 835 animae
410 793 564 835 facultatibus
580 793 704 844 tamquam
721 790 888 831 immediatum
904 790 969 841 prin-

122 859 212 910 cipium
225 859 347 900 habituale
359 859 397 899 uel
411 858 503 900 actuale
517 858 614 899 actuum
628 857 771 899 salutarium
786 855 903 897 divinitus
916 866 969 895 con-

122 924 205 972 fertur,
230 923 266 964 est
289 922 411 965 entitative
428 924 453 965 et
472 921 612 974 simpliciter
630 920 813 973 supernaturale
837 921 898 962 sicut
923 919 969 971 ipsi

122 989 188 1029 actus
206 987 321 1029 salutares
338 988 361 1048 et
378 987 455 1038 gratia
473 987 626 1037 sanctificans
645 989 681 1039 (ac
700 986 798 1027 tandem
816 986 888 1027 etiam
908 985 969 1026 sicut

122 1053 187 1094 actus
203 1052 302 1094 visionis
319 1053 411 1094 facialis
428 1053 451 1094 et
468 1053 551 1093 lumen
567 1052 674 1103 gloriae).
692 1077 724 1083 —
740 1052 768 1091 ln
784 1051 846 1092 thesi
863 1050 968 1091 maxime

0 1096 2 1151 J:
48 1161 50 1167 ‚
121 1118 266 1159 attendimus
278 1118 309 1158 ad
323 1123 389 1157 actus
403 1117 526 1166 salutares,
542 1117 571 1157 de
585 1117 674 1167 quihus
687 1115 840 1167 potissimum
853 1115 969 1166 agebatur

121 1182 287 1223 controversia.
305 1181 431 1222 Occasione
448 1181 504 1222 data
520 1180 653 1222 necessaria
668 1181 697 1222 de
714 1180 836 1220 habitibus
851 1180 876 1221 et
891 1178 968 1231 qratia

120 1247 207 1287 actuali
226 1247 356 1288 adduntur.
377 1245 455 1287 Facile
474 1246 539 1287 enim
558 1245 675 1287 constabit
695 1246 724 1286 de
743 1244 967 1302 supernaturalitate

121 1323 212 1360 causae,
232 1312 274 1352 uhi
292 1312 399 1363 primum
417 1309 632 1362 supernaturalitas
649 1310 749 1361 effectus
767 1309 868 1360 probata
886 1307 966 1350 tuerit.

188 1398 252 1447 Quid
271 1398 302 1439 sit
320 1397 543 1448 supernaturale
561 1395 714 1438 entitative
733 1396 760 1437 et
780 1394 966 1447 simpliciter,

119 1474 148 1503 ex
161 1474 184 1502 n.
199 1465 259 1503 255s
268 1463 294 1504 ,et
305 1474 335 1502 ex
349 1461 397 1502 tota
409 1461 443 1502 th.
459 1465 472 1503 9
486 1462 534 1502 iam
548 1461 646 1502 constat.
662 1461 709 1502 Sed
722 1459 836 1512 specialia
849 1461 967 1512 quaedam
1032 1460 1037 1468 '

119 1527 149 1567 de
166 1525 389 1577 supernaturalitate
406 1525 508 1567 alicuius
526 1532 592 1566 octus
609 1527 689 1567 vitulis
706 1526 885 1577 praemonenda
903 1524 965 1566 sunt.

118 1590 190 1631 Actus
203 1590 361 1631 intellectivus
374 1590 397 1631 et
408 1589 521 1631 volitivus
534 1590 570 1631 est
583 1590 693 1631 accidens
706 1589 828 1642 quoddam
843 1590 966 1641 spirituale

119 1655 220 1703 animae,
236 1666 282 1705 quo
296 1654 394 1705 aliquod
408 1654 528 1695 obiectum
542 1654 692 1704 cognoscitur
706 1654 743 1696 vel
758 1654 881 1704 cognitum
895 1666 966 1705 appe-

118 1719 183 1759 titur.
199 1719 261 1759 Hinc
275 1720 328 1759 eius
342 1718 498 1769 proprietates
513 1719 658 1760 considerari
673 1719 774 1770 possunt
789 1719 839 1760 tam
853 1731 883 1760 ex
898 1719 966 1770 parte

57 1833 58 1836 Ἰ
118 1783 256 1831 subiectior,
274 1783 346 1835 prout
362 1783 428 1824 actus
444 1784 481 1824 est
498 1784 595 1834 aliquod
613 1784 750 1825 absolutum
767 1795 810 1825 ens
829 1785 964 1836 physicum,

118 1848 181 1898 quod
196 1847 224 1888 ut
239 1847 348 1889 accidens
363 1846 481 1898 potentiae
497 1847 592 1888 animae
608 1848 731 1899 tamquam
748 1859 791 1888 suo
808 1848 913 1889 subiecto
930 1849 965 1888 in-

118 1906 205 1960 haeret,
218 1923 291 1962 quam
302 1923 332 1952 ex
343 1911 410 1962 parte
421 1912 544 1960 abiectior,
558 1913 630 1963 prout
641 1912 714 1953 simul
726 1912 762 1954 est
773 1923 817 1954 ens
828 1913 964 1961 relativum,

117 1975 181 2026 quod
193 1976 302 2017 versatur
314 1976 376 2016 circa
389 1975 487 2026 aliquod
499 1977 619 2017 obiectum
632 1977 756 2027 tamquam
770 1977 901 2018 terminum
916 1978 965 2018 sive

118 2039 260 2090 cognitionis
277 2039 327 2081 sive
343 2039 466 2081 volitionis
482 2041 506 2082 et
523 2041 553 2081 ab
572 2040 655 2082 eodem
672 2041 765 2083 obiecto
783 2041 964 2083 determinatur.

118 2104 195 2153 Quare
219 2103 291 2145 etiam
315 2106 528 2154 supernaturalia
553 2105 619 2146 actus
637 2106 686 2147 sive
704 2106 755 2146 eius
773 2105 965 2147 transcendentia
996 2154 998 2159 ¹

118 2178 190 2219 super
205 2168 269 2208 vires
284 2168 308 2209 et
325 2168 456 2219 exigentiae
474 2169 595 2210 naturales
611 2181 654 2220 per
671 2182 695 2211 se
713 2169 791 2222 potest
813 2182 864 2212 esse
887 2171 910 2222 a)
937 2182 966 2212 ex

117 2232 184 2282 parte
202 2232 333 2273 subiectior
352 2233 425 2281 actus,
446 2234 471 2285 b)
494 2246 522 2274 ex
541 2234 608 2285 parte
627 2235 750 2283 obteritur,
772 2235 793 2286 c)
814 2246 844 2276 ex
862 2241 965 2286 utruque

117 2296 190 2346 parte.
209 2294 325 2338 Similiter
340 2297 412 2337 etiam
429 2298 507 2349 magis
521 2299 559 2338 vel
575 2298 657 2340 minus
672 2299 806 2350 perfectum
822 2311 872 2341 esse
888 2300 965 2351 potest

117 2360 139 2411 a)
159 2360 192 2408 id,
211 2371 242 2400 ex
260 2373 308 2412 quo
326 2361 408 2411 aliqua
426 2362 522 2403 statua
541 2361 626 2404 effecta
651 2364 687 2404 est
714 2364 836 2414 (marmor,
857 2364 963 2415 aurum),

116 2424 141 2474 h)
158 2424 191 2473 id,
208 2426 272 2475 quod
287 2425 454 2476 repraesentat,
471 2426 495 2467 et
509 2426 576 2476 ratio,
594 2429 638 2469 sub
654 2439 703 2479 qua
718 2428 779 2468 illud
795 2428 963 2479 repraesentat.

117 2488 144 2527 In
162 2488 224 2528 thesi
242 2490 346 2530 maxime
365 2489 512 2531 attendimus
530 2492 561 2532 ad
580 2491 830 2541 supernaturalitatem
848 2504 878 2533 ex
896 2493 965 2544 parte

116 2552 251 2601 subiecti,
267 2554 289 2594 et
303 2554 329 2593 in
343 2553 432 2593 scholio
446 2555 621 2604 examinamus,
638 2556 697 2607 quid
712 2556 742 2596 de
755 2554 867 2597 obiecto
882 2567 963 2608 super-

116 2615 219 2655 naturali
235 2615 365 2656 tenendum
380 2615 417 2656 sit

116 2742 170 2783 294.
207 2745 228 2783 3.
251 2741 397 2784 Sententiae.
418 2742 441 2793 a)
466 2744 598 2794 «Theologi
618 2745 683 2786 ante
703 2744 868 2785 Tridentini
889 2744 963 2785 aeta-

116 2804 170 2844 tem
195 2806 341 2855 propositam
366 2804 528 2855 quaestionem
546 2806 587 2846 vix
606 2819 714 2858 unquam
733 2807 871 2858 agitarunt»
900 2809 963 2860 (Ber.

116 2878 139 2906 n.
159 2868 203 2919 66).
226 2868 313 2909 «Mens
331 2868 486 2917 antiquorum
504 2869 670 2920 theologorum
688 2871 714 2910 in
733 2882 758 2911 re
776 2870 895 2920 praesenti
915 2882 964 2910 non

115 2930 150 2969 est
160 2930 259 2970 omnino
270 2930 359 2981 aperta.
373 2931 474 2980 Negasse
487 2943 529 2971 seu
540 2932 663 2982 tanorusse
674 2934 788 2974 videntur
800 2933 867 2975 actus
879 2933 963 2974 intrin-
