2214 3350
329 186 450 224 *scholium
459 185 483 235 Ἰ1ι.
500 186 531 221 De
542 183 618 220 salute
633 182 758 225 infidelium
935 179 972 217 551

123 298 214 339 dicam:
237 295 323 336 Sancte
343 293 457 342 Socrates,
477 303 519 333 ora
540 302 583 343 pro
602 298 668 331 men·
681 290 712 341 (v.
734 291 789 331 Ant.
810 288 915 337 Fischer,
936 288 971 328 De

123 359 198 402 salute
215 359 354 400 infidelium
370 369 394 408 p.
412 356 458 407 41);
476 362 550 406 quare
566 367 582 396 a
598 354 706 399 Serbona
722 352 862 393 censuratus
878 351 921 392 est.
939 374 972 381 -α

122 425 205 465 Frano.
224 422 336 463 [lollius
353 422 395 472 (De
411 419 538 460 animabus
553 428 705 469 papauerum
721 416 862 474 [Mediolani
876 412 968 472 1622sll

122 485 207 527 reiecto
222 484 275 525 loco
290 484 370 525 medio
385 483 414 523 de
428 481 530 533 singulis
546 481 594 521 fere
611 478 746 520 illustribus
761 478 821 519 viris
833 479 857 519 et
872 477 971 519 leminis
1015 482 1017 484 ’

122 547 272 601 antiquitatis
282 546 399 587 iudicium
411 544 515 585 instituit
527 544 597 595 atque
609 543 727 594 plurimos
739 542 970 593 gehennaespaucos

122 611 186 652 caelo
201 610 316 651 addicit².
333 634 364 650 ,-
378 606 547 648 Protestantes
563 606 660 654 ueteres,
678 605 720 656 qui
735 603 884 645 voluntatem
900 603 969 644 salvi-

122 675 193 715 ficam
205 672 367 713 universalem
379 670 506 722 negabant,
519 680 603 710 omnes
613 669 639 709 in
652 667 774 709 Christum
787 678 836 707 non
848 665 971 706 credentes

120 737 243 788 gehennae
256 734 410 782 devoverunt
426 734 467 774 sed
481 731 606 783 Zwingli
620 737 702 772 contra
717 732 850 771 triennum
863 726 970 770 defendit

120 797 237 851 quosdam
248 797 354 839 illustres
366 807 472 848 paganos
485 806 567 837 revera
579 794 692 835 habuisse
706 794 781 835 iidem
797 791 884 834 Christi
897 792 969 843 atque

121 860 249 910 hoc-modo
263 860 313 902 esse
327 860 435 901 salvatos.
579 864 582 867 '

119 987 175 1027 692.
212 986 295 1027 Patres
311 985 466 1026 tridentini
482 984 510 1025 de
528 983 573 1024 hac
590 982 726 1033 quaestione
744 992 800 1022 sane
818 979 967 1021 nonsentie-

120 1049 178 1090 bant
193 1049 318 1100 angustius
334 1048 438 1100 (Hefnen
456 1044 751 1097 Entstehungsgesohiohte
768 1057 792 1096 p.
811 1047 851 1085 138
866 1043 915 1083 1101.
933 1043 965 1093 2).

119 1112 194 1163 Vaga
203 1112 227 1156 et
234 1113 303 1152 Dom.
316 1110 381 1151 Soto
389 1109 523 1150 absolutam
533 1108 696 1149 necessitatem
707 1108 766 1148 fidei
777 1104 968 1162 supernaturalis

120 1174 177 1214 satis
189 1184 294 1214 servasse
308 1184 356 1213 non
369 1172 489 1213 videntur.
503 1197 535 1203 -«
547 1172 584 1211 Ab
598 1171 662 1212 hisce
677 1171 725 1211 iere
739 1169 888 1220 temporibus
902 1169 966 1210 theo-

92 1243 94 1250 *
119 1235 167 1286 logi
184 1235 313 1284 coeperunt
329 1234 463 1274 accuratius
475 1234 620 1282 examinare,
640 1243 759 1283 quaenam
775 1231 886 1273 veritates
902 1243 966 1272 reve-

118 1297 180 1338 latae
194 1298 223 1337 de
235 1298 373 1345 necessitate
386 1297 461 1337 medii
474 1298 522 1336 sint
536 1289 645 1346 erplicirc
660 1296 798 1344 credendae,
815 1295 838 1335 et
850 1294 967 1335 sententia

119 1360 228 1408 mitior,
247 1371 308 1411 quae
325 1359 387 1400 solas
403 1359 462 1399 duas
479 1359 589 1399 veritates
606 1358 672 1399 Hebr
688 1360 721 1407 11,
739 1362 753 1399 6
770 1356 968 1398 commemoratas

118 1422 198 1473 exigit,
213 1423 267 1473 post
280 1422 384 1462 Suarez
394 1420 513 1472 paulatim
526 1421 635 1461 invaluit.
649 1447 681 1453 -
693 1420 817 1471 Ripalda
830 1421 906 1470 sidem
920 1420 967 1461 late

118 1485 207 1525 dictem
223 1485 249 1525 in
265 1496 320 1525 casu
337 1483 483 1525 necessitatis
504 1482 608 1525 sufficere
632 1495 700 1534 posse
722 1482 861 1524 dubitanter
881 1494 967 1534 propo-

119 1548 175 1596 suit:
193 1546 441 1588 sed'lnnocentius
457 1547 489 1587 XI
507 1547 647 1587 Luculentum
665 1546 710 1587 hae
728 1546 754 1587 in
773 1558 798 1588 re
818 1545 899 1588 reiecit
919 1546 965 1597 (pr.
983 1547 985 1549 '

116 1613 202 1651 21-23
217 1610 261 1668 [Di
277 1610 388 1668 1171551).
405 1611 440 1650 Ex
455 1609 610 1660 alterspach
624 1608 774 1661 thorisrnus
789 1608 966 1650 lansonista-

117 1685 179 1713 rum
195 1674 325 1714 damnatus
339 1673 374 1714 est
390 1673 429 1723 (oi.
447 1672 547 1722 11673).
564 1672 841 1722 -Augustinenses
856 1673 880 1714 et
894 1671 966 1713 multi

117 1736 282 1776 Themistae
308 1747 366 1777 saco
394 1735 532 1777 XVI-XVIII
558 1735 706 1776 voluntatem
732 1734 865 1776 salvificam
892 1735 966 1775 nimis

117 1799 292 1840 restrinxerunt
310 1800 342 1851 (n.
359 1799 418 1850 670).
433 1821 465 1827 -
481 1798 518 1839 La
533 1797 629 1846 Motho
644 1798 670 1838 le
686 1798 779 1848 Vayer
797 1799 840 1850 (De
856 1799 880 1838 le
897 1804 966 1838 vectu

117 1862 157 1901 des
168 1873 267 1913 pnpens,
281 1862 342 1912 1642)
356 1861 454 1909 censuit,
467 1861 509 1901 ubi
521 1860 672 1912 evangelium
684 1872 733 1901 non
745 1861 780 1901 est
791 1861 964 1912 praedicatum

116 1924 218 1965 salutem
236 1923 338 1965 obtineri
355 1934 424 1974 posse
442 1922 491 1974 tide
510 1923 627 1975 implicita
645 1925 670 1964 in
688 1923 818 1964 Christum.
842 1948 874 1954 -
899 1924 966 1974 Opus

116 1986 255 2037 postumum
285 1985 414 2026 cardinalis
440 1985 601 2035 Siondrati‚
630 1987 711 2027 Noctua
739 1987 965 2038 praedestinationis

116 2049 246 2089 dissolutus
260 2049 357 2101 (Romae
369 2049 442 2099 1696),
455 2049 566 2099 quamvis
577 2048 676 2089 Bossuet
687 2049 776 2100 aliique
789 2049 893 2101 episcopi
905 2049 964 2100 galli

115 2111 296 2152 damnationem
319 2111 471 2162 quarundam
497 2111 687 2161 propositionum
713 2112 803 2154 nimiae
828 2112 965 2154 latitudinis

115 2174 270 2224 postularent,
287 2176 376 2215 Romae
398 2174 540 2215 damnatum
561 2186 610 2216 non
630 2174 673 2215 est.
696 2174 791 2226 Scripta
812 2177 964 2226 quorundam

116 2237 290 2279 lesuitarum
308 2237 450 2289 (10000110,
467 2237 499 2277 Le
514 2237 622 2290 Getica),
638 2237 696 2288 quia
709 2237 811 2279 virtutes
825 2239 848 2280 et
862 2239 964 2280 salutem

115 2300 256 2341 sinensium
280 2300 418 2341 infidelium
442 2299 516 2340 nimis
540 2300 683 2350 extulerunt,
704 2312 718 2342 a
736 2301 845 2342 Sarbena
866 2314 888 2344 a.
910 2304 965 2344 1700

115 2362 242 2404 censurata
264 2363 326 2403 sunt.
350 2362 421 2404 Liber
444 2363 474 2403 Is.
494 2363 540 2404 Jos.
560 2364 702 2414 Berruyer
719 2365 744 2405 S.
762 2364 792 2412 J.¹
811 2365 914 2405 Histoire
931 2367 964 2406 du

114 2426 202 2477 pertple
218 2426 247 2466 dc
262 2426 323 2466 Dion
338 2425 484 2478 (Paris1728
501 2428 553 2467 1753
569 2427 632 2478 1758)
650 2426 747 2477 propter
762 2438 833 2468 suum
848 2427 964 2469 Latitudi-

114 2488 250 2529 narismum
266 2487 338 2529 etiam
356 2489 447 2528 Rornae
465 2488 560 2539 saepius
575 2488 703 2530 damnatus
721 2489 763 2530 est.
783 2513 815 2519 -
832 2489 972 2542 Philoso-v

114 2552 165 2601 phi
179 2552 212 2592 sic
229 2551 307 2592 dietae
322 2549 564 2601 illuminationis,
581 2552 721 2602 praesertim
737 2552 798 2593 l.-J.
817 2552 965 2594 Rousseau

177 2689 185 2710 1
198 2689 210 2724 J
215 2687 306 2723 ohann
317 2696 367 2722 ron
379 2686 456 2723 Paltz
468 2688 494 2723 111
505 2697 547 2725 sua
562 2687 709 2732 Coelifodt'ne:
725 2687 804 2731 «Quia
816 2688 886 2733 igitur
899 2688 965 2725 multi

114 2736 210 2779 possunt
222 2744 271 2771 esse
285 2735 310 2770 in
323 2735 453 2780 purgatorio
468 2736 490 2771 et
505 2735 562 2772 forte
576 2736 635 2778 sunt,
652 2736 689 2780 qui
704 2744 751 2771 non
765 2737 857 2773 fuerunt
873 2738 899 2774 de
915 2737 963 2773 foro

114 2782 228 2818 Ecclesiae
241 2782 366 2825 militantis,
383 2783 436 2818 dum
448 2782 554 2828 viverent,
569 2784 608 2819 sed
621 2782 750 2819 immediate
764 2793 802 2820 eos
816 2785 875 2821 Deus
890 2784 964 2821 salvos

114 2829 167 2865 iecit
183 2839 224 2875 per
240 2839 305 2865 suam
321 2829 425 2873 gratiani,
444 2839 512 2874 quam
529 2830 675 2867 sacramentis
692 2832 805 2868 Ecclesiae
822 2841 868 2868 nou
886 2832 964 2876 alliga-

114 2877 153 2920 vit,
163 2905 167 2912 .
177 2904 195 2913 ..
210 2878 320 2922 quantum
333 2878 362 2913 ad
373 2877 442 2913 tales.
452 2904 471 2913 ..
486 2878 657 2914 communicatio
669 2878 824 2923 indulgentiae
838 2889 884 2916 non
896 2880 964 2915 habet

114 2924 207 2959 locum»
227 2924 296 2970 (apud
314 2925 344 2961 W.
361 2924 451 2968 Ko'ltler,
469 2925 607 2962 Dokumente
624 2935 675 2962 zum
691 2927 836 2963 Ablassstreit
853 2937 897 2969 von
916 2927 963 2964 1517

115 2971 244 3017 [Tiibingen
258 2970 315 3018 1902]
331 2980 351 3017 p.
366 2970 406 3018 75),
