2214 3350
256 152 331 188 Thesis
343 153 361 189 ’8.
376 154 499 198 Dispositio
509 153 606 198 positiva
619 153 640 188 et
652 153 759 197 negativa
896 152 931 189 155

85 263 147 298 docet
161 263 198 307 (Dz
212 261 259 299 1295
272 261 318 298 137ss
325 272 347 298 ss
360 261 423 307 1522),
437 260 571 296 sufficienter
584 259 722 305 explicantur
735 261 761 296 de
773 260 863 297 auxiliis
876 260 930 296 ecti-

84 316 151 351 iatioc
166 315 307 351 naturalitus
321 315 411 362 propter
425 314 506 350 merita
521 314 603 350 Christi
617 314 647 349 ad
662 313 830 358 dispositionem
844 313 929 358 negati-

83 379 135 405 vam
149 369 272 404 iuvandam
286 369 345 405 datis
359 369 380 404 et
395 369 422 404 de
437 367 517 413 gratiis
533 366 749 413 supernaturalibus,
767 376 823 412 quae
838 368 873 409 iis,
890 367 928 412 qui

84 424 130 458 iam
147 423 176 458 ad
192 422 259 458 fidem
281 423 395 464 vocantur,
414 421 444 457 cd
460 422 531 466 ipsios
555 421 606 466 fidei
629 420 775 464 praeambula
800 420 929 456 salutariter

83 474 187 520 ponenda
203 474 353 510 conceduntur
371 474 405 519 [cf.
424 482 446 509 n.
465 472 501 509 132
516 473 560 509 not.
580 473 605 520 1).

83 593 138 635 233.
176 594 202 634 B.
220 593 258 634 Sic
273 593 415 645 gratuitas
431 592 541 643 gratiae
555 592 580 633 et
594 588 822 642 independentia
837 589 886 630 Dei
903 589 929 629 iu

83 657 256 698 distribuendis
269 658 318 699 suis
332 658 402 699 donis
414 656 542 708 perfecte
556 655 698 697 servatur.
715 658 734 695 l.
751 655 828 695 Homo
841 665 929 705 aequu-

84 733 157 773 quam
171 721 201 772 lit
216 734 285 762 ceusu
300 720 397 774 eraclae,
414 733 490 773 neque
506 721 533 761 ut
547 731 641 762 merens
656 732 734 771 neque
749 720 776 761 ut
791 718 927 771 disponens.

82 786 151 836 Quod
163 785 263 837 positive
275 787 339 836 iacit,
352 786 415 827 nihil
426 784 490 826 valet
500 787 531 826 ad
544 785 724 836 producendam
735 784 773 826 vei
786 784 928 834 exigendam

83 850 192 902 gratiam.
209 866 241 881 -·-
255 854 275 891 2.
292 852 373 902 Neque
388 851 462 892 homo
476 850 545 901 ponit
560 850 725 891 condicionem
740 850 791 890 siue
807 860 854 901 quc
869 860 926 890 uon.

54 916 56 919 ⁴
82 915 148 956 'Palis
163 926 207 966 per
223 926 247 955 se
263 927 310 956 non
325 916 361 957 est
377 914 459 956 contra
474 914 633 966 gratuitatem.
653 913 734 955 Status
750 913 847 966 ulydiae
862 926 885 955 v.
903 925 926 965 g.

82 980 118 1020 est
129 979 238 1020 condicio
250 980 298 1021 sine
312 992 360 1033 qua
372 991 421 1020 non
435 979 501 1020 aetus
514 979 632 1028 salutaris;
647 979 688 1020 sed
702 990 757 1020 sane
771 989 864 1020 necesse
878 989 927 1019 non

81 1045 123 1093 est,
138 1043 165 1085 ut
178 1044 217 1084 hic
231 1044 305 1085 status
318 1044 407 1085 auxilio
422 1043 597 1095 supernaturali
611 1043 735 1084 habeatur.
752 1044 842 1084 Tamen
856 1043 927 1096 prop-

82 1115 118 1148 ter
132 1110 209 1159 sontes
224 1109 339 1150 dicimus:
357 1109 440 1160 Neque
453 1119 526 1160 opera
540 1108 639 1150 honesta
654 1108 711 1149 sunt
725 1108 858 1149 necessaria
874 1119 927 1149 con-

81 1172 150 1222 dicio,
166 1185 244 1224 neque
256 1184 329 1224 opera
342 1172 468 1213 inhonesta
482 1172 538 1214 sunt
551 1173 711 1213 necessarium
726 1172 926 1223 impedimentum

81 1238 179 1289 gratiae.
198 1237 223 1278 S.
243 1229 375 1288 Aupustino
396 1238 502 1289 (Euchir.
522 1249 573 1289 cap.
592 1240 620 1278 98
639 1237 669 1295 [R
689 1237 761 1295 laam)
783 1235 927 1278 assentimur

81 1302 181 1343 dicenti:
200 1319 211 1339 a
219 1302 278 1351 Quis
289 1313 360 1353 porro
373 1302 422 1342 tam
435 1302 508 1353 impie
522 1302 629 1353 desipiat,
645 1302 672 1342 ut
684 1300 749 1342 dicat
760 1302 838 1342 Deum
850 1302 928 1342 malas

82 1367 208 1407 hominum
223 1365 364 1415 voluntates,
382 1377 442 1418 quas
459 1366 568 1415 voluerit,
587 1367 684 1417 quaudo
700 1365 810 1415 voluerit,
829 1365 871 1406 uhi
888 1377 926 1407 vo-

80 1431 159 1479 luerit,
176 1431 201 1471 in
217 1431 307 1472 bonum
322 1441 370 1471 non
385 1441 453 1481 posse
468 1432 634 1471 converteret»
651 1456 682 1461 -
697 1432 718 1470 3.
735 1430 813 1482 Opera
828 1422 926 1471 honesta

81 1495 137 1536 sunt
153 1495 227 1546 igitur
244 1506 310 1536 mera
328 1495 453 1535 «condicio
471 1507 527 1535 cum
544 1507 608 1546 quc»
629 1495 679 1536 sive
698 1507 763 1546 <tque
780 1496 885 1546 positu»,
903 1495 927 1536 et

81 1560 178 1611 quidem
194 1560 289 1600 nonnisi
304 1560 414 1611 nequiter
430 1558 544 1608 condicio,
562 1560 577 1600 i.
593 1573 613 1601 e.
630 1560 712 1601 valent
726 1560 819 1611 aliquid
834 1562 865 1602 ad
881 1560 926 1601 col-

13 1664 15 1667 .
80 1624 193 1665 lationem
208 1624 304 1675 gratiae,
321 1635 369 1664 non
385 1624 502 1675 quatenus
518 1625 574 1665 sunt
588 1624 718 1675 positivum
734 1624 801 1675 quid,
818 1625 859 1665 sed
875 1625 926 1666 tan-

81 1690 133 1730 tum
148 1689 265 1740 quatenus
280 1689 340 1739 ipsis
354 1687 523 1730 exsistentibus
539 1700 586 1729 non
602 1689 695 1730 exsistit
711 1689 842 1740 peccatum,
861 1691 924 1741 quod

80 1753 154 1804 possit
169 1765 218 1794 esse
235 1753 293 1793 ratio
310 1752 434 1802 sufficiens,
453 1764 495 1793 cur
509 1753 574 1793 Deus
590 1753 690 1803 deneget
706 1754 815 1804 gratiam.
833 1755 924 1794 Temen

80 1818 111 1858 ad
130 1819 175 1859 hoc
192 1812 347 1869 requirantur
370 1817 467 1869 positivi
491 1823 557 1858 actus
583 1818 639 1857 honi
657 1828 701 1859 nec
719 1817 840 1860 sufficiunt
858 1819 926 1866 actus

80 1882 245 1923 indifferentes
256 1881 294 1923 vel
307 1880 375 1931 nulli,
390 1881 446 1932 quia
458 1882 530 1922 homo
542 1882 640 1923 adultus
653 1883 683 1923 de
696 1882 757 1923 iacto
771 1894 820 1922 acu
832 1883 925 1923 resistet

79 1946 191 1986 omnibus
206 1946 374 1987 tentationibus
390 1947 413 1987 ct
428 1946 527 1997 proinde
543 1958 591 1987 non
607 1946 679 1988 faciet
694 1946 843 1997 sufficienter,
860 1950 925 2000 quod

81 2011 105 2050 in
121 2022 145 2052 se
157 2011 200 2060 est,
216 2012 262 2051 nisi
278 2011 344 2052 actus
358 2010 469 2052 honestos
482 2009 569 2052 eliciat.
585 2010 668 2063 ltaque
684 2012 710 2052 lii
725 2012 793 2053 actus
807 2024 856 2053 uon
872 2024 925 2054 con-

80 2076 160 2116 terunt
179 2076 271 2116 homini
292 2075 366 2116 ullam
386 2075 557 2126 perfectionem
574 2076 711 2127 positivam,
733 2088 794 2128 quae
815 2078 925 2129 disponat

78 2140 109 2180 ad
125 2140 228 2190 gratiam
244 2141 293 2181 siue
310 2140 404 2180 minuat
420 2139 627 2189 indispositionem
644 2141 694 2182 iam
711 2141 863 2191 contractam,
884 2143 924 2182 sed

78 2205 157 2254 quoad
175 2204 325 2245 collationem
342 2203 431 2255 gratiae
450 2204 628 2246 salutaris'non
646 2206 727 2247 valent
745 2206 792 2247 nisi
810 2219 839 2248 ex
857 2208 924 2258 parte

79 2281 123 2309 sua
137 2270 254 2320 aepactae,
271 2269 286 2309 i.
304 2281 323 2309 e.
341 2269 366 2308 in
382 2269 499 2319 errantum
515 2281 563 2310 non
579 2271 636 2311 sunt
651 2271 775 2322 peccatum
791 2272 815 2313 et
829 2283 924 2323 praeca-

78 2334 134 2374 vent
145 2345 234 2375 novum
246 2333 376 2384 peceatum,
391 2334 455 2383 quod
467 2334 498 2374 sit
509 2345 599 2375 novum
612 2335 701 2387 gratiae
715 2336 923 2387 impedimentum.

77 2397 264 2449 Semipelcqiam
276 2397 355 2439 autem
368 2398 480 2439 volebant
492 2398 622 2449 positivum
635 2400 701 2451 quid,
717 2401 773 2442 licet
785 2400 922 2450 minimum,

78 2476 124 2515 quo
140 2465 212 2504 homo
228 2462 353 2515 praealtis
369 2474 392 2502 se
409 2462 553 2504 discerneret
567 2465 590 2504 et
605 2465 655 2505 Deo
670 2465 817 2506 occasionem
833 2465 923 2517 gratiae

78 2529 234 2569 conterendae
257 2527 387 2578 praeberet.
412 2550 443 2556 —-
465 2530 485 2568 4.
506 2527 573 2575 Quod
590 2529 665 2580 igitur
682 2530 707 2569 in
724 2529 769 2571 hac
788 2541 812 2570 re
830 2530 923 2571 homini

78 2592 237 2634 adscribimus
253 2592 356 2643 positivi,
376 2591 411 2632 est
426 2598 530 2643 potestas
548 2593 696 2644 impediendi
714 2594 823 2645 pretium,
844 2602 923 2645 quate-

78 2669 123 2697 mcs
138 2658 202 2698 Deus
218 2657 292 2698 libere
307 2657 419 2706 impediri
435 2668 459 2696 sc
477 2657 542 2697 sinit.
559 2659 635 2699 Homo
652 2660 728 2710 potest
743 2659 825 2709 vitam,
843 2660 923 2701 visum

78 2722 122 2762 etc.
146 2721 191 2764 sihi
215 2722 326 2769 adimere,
350 2721 463 2771 adempta
484 2721 530 2762 sihi
553 2723 652 2764 reddere
675 2722 816 2775 neutiquam
838 2725 922 2776 potest.

79 2786 161 2827 Simile
180 2787 239 2838 quid
257 2786 334 2838 quoad
353 2785 455 2836 gratiam
473 2786 608 2828 asserimus.
630 2789 693 2830 Bene
712 2789 834 2840 operando
851 2790 923 2831 homo

77 2862 126 2890 uon
140 2851 217 2902 eflicit
230 2862 320 2891 aecum
332 2850 488 2902 infallibilem
502 2852 564 2893 inter
579 2864 648 2893 suam
663 2854 824 2905 operationem
839 2856 864 2897 et
878 2856 923 2896 col-

77 2914 190 2956 lationem
212 2916 309 2967 gratiaa
332 2915 421 2966 quippe
437 2916 478 2965 qui
496 2928 524 2956 ex
541 2917 590 2957 sola
605 2917 726 2960 voluntate
749 2919 793 2960 Dei
815 2914 937 2961 salvifica
