2214 3350
188 165 189 168 ,
234 143 235 146 “
265 131 342 167 Thesis
357 131 385 167 16.
401 130 538 167 Inhabitatio
553 130 649 175 Spiritus
664 130 740 166 Sancti
888 127 927 164 337

78 239 231 280 «secundum
247 239 320 280 istum
337 237 463 290 specialem
480 238 580 278 modum
596 238 660 278 Deus
677 248 726 277 non
742 239 819 278 solum
837 236 925 278 dicitur

0 330 1 333 ,
76 313 129 342 csse
140 302 165 342 in
176 302 284 343 creatura
295 302 412 351 rationali,
426 303 467 342 sed
478 300 550 342 etiam
562 300 669 341 nabitare
681 300 708 340 in
719 312 746 341 ea
758 301 818 341 siout
829 302 854 340 r'n
862 303 924 340 'terra

79 365 118 416 plo
142 362 212 405 sno'».
236 365 261 416 b)
287 366 314 407 Id
337 366 414 406 solum
440 364 602 412 «habemus»,
627 374 675 414 quo
698 362 773 404 libere
797 374 925 414 possumus

76 428 114 469 uti
126 428 164 469 vel
178 427 235 476 irui;
248 428 289 469 sed
302 441 344 479 per
356 429 431 469 solam
444 425 546 478 grat-iarn
559 425 654 478 gratum
668 425 795 466 facientem
808 426 925 466 habemus

76 491 218 543 potestatem
233 491 329 531 fruendi
346 491 428 532 divina
443 501 552 541 persona.
572 489 610 530 Sic
627 488 671 529 cin
688 489 739 537 ipso
757 488 818 529 dono
835 487 925 538 gratiae

76 553 174 605 gratum
191 554 299 595 facientis
317 554 420 605 Spiritus
438 553 540 594 Sanctus
556 552 658 594 habetur
675 553 698 593 et
715 551 833 593 inhabitat
849 552 925 592 homi-

79 628 162 657 nem».
177 642 209 648 -
224 629 244 657 a.
262 620 287 657 5:
307 619 371 658 «Per
385 616 488 667 gratiam
502 615 598 666 gratum
614 615 740 656 facientem
757 621 804 655 tota
821 615 924 655 Trinitas

77 679 199 720 inhabitat
215 680 319 721 mentem
337 680 469 721 secundum
487 679 548 719 illud
567 680 599 718 Io.
619 680 652 726 14,
671 680 727 719 23.»
744 704 777 710 —
793 690 814 718 a.
834 680 859 718 6:
887 677 925 731 Ad

75 753 162 783 'omnes
183 742 213 784 fit
234 742 315 783 missio
332 741 467 791 invisibilis,
486 741 617 792 inquibus
638 739 761 782 invenitur
783 739 926 781 inhabitatio

75 805 168 856 gratiae
183 805 206 846 et
220 805 341 847 innovatio
356 817 399 857 per
412 795 523 856 gratiam3
539 805 595 844 hinc
610 804 682 845 etiam
698 804 729 844 ad
744 804 818 845 iustos
835 804 924 844 Veteris

79 869 225 909 Testament'
238 870 277 920 (ad
290 869 320 920 1);
334 869 405 910 etiam
418 869 550 909 secundum
561 867 695 918 proiectum
708 866 804 907 virtutis
815 867 857 907 aut
869 879 925 918 cuq-

77 937 188 971 mantum
204 932 293 982 prenae
311 931 462 980 intensivum,
482 931 537 971 licet
553 930 680 981 praecipue
697 929 778 971 missio
796 928 925 970 invisibilis

75 994 221 1042 attendatur,
240 1011 250 1030 u
259 994 354 1045 quando
369 993 456 1043 aliquis
469 993 566 1043 proiicit
579 995 605 1034 in
619 993 725 1043 aliquem
740 1004 829 1034 novum
844 993 924 1033 actum

78 1056 116 1098 vel
134 1068 224 1097 novum
243 1056 331 1098 stat-um
350 1056 456 1106 gratiae»
480 1057 519 1106 (ad
537 1056 569 1107 2);
588 1056 659 1097 etiam
678 1056 709 1096 ud
730 1056 807 1096 beatos
827 1056 853 1095 in
872 1055 925 1106 ipso

79 1120 197 1170 principio
213 1119 369 1160 beatitudinis
385 1119 447 1160 etin
463 1130 525 1159 nova
540 1118 683 1160 revelatione
699 1118 875 1170 mysteriorum
893 1119 925 1159 ad

60 1180 201 1222 'Christum
217 1183 312 1222 nonnisi
328 1183 354 1221 in
369 1181 486 1232 principio
502 1181 668 1231 conceptionis,
685 1193 740 1222 cum
757 1181 836 1222 statim
852 1181 926 1223 fuerit

79 1245 165 1295 plenus
181 1245 247 1285 omni
264 1244 381 1296 sapientia
396 1244 419 1284 et
433 1244 509 1295 gratia
528 1245 566 1295 (ad
582 1244 614 1294 3).
674 1273 675 1277 ¹

75 1386 134 1428 452.
169 1386 197 1429 V.
216 1386 287 1433 Ratio
303 1386 500 1427 inhabitationem
517 1386 626 1437 explicat.

148 1484 168 1521 t.
188 1480 331 1521 inhabitatio
350 1480 375 1520 in
393 1479 498 1521 lontibus
516 1479 642 1521 exhibetur
659 1480 687 1521 ut
704 1480 806 1521 relatio
824 1479 923 1520 realis.

77 1546 139 1586 'Hinc
156 1556 204 1585 non
222 1544 337 1586 satisfacit
353 1544 478 1596 explicatio
495 1556 538 1596 per
555 1555 597 1585 ens
613 1554 677 1586 mere
694 1545 784 1585 morale
801 1544 824 1585 et
841 1544 925 1584 iuridi-

76 1621 141 1650 cum.
157 1609 250 1651 Relatio
264 1609 343 1650 autem
358 1608 428 1650 realis
443 1609 556 1660 supponit
570 1608 657 1650 realem
672 1610 696 1651 et
710 1609 833 1661 physicam
849 1609 901 1648 mut
917 1635 926 1642 -

75 1676 168 1716 tionem
181 1675 207 1715 in
220 1675 302 1715 anima
314 1674 438 1724 tamquam
450 1674 635 1725 fundamentum
648 1674 792 1715 absolutum.
808 1674 856 1715 Hoc
870 1674 925 1714 iun-

79 1739 219 1780 damentum
236 1738 298 1778 nihil
315 1738 447 1779 aliudesse
464 1738 540 1789 potest
556 1739 603 1778 nisi
620 1738 672 1788 ipsa
689 1738 780 1779 institia
796 1738 925 1779 inhaerens

80 1804 128 1844 sive
141 1803 218 1844 creata
229 1802 306 1854 gratia
317 1802 453 1843 habitualis.
468 1804 495 1843 In
507 1802 614 1843 fontibus
624 1803 691 1843 enim
701 1802 846 1844 adscribitur
857 1803 925 1844 inha-
977 1829 978 1832 =

77 1868 162 1910 ‘bitatio
176 1868 281 1919 Spiritus
294 1867 374 1909 Sancti
386 1867 498 1908 omnibus
511 1868 534 1908 et
547 1866 604 1908 solis
615 1866 758 1907 iustificatis.
773 1868 834 1917 Ergo
848 1867 926 1918 gratia

78 1933 233 1974 sanctificans
258 1944 305 1973 non
331 1932 367 1974 est
391 1931 493 1982 qualitas
512 1932 606 1973 animae
625 1944 690 1973 mere
711 1932 825 1981 absoluta,
848 1944 925 1984 neque

76 1998 154 2038 solam
167 1997 306 2038 relationem
318 1997 431 2047 imaginis
443 1997 474 2038 ad
485 1996 607 2047 exemplar
622 1998 754 2049 (tamquam
767 1998 852 2038 natura
865 1998 925 2038 divi-

79 2074 111 2102 na
123 2062 273 2113 participata)
288 2061 352 2110 dicit,
368 2062 409 2102 sed
422 2061 495 2102 simul
509 2061 642 2103 formaliter
655 2061 731 2110 efficit,
748 2063 775 2104 ut
788 2061 868 2104 anima
882 2072 926 2113 per

76 2138 132 2167 eam
145 2127 262 2177 reserat-ur
275 2127 306 2166 ud
318 2124 437 2176 Spiritum
448 2126 565 2167 Sanctum
578 2132 604 2166 ut
617 2126 732 2167 donatum
747 2133 768 2166 ct
780 2138 923 2177 possessum,

78 2191 188 2231 nondum
213 2190 311 2241 quidem
330 2191 361 2231 ad
379 2189 518 2231 fruit-ionem
543 2190 680 2241 perfectam,
702 2191 765 2241 quod
792 2191 926 2232 reservatur

77 2255 177 2305 gloriae,
203 2255 244 2295 sed
262 2255 293 2295 ad
311 2254 450 2295 fruitionem
474 2254 638 2305 imperfectam
665 2254 699 2307 (S.
720 2254 831 2304 Thomas,
856 2256 884 2295 ln
905 2258 926 2303 r;
992 2273 993 2276 ¹

76 2332 101 2359 v.
118 2331 141 2359 n.
157 2320 216 2370 451).
233 2319 376 2370 Exemplum
390 2320 445 2369 equi
461 2320 484 2361 et
498 2315 589 2360 trenta
602 2319 626 2360 S.
643 2320 809 2360 Beneventum
824 2320 925 2361 allatum

78 2386 114 2435 tn.
129 2385 179 2436 414)
195 2385 258 2425 idem
273 2384 382 2425 ostendit.
397 2386 474 2434 Quare
487 2384 564 2434 gratia
578 2385 730 2425 sanctificans
744 2386 767 2426 et
781 2386 804 2426 S.
821 2386 926 2437 Spiritus

78 2460 128 2489 non
147 2449 203 2490 sunt
221 2460 248 2489 eo
268 2460 338 2490 sensu
358 2449 420 2489 dona
438 2449 539 2498 diversa,
560 2450 628 2499 quasi
648 2450 678 2490 ab
699 2449 800 2491 invicem
820 2451 925 2501 separari
946 2448 947 2451 ’

80 2513 178 2564 possint.
198 2514 391 2554 Fundamentum
409 2514 473 2552 enim
492 2513 515 2554 et
533 2513 649 2554 terminus
673 2513 779 2554 eiusdem
803 2514 926 2555 relationis

80 2578 185 2629 separari
200 2578 329 2628 nequeunt.
345 2577 427 2618 Potius
441 2578 596 2628 concipienda
610 2579 666 2619 sunt
681 2578 803 2628 tamquam
818 2580 865 2620 duo
881 2580 926 2620 ele-

80 2643 161 2683 menta
172 2643 280 2683 eiusdem
291 2643 348 2683 doni
360 2642 476 2692 complexi
491 2643 598 2694 (Terrian
609 2643 619 2683 1
632 2655 655 2694 p.
668 2643 727 2694 24¹7).
742 2644 819 2692 Quare
831 2644 925 2684 Lernan

76 2707 103 2747 et
114 2707 225 2747 Patavina
238 2707 321 2748 saltem
333 2707 359 2746 in
370 2706 495 2757 hypothesi
508 2707 651 2758 impossibili
664 2707 789 2758 quaerunt,
804 2709 862 2759 quid
876 2709 926 2749 sola

76 2771 156 2820 gratia
168 2772 273 2813 increata
285 2771 335 2812 sine
347 2770 467 2812 additione
479 2771 568 2822 gratiae
581 2772 671 2813 creatae
683 2772 761 2814 valeat
774 2774 813 2824 (ci.
827 2785 850 2814 n.
864 2774 923 2825 455).

77 2860 111 2865 ›—
123 2837 149 2875 in
161 2836 245 2876 ordine
256 2847 339 2876 causae
351 2835 458 2886 lorrnctz's
470 2836 556 2876 natura
567 2837 632 2887 prior
644 2837 680 2877 est
691 2837 767 2888 gratia
778 2838 856 2878 creata
867 2838 926 2878 tam-

49 2926 50 2930 =
77 2910 154 2950 squam
168 2901 245 2940 forma
258 2900 366 2941 absoluta
379 2899 402 2940 et
415 2899 500 2941 natura
514 2901 631 2951 posterius
643 2900 795 2942 constituitur
808 2902 853 2943 ista
867 2903 927 2943 rela-

122 2996 183 3026 Lsxou,
195 2997 218 3023 De
229 2997 290 3023 <Protin
868 2998 889 3026 22
