<?xml version="1.0" encoding="UTF-8"?>
<!DOCTYPE html PUBLIC "-//W3C//DTD XHTML 1.0 Transitional//EN"
    "http://www.w3.org/TR/xhtml1/DTD/xhtml1-transitional.dtd">
<html xmlns="http://www.w3.org/1999/xhtml" xml:lang="en" lang="en">
 <head>
  <title>
</title>
<meta http-equiv="Content-Type" content="text/html;charset=utf-8" />
  <meta name='ocr-system' content='tesseract 3.04.00' />
  <meta name='ocr-capabilities' content='ocr_page ocr_carea ocr_par ocr_line ocrx_word'/>
</head>
<body>
  <div class='ocr_page' id='page_1' title='image "./MN41637ucmf_2_0477.png"; bbox 0 0 2214 3350; ppageno 0'>
   <div class='ocr_carea' id='block_1_1' title="bbox 190 169 962 230">
    <p class='ocr_par' dir='ltr' id='par_1_1' title="bbox 190 169 962 230">
     <span class='ocr_line' id='line_1_1' title="bbox 190 169 962 230; baseline -0.003 -18"><span class='ocrx_word' id='word_1_1' title='bbox 190 179 192 181; x_wconf 82' lang='grc'><strong>’</strong></span> <span class='ocrx_word' id='word_1_2' title='bbox 230 169 308 212; x_wconf 82' lang='lat' dir='ltr'>Thesis</span> <span class='ocrx_word' id='word_1_3' title='bbox 323 176 353 230; x_wconf 72' lang='lat'>21.</span> <span class='ocrx_word' id='word_1_4' title='bbox 372 176 489 214; x_wconf 79' lang='lat' dir='ltr'>scholium.</span> <span class='ocrx_word' id='word_1_5' title='bbox 507 177 538 211; x_wconf 88' lang='lat' dir='ltr'>De</span> <span class='ocrx_word' id='word_1_6' title='bbox 553 173 720 211; x_wconf 83' lang='lat' dir='ltr'>confirmatione</span> <span class='ocrx_word' id='word_1_7' title='bbox 732 176 758 211; x_wconf 90' lang='lat' dir='ltr'>in</span> <span class='ocrx_word' id='word_1_8' title='bbox 772 175 848 220; x_wconf 83' lang='lat' dir='ltr'>gratia</span> <span class='ocrx_word' id='word_1_9' title='bbox 926 173 962 210; x_wconf 73' lang='lat'>443</span> 
     </span>
    </p>
   </div>
   <div class='ocr_carea' id='block_1_2' title="bbox 64 281 963 2103">
    <p class='ocr_par' dir='ltr' id='par_1_2' title="bbox 64 281 963 2103">
     <span class='ocr_line' id='line_1_2' title="bbox 115 281 962 335; baseline -0.002 -11"><span class='ocrx_word' id='word_1_10' title='bbox 115 283 208 324; x_wconf 82' lang='lat' dir='ltr'>constat</span> <span class='ocrx_word' id='word_1_11' title='bbox 226 283 377 325; x_wconf 86' lang='lat' dir='ltr'>collationem</span> <span class='ocrx_word' id='word_1_12' title='bbox 395 283 527 335; x_wconf 79' lang='lat' dir='ltr'>gratiarum</span> <span class='ocrx_word' id='word_1_13' title='bbox 545 281 676 323; x_wconf 88' lang='lat' dir='ltr'>efficacium</span> <span class='ocrx_word' id='word_1_14' title='bbox 695 286 827 333; x_wconf 84' lang='lat' dir='ltr'>praepura</span> <span class='ocrx_word' id='word_1_15' title='bbox 847 281 962 323; x_wconf 85' lang='lat' dir='ltr'>sufficien-</span> 
     </span>
     <span class='ocr_line' id='line_1_3' title="bbox 116 345 962 398; baseline -0.001 -12"><span class='ocrx_word' id='word_1_16' title='bbox 116 346 182 386; x_wconf 85' lang='lat' dir='ltr'>tibus</span> <span class='ocrx_word' id='word_1_17' title='bbox 194 357 244 387; x_wconf 90' lang='lat' dir='ltr'>esse</span> <span class='ocrx_word' id='word_1_18' title='bbox 256 347 358 398; x_wconf 79' lang='lat' dir='ltr'>speciata</span> <span class='ocrx_word' id='word_1_19' title='bbox 374 348 517 398; x_wconf 70' lang='lat' dir='ltr'>terrestrium</span> <span class='ocrx_word' id='word_1_20' title='bbox 530 345 638 397; x_wconf 82' lang='lat' dir='ltr'>exparte</span> <span class='ocrx_word' id='word_1_21' title='bbox 652 346 695 386; x_wconf 94' lang='lat' dir='ltr'>Dei</span> <span class='ocrx_word' id='word_1_22' title='bbox 709 351 731 386; x_wconf 83' lang='lat' dir='ltr'>et</span> <span class='ocrx_word' id='word_1_23' title='bbox 743 346 866 387; x_wconf 82' lang='lat' dir='ltr'>materiale</span> <span class='ocrx_word' id='word_1_24' title='bbox 881 351 903 386; x_wconf 80' lang='lat' dir='ltr'>et</span> <span class='ocrx_word' id='word_1_25' title='bbox 915 345 962 397; x_wconf 69' lang='lat' dir='ltr'>sor-</span> 
     </span>
     <span class='ocr_line' id='line_1_4' title="bbox 117 400 961 462; baseline 0 -13"><span class='ocrx_word' id='word_1_26' title='bbox 117 410 179 449; x_wconf 77' lang='lat' dir='ltr'>mule</span> <span class='ocrx_word' id='word_1_27' title='bbox 200 410 232 461; x_wconf 83' lang='lat' dir='ltr'>(n.</span> <span class='ocrx_word' id='word_1_28' title='bbox 251 400 310 462; x_wconf 66' lang='lat'>566).</span> <span class='ocrx_word' id='word_1_29' title='bbox 330 410 452 452; x_wconf 83' lang='lat' dir='ltr'>Eiusmodi</span> <span class='ocrx_word' id='word_1_30' title='bbox 470 409 625 460; x_wconf 80' lang='lat' dir='ltr'>beneficium,</span> <span class='ocrx_word' id='word_1_31' title='bbox 645 408 775 460; x_wconf 87' lang='lat' dir='ltr'>quodiam</span> <span class='ocrx_word' id='word_1_32' title='bbox 793 409 819 449; x_wconf 89' lang='lat' dir='ltr'>in</span> <span class='ocrx_word' id='word_1_33' title='bbox 837 408 961 450; x_wconf 88' lang='lat' dir='ltr'>collatione</span> 
     </span>
     <span class='ocr_line' id='line_1_5' title="bbox 116 471 963 525; baseline 0 -14"><span class='ocrx_word' id='word_1_34' title='bbox 116 472 194 512; x_wconf 83' lang='lat' dir='ltr'>omnis</span> <span class='ocrx_word' id='word_1_35' title='bbox 215 474 306 522; x_wconf 76' lang='lat' dir='ltr'>proriae</span> <span class='ocrx_word' id='word_1_36' title='bbox 329 474 434 525; x_wconf 65' lang='lat' dir='ltr'>efficacis</span> <span class='ocrx_word' id='word_1_37' title='bbox 456 473 565 521; x_wconf 85' lang='lat' dir='ltr'>habetur,</span> <span class='ocrx_word' id='word_1_38' title='bbox 590 472 663 523; x_wconf 80' lang='lat' dir='ltr'>pretii</span> <span class='ocrx_word' id='word_1_39' title='bbox 685 473 720 513; x_wconf 89' lang='lat' dir='ltr'>est</span> <span class='ocrx_word' id='word_1_40' title='bbox 743 471 963 523; x_wconf 71' lang='lat' dir='ltr'>incomparabiliter</span> 
     </span>
     <span class='ocr_line' id='line_1_6' title="bbox 117 534 962 587; baseline 0 -12"><span class='ocrx_word' id='word_1_41' title='bbox 117 535 214 576; x_wconf 88' lang='lat' dir='ltr'>maioris</span> <span class='ocrx_word' id='word_1_42' title='bbox 228 536 251 576; x_wconf 88' lang='lat' dir='ltr'>et</span> <span class='ocrx_word' id='word_1_43' title='bbox 264 537 434 587; x_wconf 67' lang='lat' dir='ltr'>consequenter</span> <span class='ocrx_word' id='word_1_44' title='bbox 446 537 519 577; x_wconf 85' lang='lat' dir='ltr'>etiarn</span> <span class='ocrx_word' id='word_1_45' title='bbox 534 536 569 577; x_wconf 86' lang='lat' dir='ltr'>est</span> <span class='ocrx_word' id='word_1_46' title='bbox 584 536 681 586; x_wconf 79' lang='lat' dir='ltr'>signum</span> <span class='ocrx_word' id='word_1_47' title='bbox 696 534 871 575; x_wconf 79' lang='lat' dir='ltr'>benevolentiae</span> <span class='ocrx_word' id='word_1_48' title='bbox 886 534 962 575; x_wconf 88' lang='lat' dir='ltr'>multo</span> 
     </span>
     <span class='ocr_line' id='line_1_7' title="bbox 115 597 962 650; baseline 0.001 -13"><span class='ocrx_word' id='word_1_49' title='bbox 115 598 270 648; x_wconf 81' lang='lat' dir='ltr'>specialioris,</span> <span class='ocrx_word' id='word_1_50' title='bbox 288 599 307 640; x_wconf 88' lang='lat' dir='ltr'>si</span> <span class='ocrx_word' id='word_1_51' title='bbox 321 600 413 641; x_wconf 79' lang='lat' dir='ltr'>confert</span> <span class='ocrx_word' id='word_1_52' title='bbox 428 610 475 640; x_wconf 87' lang='lat' dir='ltr'>non</span> <span class='ocrx_word' id='word_1_53' title='bbox 491 599 691 650; x_wconf 77' lang='lat' dir='ltr'>qualemcumque</span> <span class='ocrx_word' id='word_1_54' title='bbox 708 597 788 638; x_wconf 85' lang='lat' dir='ltr'>actum</span> <span class='ocrx_word' id='word_1_55' title='bbox 804 598 902 646; x_wconf 77' lang='lat' dir='ltr'>bouum,</span> <span class='ocrx_word' id='word_1_56' title='bbox 921 598 962 638; x_wconf 90' lang='lat' dir='ltr'>sed</span> 
     </span>
     <span class='ocr_line' id='line_1_8' title="bbox 116 661 961 715; baseline 0 -14"><span class='ocrx_word' id='word_1_57' title='bbox 116 663 220 712; x_wconf 86' lang='lat' dir='ltr'>praecise</span> <span class='ocrx_word' id='word_1_58' title='bbox 236 674 276 703; x_wconf 85' lang='lat' dir='ltr'>eos</span> <span class='ocrx_word' id='word_1_59' title='bbox 290 663 363 712; x_wconf 79' lang='lat' dir='ltr'>actus,</span> <span class='ocrx_word' id='word_1_60' title='bbox 380 663 467 715; x_wconf 90' lang='lat' dir='ltr'>quibus</span> <span class='ocrx_word' id='word_1_61' title='bbox 481 673 556 712; x_wconf 86' lang='lat' dir='ltr'>usque</span> <span class='ocrx_word' id='word_1_62' title='bbox 572 663 603 703; x_wconf 90' lang='lat' dir='ltr'>ad</span> <span class='ocrx_word' id='word_1_63' title='bbox 618 661 719 702; x_wconf 89' lang='lat' dir='ltr'>mortem</span> <span class='ocrx_word' id='word_1_64' title='bbox 735 661 837 702; x_wconf 86' lang='lat' dir='ltr'>inbono</span> <span class='ocrx_word' id='word_1_65' title='bbox 853 661 961 702; x_wconf 88' lang='lat' dir='ltr'>iaciendo</span> 
     </span>
     <span class='ocr_line' id='line_1_9' title="bbox 114 724 962 781; baseline -0.002 -16"><span class='ocrx_word' id='word_1_66' title='bbox 114 724 139 765; x_wconf 88' lang='lat' dir='ltr'>et</span> <span class='ocrx_word' id='word_1_67' title='bbox 151 725 214 765; x_wconf 89' lang='lat' dir='ltr'>malo</span> <span class='ocrx_word' id='word_1_68' title='bbox 226 726 323 767; x_wconf 83' lang='lat' dir='ltr'>vitando</span> <span class='ocrx_word' id='word_1_69' title='bbox 336 725 495 774; x_wconf 62' lang='lat' dir='ltr'>continuatum</span> <span class='ocrx_word' id='word_1_70' title='bbox 508 737 565 781; x_wconf 87' lang='lat' dir='ltr'>nam</span> <span class='ocrx_word' id='word_1_71' title='bbox 579 726 613 766; x_wconf 88' lang='lat' dir='ltr'>sic</span> <span class='ocrx_word' id='word_1_72' title='bbox 623 725 688 766; x_wconf 88' lang='lat' dir='ltr'>Deus</span> <span class='ocrx_word' id='word_1_73' title='bbox 701 736 726 764; x_wconf 80' lang='lat' dir='ltr'>eo</span> <span class='ocrx_word' id='word_1_74' title='bbox 739 726 790 776; x_wconf 81' lang='lat' dir='ltr'>ipso</span> <span class='ocrx_word' id='word_1_75' title='bbox 805 724 878 764; x_wconf 83' lang='lat' dir='ltr'>donat</span> <span class='ocrx_word' id='word_1_76' title='bbox 888 724 962 764; x_wconf 79' lang='lat' dir='ltr'>vitum</span> 
     </span>
     <span class='ocr_line' id='line_1_10' title="bbox 64 786 962 839; baseline -0.002 -11"><span class='ocrx_word' id='word_1_77' title='bbox 64 809 65 812; x_wconf 36' lang='lat'>¹</span> <span class='ocrx_word' id='word_1_78' title='bbox 114 794 244 828; x_wconf 73' lang='lat' dir='ltr'>aeternam.</span> <span class='ocrx_word' id='word_1_79' title='bbox 261 812 293 817; x_wconf 89' lang='lat'>—-</span> <span class='ocrx_word' id='word_1_80' title='bbox 308 789 329 839; x_wconf 84' lang='lat' dir='ltr'>e)</span> <span class='ocrx_word' id='word_1_81' title='bbox 348 789 415 830; x_wconf 82' lang='lat' dir='ltr'>Sicut</span> <span class='ocrx_word' id='word_1_82' title='bbox 428 795 569 839; x_wconf 80' lang='lat' dir='ltr'>potestatem</span> <span class='ocrx_word' id='word_1_83' title='bbox 584 788 753 837; x_wconf 85' lang='lat' dir='ltr'>perseverandi</span> <span class='ocrx_word' id='word_1_84' title='bbox 770 799 819 827; x_wconf 83' lang='lat' dir='ltr'>uon</span> <span class='ocrx_word' id='word_1_85' title='bbox 835 786 962 837; x_wconf 85' lang='lat' dir='ltr'>explicavi-</span> 
     </span>
     <span class='ocr_line' id='line_1_11' title="bbox 116 848 962 902; baseline -0.002 -11"><span class='ocrx_word' id='word_1_86' title='bbox 116 862 171 892; x_wconf 87' lang='lat' dir='ltr'>mus</span> <span class='ocrx_word' id='word_1_87' title='bbox 186 863 229 902; x_wconf 89' lang='lat' dir='ltr'>per</span> <span class='ocrx_word' id='word_1_88' title='bbox 244 851 342 902; x_wconf 75' lang='lat' dir='ltr'>aliquod</span> <span class='ocrx_word' id='word_1_89' title='bbox 359 851 576 892; x_wconf 70' lang='lat' dir='ltr'>extraordinarium</span> <span class='ocrx_word' id='word_1_90' title='bbox 589 851 714 900; x_wconf 78' lang='lat' dir='ltr'>auxilium,</span> <span class='ocrx_word' id='word_1_91' title='bbox 734 863 749 892; x_wconf 85' lang='lat' dir='ltr'>a</span> <span class='ocrx_word' id='word_1_92' title='bbox 764 860 860 891; x_wconf 87' lang='lat' dir='ltr'>summa</span> <span class='ocrx_word' id='word_1_93' title='bbox 876 848 962 902; x_wconf 85' lang='lat' dir='ltr'>gratia-</span> 
     </span>
     <span class='ocr_line' id='line_1_12' title="bbox 115 915 961 967; baseline -0.002 -13"><span class='ocrx_word' id='word_1_94' title='bbox 115 926 171 955; x_wconf 88' lang='lat' dir='ltr'>rum</span> <span class='ocrx_word' id='word_1_95' title='bbox 181 916 242 956; x_wconf 87' lang='lat' dir='ltr'>iusto</span> <span class='ocrx_word' id='word_1_96' title='bbox 254 915 395 956; x_wconf 84' lang='lat' dir='ltr'>collatarum</span> <span class='ocrx_word' id='word_1_97' title='bbox 407 915 546 955; x_wconf 80' lang='lat' dir='ltr'>distinctum</span> <span class='ocrx_word' id='word_1_98' title='bbox 558 916 589 967; x_wconf 87' lang='lat' dir='ltr'>(v.</span> <span class='ocrx_word' id='word_1_99' title='bbox 603 927 626 955; x_wconf 88' lang='lat' dir='ltr'>u.</span> <span class='ocrx_word' id='word_1_100' title='bbox 640 917 681 955; x_wconf 74' lang='lat'>174</span> <span class='ocrx_word' id='word_1_101' title='bbox 692 915 722 966; x_wconf 80' lang='lat' dir='ltr'>e),</span> <span class='ocrx_word' id='word_1_102' title='bbox 737 915 770 955; x_wconf 89' lang='lat' dir='ltr'>sic</span> <span class='ocrx_word' id='word_1_103' title='bbox 781 924 871 965; x_wconf 87' lang='lat' dir='ltr'>neque</span> <span class='ocrx_word' id='word_1_104' title='bbox 884 919 961 953; x_wconf 80' lang='lat' dir='ltr'>uolua-</span> 
     </span>
     <span class='ocr_line' id='line_1_13' title="bbox 113 976 961 1028; baseline -0.001 -11"><span class='ocrx_word' id='word_1_105' title='bbox 113 978 163 1018; x_wconf 79' lang='lat' dir='ltr'>tem</span> <span class='ocrx_word' id='word_1_106' title='bbox 175 978 378 1028; x_wconf 78' lang='lat' dir='ltr'>perseverantiam</span> <span class='ocrx_word' id='word_1_107' title='bbox 390 977 538 1028; x_wconf 83' lang='lat' dir='ltr'>concipimus</span> <span class='ocrx_word' id='word_1_108' title='bbox 550 978 578 1019; x_wconf 89' lang='lat' dir='ltr'>ut</span> <span class='ocrx_word' id='word_1_109' title='bbox 591 978 695 1018; x_wconf 87' lang='lat' dir='ltr'>donum</span> <span class='ocrx_word' id='word_1_110' title='bbox 708 976 828 1018; x_wconf 73' lang='lat' dir='ltr'>realiter</span> <span class='ocrx_word' id='word_1_111' title='bbox 842 976 961 1017; x_wconf 88' lang='lat' dir='ltr'>distinc-</span> 
     </span>
     <span class='ocr_line' id='line_1_14' title="bbox 115 1040 961 1091; baseline -0.001 -10"><span class='ocrx_word' id='word_1_112' title='bbox 115 1041 174 1081; x_wconf 89' lang='lat' dir='ltr'>tum</span> <span class='ocrx_word' id='word_1_113' title='bbox 194 1054 209 1082; x_wconf 85' lang='lat' dir='ltr'>a</span> <span class='ocrx_word' id='word_1_114' title='bbox 232 1052 329 1081; x_wconf 84' lang='lat' dir='ltr'>summa</span> <span class='ocrx_word' id='word_1_115' title='bbox 345 1053 427 1082; x_wconf 88' lang='lat' dir='ltr'>earum</span> <span class='ocrx_word' id='word_1_116' title='bbox 445 1041 577 1091; x_wconf 83' lang='lat' dir='ltr'>gratiarum</span> <span class='ocrx_word' id='word_1_117' title='bbox 594 1040 730 1089; x_wconf 77' lang='lat' dir='ltr'>efficacium,</span> <span class='ocrx_word' id='word_1_118' title='bbox 750 1040 839 1091; x_wconf 85' lang='lat' dir='ltr'>quibus</span> <span class='ocrx_word' id='word_1_119' title='bbox 855 1051 899 1091; x_wconf 89' lang='lat' dir='ltr'>per</span> <span class='ocrx_word' id='word_1_120' title='bbox 916 1041 961 1080; x_wconf 88' lang='lat' dir='ltr'>ele-</span> 
     </span>
     <span class='ocr_line' id='line_1_15' title="bbox 115 1102 960 1155; baseline -0.001 -10"><span class='ocrx_word' id='word_1_121' title='bbox 115 1104 223 1146; x_wconf 86' lang='lat' dir='ltr'>mentum</span> <span class='ocrx_word' id='word_1_122' title='bbox 247 1105 370 1155; x_wconf 85' lang='lat' dir='ltr'>passivum</span> <span class='ocrx_word' id='word_1_123' title='bbox 392 1103 539 1154; x_wconf 67' lang='lat' dir='ltr'>opportunae</span> <span class='ocrx_word' id='word_1_124' title='bbox 555 1103 640 1144; x_wconf 87' lang='lat' dir='ltr'>mortis</span> <span class='ocrx_word' id='word_1_125' title='bbox 662 1104 752 1145; x_wconf 88' lang='lat' dir='ltr'>accedit</span> <span class='ocrx_word' id='word_1_126' title='bbox 767 1103 834 1145; x_wconf 86' lang='lat' dir='ltr'>ratio.</span> <span class='ocrx_word' id='word_1_127' title='bbox 845 1102 960 1144; x_wconf 84' lang='lat' dir='ltr'>efficaciae</span> 
     </span>
     <span class='ocr_line' id='line_1_16' title="bbox 73 1165 960 1221; baseline -0.001 -15"><span class='ocrx_word' id='word_1_128' title='bbox 73 1214 75 1221; x_wconf 25' lang='lat' dir='ltr'>y</span> <span class='ocrx_word' id='word_1_129' title='bbox 115 1166 204 1206; x_wconf 77' lang='lat' dir='ltr'>tinalis.</span> <span class='ocrx_word' id='word_1_130' title='bbox 217 1189 249 1196; x_wconf 75' lang='lat'>-</span> <span class='ocrx_word' id='word_1_131' title='bbox 262 1167 279 1216; x_wconf 83' lang='lat' dir='ltr'>i)</span> <span class='ocrx_word' id='word_1_132' title='bbox 295 1167 354 1206; x_wconf 87' lang='lat' dir='ltr'>Non</span> <span class='ocrx_word' id='word_1_133' title='bbox 367 1165 489 1217; x_wconf 85' lang='lat' dir='ltr'>oportet,</span> <span class='ocrx_word' id='word_1_134' title='bbox 503 1167 530 1207; x_wconf 90' lang='lat' dir='ltr'>ut</span> <span class='ocrx_word' id='word_1_135' title='bbox 542 1166 631 1217; x_wconf 84' lang='lat' dir='ltr'>gratiae</span> <span class='ocrx_word' id='word_1_136' title='bbox 645 1166 754 1215; x_wconf 86' lang='lat' dir='ltr'>efficaces,</span> <span class='ocrx_word' id='word_1_137' title='bbox 768 1167 858 1217; x_wconf 86' lang='lat' dir='ltr'>quibus</span> <span class='ocrx_word' id='word_1_138' title='bbox 870 1167 960 1208; x_wconf 87' lang='lat' dir='ltr'>donum</span> 
     </span>
     <span class='ocr_line' id='line_1_17' title="bbox 115 1228 960 1281; baseline 0 -11"><span class='ocrx_word' id='word_1_139' title='bbox 115 1230 304 1279; x_wconf 86' lang='lat' dir='ltr'>perseverantiae</span> <span class='ocrx_word' id='word_1_140' title='bbox 321 1229 419 1270; x_wconf 86' lang='lat' dir='ltr'>actualis</span> <span class='ocrx_word' id='word_1_141' title='bbox 435 1228 593 1279; x_wconf 82' lang='lat' dir='ltr'>componitur,</span> <span class='ocrx_word' id='word_1_142' title='bbox 612 1229 702 1270; x_wconf 88' lang='lat' dir='ltr'>ratione</span> <span class='ocrx_word' id='word_1_143' title='bbox 719 1230 822 1278; x_wconf 78' lang='lat' dir='ltr'>numeri,</span> <span class='ocrx_word' id='word_1_144' title='bbox 838 1230 960 1281; x_wconf 77' lang='lat' dir='ltr'>perfectio-</span> 
     </span>
     <span class='ocr_line' id='line_1_18' title="bbox 112 1292 962 1343; baseline 0.001 -12"><span class='ocrx_word' id='word_1_145' title='bbox 112 1292 152 1331; x_wconf 83' lang='lat' dir='ltr'>nis</span> <span class='ocrx_word' id='word_1_146' title='bbox 165 1292 298 1342; x_wconf 71' lang='lat' dir='ltr'>specificae,</span> <span class='ocrx_word' id='word_1_147' title='bbox 313 1292 455 1332; x_wconf 77' lang='lat' dir='ltr'>intensitatis</span> <span class='ocrx_word' id='word_1_148' title='bbox 468 1293 491 1333; x_wconf 94' lang='lat' dir='ltr'>et</span> <span class='ocrx_word' id='word_1_149' title='bbox 503 1293 674 1343; x_wconf 86' lang='lat' dir='ltr'>consequenter</span> <span class='ocrx_word' id='word_1_150' title='bbox 686 1292 776 1333; x_wconf 89' lang='lat' dir='ltr'>ratione</span> <span class='ocrx_word' id='word_1_151' title='bbox 790 1293 887 1341; x_wconf 79' lang='lat' dir='ltr'>virium,</span> <span class='ocrx_word' id='word_1_152' title='bbox 901 1303 962 1343; x_wconf 89' lang='lat' dir='ltr'>quas</span> 
     </span>
     <span class='ocr_line' id='line_1_19' title="bbox 112 1354 962 1406; baseline -0.001 -9"><span class='ocrx_word' id='word_1_153' title='bbox 112 1356 231 1397; x_wconf 81' lang='lat' dir='ltr'>voluntati</span> <span class='ocrx_word' id='word_1_154' title='bbox 256 1355 389 1404; x_wconf 78' lang='lat' dir='ltr'>conterunt,</span> <span class='ocrx_word' id='word_1_155' title='bbox 416 1365 526 1406; x_wconf 89' lang='lat' dir='ltr'>semper</span> <span class='ocrx_word' id='word_1_156' title='bbox 550 1354 730 1405; x_wconf 86' lang='lat' dir='ltr'>praecellant</span> <span class='ocrx_word' id='word_1_157' title='bbox 753 1367 810 1406; x_wconf 90' lang='lat' dir='ltr'>prae</span> <span class='ocrx_word' id='word_1_158' title='bbox 829 1355 860 1396; x_wconf 91' lang='lat' dir='ltr'>iis</span> <span class='ocrx_word' id='word_1_159' title='bbox 878 1355 962 1406; x_wconf 81' lang='lat' dir='ltr'>gratiis</span> 
     </span>
     <span class='ocr_line' id='line_1_20' title="bbox 92 1418 961 1470; baseline -0.001 -10"><span class='ocrx_word' id='word_1_160' title='bbox 92 1431 169 1461; x_wconf 32' lang='lat' dir='ltr'>¹&#39;rere</span> <span class='ocrx_word' id='word_1_161' title='bbox 188 1419 365 1467; x_wconf 83' lang='lat' dir='ltr'>sufficientibus,</span> <span class='ocrx_word' id='word_1_162' title='bbox 387 1418 475 1469; x_wconf 88' lang='lat' dir='ltr'>quibus</span> <span class='ocrx_word' id='word_1_163' title='bbox 491 1430 552 1469; x_wconf 88' lang='lat' dir='ltr'>pura</span> <span class='ocrx_word' id='word_1_164' title='bbox 572 1418 675 1468; x_wconf 85' lang='lat' dir='ltr'>potestas</span> <span class='ocrx_word' id='word_1_165' title='bbox 694 1419 870 1470; x_wconf 83' lang='lat' dir='ltr'>perseverandi,</span> <span class='ocrx_word' id='word_1_166' title='bbox 892 1419 961 1460; x_wconf 86' lang='lat' dir='ltr'>dene-</span> 
     </span>
     <span class='ocr_line' id='line_1_21' title="bbox 112 1475 961 1535; baseline 0.001 -12"><span class='ocrx_word' id='word_1_167' title='bbox 112 1484 169 1534; x_wconf 82' lang='lat' dir='ltr'>gata</span> <span class='ocrx_word' id='word_1_168' title='bbox 187 1483 364 1534; x_wconf 79' lang='lat' dir='ltr'>perseuerantia</span> <span class='ocrx_word' id='word_1_169' title='bbox 382 1482 477 1532; x_wconf 74' lang='lat' dir='ltr'>actuari,</span> <span class='ocrx_word' id='word_1_170' title='bbox 498 1475 657 1524; x_wconf 84' lang='lat' dir='ltr'>constituitur.</span> <span class='ocrx_word' id='word_1_171' title='bbox 680 1483 742 1525; x_wconf 86' lang='lat' dir='ltr'>Sane</span> <span class='ocrx_word' id='word_1_172' title='bbox 762 1483 841 1532; x_wconf 89' lang='lat' dir='ltr'>multi,</span> <span class='ocrx_word' id='word_1_173' title='bbox 860 1483 902 1534; x_wconf 88' lang='lat' dir='ltr'>qui</span> <span class='ocrx_word' id='word_1_174' title='bbox 922 1494 961 1535; x_wconf 89' lang='lat' dir='ltr'>pe-</span> 
     </span>
     <span class='ocr_line' id='line_1_22' title="bbox 112 1545 961 1597; baseline 0 -11"><span class='ocrx_word' id='word_1_175' title='bbox 112 1546 191 1594; x_wconf 85' lang='lat' dir='ltr'>reunt,</span> <span class='ocrx_word' id='word_1_176' title='bbox 212 1546 350 1587; x_wconf 80' lang='lat' dir='ltr'>habuerunt</span> <span class='ocrx_word' id='word_1_177' title='bbox 368 1545 456 1596; x_wconf 82' lang='lat' dir='ltr'>gratias</span> <span class='ocrx_word' id='word_1_178' title='bbox 475 1546 618 1596; x_wconf 77' lang='lat' dir='ltr'>copiosiores</span> <span class='ocrx_word' id='word_1_179' title='bbox 638 1546 661 1587; x_wconf 90' lang='lat' dir='ltr'>et</span> <span class='ocrx_word' id='word_1_180' title='bbox 680 1546 868 1587; x_wconf 68' lang='lat' dir='ltr'>abundantiores</span> <span class='ocrx_word' id='word_1_181' title='bbox 888 1557 961 1597; x_wconf 89' lang='lat' dir='ltr'>quam</span> 
     </span>
     <span class='ocr_line' id='line_1_23' title="bbox 113 1608 961 1659; baseline 0.002 -11"><span class='ocrx_word' id='word_1_182' title='bbox 113 1609 214 1659; x_wconf 86' lang='lat' dir='ltr'>quidam</span> <span class='ocrx_word' id='word_1_183' title='bbox 226 1608 275 1657; x_wconf 86' lang='lat' dir='ltr'>alii,</span> <span class='ocrx_word' id='word_1_184' title='bbox 290 1609 332 1658; x_wconf 88' lang='lat' dir='ltr'>qui</span> <span class='ocrx_word' id='word_1_185' title='bbox 345 1620 388 1658; x_wconf 89' lang='lat' dir='ltr'>per</span> <span class='ocrx_word' id='word_1_186' title='bbox 400 1619 489 1659; x_wconf 88' lang='lat' dir='ltr'>paucas</span> <span class='ocrx_word' id='word_1_187' title='bbox 498 1608 588 1659; x_wconf 80' lang='lat' dir='ltr'>gratias</span> <span class='ocrx_word' id='word_1_188' title='bbox 600 1608 704 1650; x_wconf 83' lang='lat' dir='ltr'>efficaces</span> <span class='ocrx_word' id='word_1_189' title='bbox 716 1608 847 1650; x_wconf 80' lang='lat' dir='ltr'>salvantur.</span> <span class='ocrx_word' id='word_1_190' title='bbox 862 1609 961 1650; x_wconf 77' lang='lat' dir='ltr'>Parvuli</span> 
     </span>
     <span class='ocr_line' id='line_1_24' title="bbox 114 1671 961 1723; baseline 0 -10"><span class='ocrx_word' id='word_1_191' title='bbox 114 1683 157 1722; x_wconf 89' lang='lat' dir='ltr'>per</span> <span class='ocrx_word' id='word_1_192' title='bbox 172 1673 269 1713; x_wconf 89' lang='lat' dir='ltr'>unicam</span> <span class='ocrx_word' id='word_1_193' title='bbox 287 1672 401 1723; x_wconf 82' lang='lat' dir='ltr'>baptismi</span> <span class='ocrx_word' id='word_1_194' title='bbox 419 1672 521 1722; x_wconf 81' lang='lat' dir='ltr'>gratiam</span> <span class='ocrx_word' id='word_1_195' title='bbox 540 1671 670 1720; x_wconf 76' lang='lat' dir='ltr'>salvantur,</span> <span class='ocrx_word' id='word_1_196' title='bbox 690 1684 745 1713; x_wconf 90' lang='lat' dir='ltr'>cum</span> <span class='ocrx_word' id='word_1_197' title='bbox 764 1672 864 1723; x_wconf 87' lang='lat' dir='ltr'>plurimi</span> <span class='ocrx_word' id='word_1_198' title='bbox 884 1673 961 1713; x_wconf 79' lang='lat' dir='ltr'>adulti</span> 
     </span>
     <span class='ocr_line' id='line_1_25' title="bbox 113 1732 959 1786; baseline 0.001 -11"><span class='ocrx_word' id='word_1_199' title='bbox 113 1746 162 1775; x_wconf 88' lang='lat' dir='ltr'>non</span> <span class='ocrx_word' id='word_1_200' title='bbox 182 1735 334 1775; x_wconf 85' lang='lat' dir='ltr'>obstantibus</span> <span class='ocrx_word' id='word_1_201' title='bbox 354 1734 437 1776; x_wconf 84' lang='lat' dir='ltr'>multis</span> <span class='ocrx_word' id='word_1_202' title='bbox 460 1732 557 1775; x_wconf 67' lang='lat' dir='ltr'>auxiliis</span> <span class='ocrx_word' id='word_1_203' title='bbox 578 1734 667 1786; x_wconf 81' lang='lat' dir='ltr'>gratiae</span> <span class='ocrx_word' id='word_1_204' title='bbox 687 1735 825 1786; x_wconf 85' lang='lat' dir='ltr'>baptismali</span> <span class='ocrx_word' id='word_1_205' title='bbox 847 1736 959 1786; x_wconf 85' lang='lat' dir='ltr'>superad-</span> 
     </span>
     <span class='ocr_line' id='line_1_26' title="bbox 112 1796 959 1848; baseline 0 -10"><span class='ocrx_word' id='word_1_206' title='bbox 112 1798 171 1838; x_wconf 85' lang='lat' dir='ltr'>ditis</span> <span class='ocrx_word' id='word_1_207' title='bbox 189 1797 352 1848; x_wconf 81' lang='lat' dir='ltr'>reprobentur.</span> <span class='ocrx_word' id='word_1_208' title='bbox 374 1797 420 1837; x_wconf 80' lang='lat' dir='ltr'>Sed</span> <span class='ocrx_word' id='word_1_209' title='bbox 439 1808 533 1847; x_wconf 85' lang='lat' dir='ltr'>semper</span> <span class='ocrx_word' id='word_1_210' title='bbox 550 1796 628 1848; x_wconf 77' lang='lat' dir='ltr'>gratia</span> <span class='ocrx_word' id='word_1_211' title='bbox 645 1797 727 1838; x_wconf 67' lang='lat' dir='ltr'>efficax</span> <span class='ocrx_word' id='word_1_212' title='bbox 744 1808 801 1847; x_wconf 90' lang='lat' dir='ltr'>prae</span> <span class='ocrx_word' id='word_1_213' title='bbox 820 1809 879 1848; x_wconf 85' lang='lat' dir='ltr'>pure</span> <span class='ocrx_word' id='word_1_214' title='bbox 897 1798 959 1838; x_wconf 88' lang='lat' dir='ltr'>suffi-</span> 
     </span>
     <span class='ocr_line' id='line_1_27' title="bbox 112 1858 959 1912; baseline 0 -12"><span class='ocrx_word' id='word_1_215' title='bbox 112 1859 189 1901; x_wconf 87' lang='lat' dir='ltr'>ciente</span> <span class='ocrx_word' id='word_1_216' title='bbox 200 1859 223 1899; x_wconf 88' lang='lat' dir='ltr'>et</span> <span class='ocrx_word' id='word_1_217' title='bbox 235 1860 326 1900; x_wconf 88' lang='lat' dir='ltr'>donum</span> <span class='ocrx_word' id='word_1_218' title='bbox 338 1858 525 1910; x_wconf 78' lang='lat' dir='ltr'>perseverantiae</span> <span class='ocrx_word' id='word_1_219' title='bbox 539 1859 622 1901; x_wconf 83' lang='lat' dir='ltr'>finalis</span> <span class='ocrx_word' id='word_1_220' title='bbox 632 1872 689 1911; x_wconf 87' lang='lat' dir='ltr'>prae</span> <span class='ocrx_word' id='word_1_221' title='bbox 701 1871 769 1901; x_wconf 86' lang='lat' dir='ltr'>mera</span> <span class='ocrx_word' id='word_1_222' title='bbox 781 1860 894 1911; x_wconf 88' lang='lat' dir='ltr'>potestate</span> <span class='ocrx_word' id='word_1_223' title='bbox 907 1872 959 1912; x_wconf 91' lang='lat' dir='ltr'>per-</span> 
     </span>
     <span class='ocr_line' id='line_1_28' title="bbox 112 1923 959 1974; baseline -0.001 -9"><span class='ocrx_word' id='word_1_224' title='bbox 112 1924 237 1965; x_wconf 86' lang='lat' dir='ltr'>severandi</span> <span class='ocrx_word' id='word_1_225' title='bbox 252 1924 341 1964; x_wconf 87' lang='lat' dir='ltr'>habent</span> <span class='ocrx_word' id='word_1_226' title='bbox 354 1923 469 1963; x_wconf 89' lang='lat' dir='ltr'>rationem</span> <span class='ocrx_word' id='word_1_227' title='bbox 485 1924 596 1974; x_wconf 69' lang='lat' dir='ltr'>beneficii</span> <span class='ocrx_word' id='word_1_228' title='bbox 609 1924 706 1964; x_wconf 79' lang='lat' dir='ltr'>morulis</span> <span class='ocrx_word' id='word_1_229' title='bbox 721 1924 796 1964; x_wconf 79' lang='lat' dir='ltr'>multo</span> <span class='ocrx_word' id='word_1_230' title='bbox 812 1925 959 1965; x_wconf 77' lang='lat' dir='ltr'>earelientio-</span> 
     </span>
     <span class='ocr_line' id='line_1_29' title="bbox 111 1985 958 2038; baseline 0.002 -12"><span class='ocrx_word' id='word_1_231' title='bbox 111 1988 154 2036; x_wconf 77' lang='lat' dir='ltr'>ris,</span> <span class='ocrx_word' id='word_1_232' title='bbox 170 1987 218 2028; x_wconf 83' lang='lat' dir='ltr'>sive</span> <span class='ocrx_word' id='word_1_233' title='bbox 232 1987 258 2026; x_wconf 85' lang='lat' dir='ltr'>in</span> <span class='ocrx_word' id='word_1_234' title='bbox 272 1985 357 2027; x_wconf 86' lang='lat' dir='ltr'>morali</span> <span class='ocrx_word' id='word_1_235' title='bbox 369 1985 530 2027; x_wconf 85' lang='lat' dir='ltr'>aestimatione</span> <span class='ocrx_word' id='word_1_236' title='bbox 545 1985 623 2026; x_wconf 88' lang='lat' dir='ltr'>multo</span> <span class='ocrx_word' id='word_1_237' title='bbox 634 1986 711 2037; x_wconf 89' lang='lat' dir='ltr'>pluris</span> <span class='ocrx_word' id='word_1_238' title='bbox 724 1986 811 2036; x_wconf 70' lang='lat' dir='ltr'>valent,</span> <span class='ocrx_word' id='word_1_239' title='bbox 827 1987 899 2038; x_wconf 87' lang='lat' dir='ltr'>idque</span> <span class='ocrx_word' id='word_1_240' title='bbox 914 1988 958 2028; x_wconf 90' lang='lat' dir='ltr'>sub</span> 
     </span>
     <span class='ocr_line' id='line_1_30' title="bbox 113 2049 917 2103; baseline 0 -13"><span class='ocrx_word' id='word_1_241' title='bbox 113 2050 222 2100; x_wconf 88' lang='lat' dir='ltr'>respectu</span> <span class='ocrx_word' id='word_1_242' title='bbox 233 2049 345 2090; x_wconf 80' lang='lat' dir='ltr'>beneficii</span> <span class='ocrx_word' id='word_1_243' title='bbox 358 2049 407 2089; x_wconf 86' lang='lat' dir='ltr'>tam</span> <span class='ocrx_word' id='word_1_244' title='bbox 420 2050 551 2090; x_wconf 77' lang='lat' dir='ltr'>materialia</span> <span class='ocrx_word' id='word_1_245' title='bbox 564 2061 637 2100; x_wconf 86' lang='lat' dir='ltr'>quarn</span> <span class='ocrx_word' id='word_1_246' title='bbox 650 2050 759 2100; x_wconf 70' lang='lat' dir='ltr'>formalis</span> <span class='ocrx_word' id='word_1_247' title='bbox 774 2051 805 2103; x_wconf 87' lang='lat' dir='ltr'>(v.</span> <span class='ocrx_word' id='word_1_248' title='bbox 820 2062 844 2091; x_wconf 89' lang='lat' dir='ltr'>n.</span> <span class='ocrx_word' id='word_1_249' title='bbox 859 2050 917 2102; x_wconf 81' lang='grc'>566).</span> 
     </span>
    </p>
   </div>
   <div class='ocr_carea' id='block_1_3' title="bbox 111 2185 961 2983">
    <p class='ocr_par' dir='ltr' id='par_1_3' title="bbox 111 2185 961 2983">
     <span class='ocr_line' id='line_1_31' title="bbox 113 2185 959 2240; baseline 0.002 -13"><span class='ocrx_word' id='word_1_250' title='bbox 113 2186 169 2228; x_wconf 82' lang='grc'><strong>572.</strong></span> <span class='ocrx_word' id='word_1_251' title='bbox 207 2186 367 2231; x_wconf 81' lang='lat' dir='ltr'>Sclrolr&#39;rrm.</span> <span class='ocrx_word' id='word_1_252' title='bbox 398 2185 432 2227; x_wconf 80' lang='lat' dir='ltr'>lle</span> <span class='ocrx_word' id='word_1_253' title='bbox 447 2185 663 2228; x_wconf 73' lang='lat' dir='ltr'>confirmationem</span> <span class='ocrx_word' id='word_1_254' title='bbox 676 2187 755 2239; x_wconf 78' lang='lat' dir='ltr'>gratia</span> <span class='ocrx_word' id='word_1_255' title='bbox 770 2189 796 2240; x_wconf 86' lang='lat' dir='ltr'>(P</span> <span class='ocrx_word' id='word_1_256' title='bbox 811 2190 858 2236; x_wconf 76' lang='lat'>1913</span> <span class='ocrx_word' id='word_1_257' title='bbox 872 2188 959 2239; x_wconf 64' lang='lat' dir='ltr'>&amp;hisi—</span> 
     </span>
     <span class='ocr_line' id='line_1_32' title="bbox 113 2249 960 2300; baseline 0 -10"><span class='ocrx_word' id='word_1_258' title='bbox 113 2252 162 2297; x_wconf 71' lang='lat'>1243</span> <span class='ocrx_word' id='word_1_259' title='bbox 174 2250 227 2290; x_wconf 80' lang='lat' dir='ltr'>Ber.</span> <span class='ocrx_word' id='word_1_260' title='bbox 236 2249 295 2300; x_wconf 76' lang='lat'>250).</span> <span class='ocrx_word' id='word_1_261' title='bbox 305 2250 462 2290; x_wconf 78' lang='lat' dir='ltr'>Confirmatio</span> <span class='ocrx_word' id='word_1_262' title='bbox 472 2250 495 2290; x_wconf 88' lang='lat' dir='ltr'>et</span> <span class='ocrx_word' id='word_1_263' title='bbox 506 2249 693 2300; x_wconf 84' lang='lat' dir='ltr'>impeccabilitas</span> <span class='ocrx_word' id='word_1_264' title='bbox 701 2252 824 2291; x_wconf 78' lang='lat' dir='ltr'>beatorum</span> <span class='ocrx_word' id='word_1_265' title='bbox 837 2251 860 2292; x_wconf 89' lang='lat' dir='ltr'>et</span> <span class='ocrx_word' id='word_1_266' title='bbox 873 2252 960 2292; x_wconf 78' lang='lat' dir='ltr'>Cirrist&#39;</span> 
     </span>
     <span class='ocr_line' id='line_1_33' title="bbox 112 2312 961 2366; baseline 0.001 -14"><span class='ocrx_word' id='word_1_267' title='bbox 112 2312 211 2353; x_wconf 79' lang='lat' dir='ltr'>viatoris</span> <span class='ocrx_word' id='word_1_268' title='bbox 226 2312 284 2353; x_wconf 89' lang='lat' dir='ltr'>alibi</span> <span class='ocrx_word' id='word_1_269' title='bbox 299 2312 448 2363; x_wconf 80' lang='lat' dir='ltr'>explicantur</span> <span class='ocrx_word' id='word_1_270' title='bbox 464 2313 490 2364; x_wconf 82' lang='lat' dir='ltr'>(P</span> <span class='ocrx_word' id='word_1_271' title='bbox 506 2313 540 2353; x_wconf 92' lang='grc' dir='ltr'>ΙΙΙ</span> <span class='ocrx_word' id='word_1_272' title='bbox 555 2315 604 2361; x_wconf 80' lang='lat'>455;</span> <span class='ocrx_word' id='word_1_273' title='bbox 618 2314 650 2354; x_wconf 91' lang='lat' dir='ltr'>lV</span> <span class='ocrx_word' id='word_1_274' title='bbox 665 2315 754 2366; x_wconf 74' lang='lat' dir='ltr'>300sst.</span> <span class='ocrx_word' id='word_1_275' title='bbox 770 2314 851 2364; x_wconf 86' lang='lat' dir='ltr'>Neque</span> <span class='ocrx_word' id='word_1_276' title='bbox 866 2314 961 2366; x_wconf 83' lang='lat' dir='ltr'>agimus</span> 
     </span>
     <span class='ocr_line' id='line_1_34' title="bbox 114 2375 960 2428; baseline 0.004 -14"><span class='ocrx_word' id='word_1_277' title='bbox 114 2375 143 2415; x_wconf 90' lang='lat' dir='ltr'>de</span> <span class='ocrx_word' id='word_1_278' title='bbox 155 2375 312 2425; x_wconf 84' lang='lat' dir='ltr'>impeccantia</span> <span class='ocrx_word' id='word_1_279' title='bbox 324 2377 402 2426; x_wconf 88' lang='lat' dir='ltr'>quoad</span> <span class='ocrx_word' id='word_1_280' title='bbox 412 2382 508 2428; x_wconf 81' lang='lat' dir='ltr'>peccata</span> <span class='ocrx_word' id='word_1_281' title='bbox 520 2377 631 2425; x_wconf 81' lang='lat' dir='ltr'>venialia,</span> <span class='ocrx_word' id='word_1_282' title='bbox 644 2377 732 2427; x_wconf 85' lang='lat' dir='ltr'>quibus</span> <span class='ocrx_word' id='word_1_283' title='bbox 743 2377 821 2428; x_wconf 82' lang='lat' dir='ltr'>gratia</span> <span class='ocrx_word' id='word_1_284' title='bbox 832 2388 880 2417; x_wconf 89' lang='lat' dir='ltr'>non</span> <span class='ocrx_word' id='word_1_285' title='bbox 891 2376 960 2417; x_wconf 79' lang='lat' dir='ltr'>amit</span> 
     </span>
     <span class='ocr_line' id='line_1_35' title="bbox 113 2439 959 2491; baseline 0.001 -12"><span class='ocrx_word' id='word_1_286' title='bbox 113 2439 172 2480; x_wconf 86' lang='lat' dir='ltr'>titur</span> <span class='ocrx_word' id='word_1_287' title='bbox 186 2441 218 2491; x_wconf 88' lang='lat' dir='ltr'>(n.</span> <span class='ocrx_word' id='word_1_288' title='bbox 233 2442 273 2480; x_wconf 81' lang='grc'>163</span> <span class='ocrx_word' id='word_1_289' title='bbox 281 2440 321 2491; x_wconf 81' lang='lat' dir='ltr'>ss).</span> <span class='ocrx_word' id='word_1_290' title='bbox 334 2439 420 2489; x_wconf 79' lang='lat' dir='ltr'>Aliquo</span> <span class='ocrx_word' id='word_1_291' title='bbox 431 2451 502 2480; x_wconf 88' lang='lat' dir='ltr'>sensu</span> <span class='ocrx_word' id='word_1_292' title='bbox 515 2440 596 2480; x_wconf 88' lang='lat' dir='ltr'>minus</span> <span class='ocrx_word' id='word_1_293' title='bbox 608 2441 704 2490; x_wconf 87' lang='lat' dir='ltr'>proprio</span> <span class='ocrx_word' id='word_1_294' title='bbox 717 2440 796 2480; x_wconf 87' lang='lat' dir='ltr'>omnis</span> <span class='ocrx_word' id='word_1_295' title='bbox 808 2440 885 2481; x_wconf 89' lang='lat' dir='ltr'>iustus</span> <span class='ocrx_word' id='word_1_296' title='bbox 898 2441 959 2480; x_wconf 82' lang='lat' dir='ltr'>dono</span> 
     </span>
     <span class='ocr_line' id='line_1_36' title="bbox 112 2502 959 2554; baseline 0.005 -13"><span class='ocrx_word' id='word_1_297' title='bbox 112 2503 303 2551; x_wconf 77' lang='lat' dir='ltr'>perseverantiae</span> <span class='ocrx_word' id='word_1_298' title='bbox 321 2502 451 2543; x_wconf 87' lang='lat' dir='ltr'>instructus</span> <span class='ocrx_word' id='word_1_299' title='bbox 467 2503 502 2544; x_wconf 87' lang='lat' dir='ltr'>est</span> <span class='ocrx_word' id='word_1_300' title='bbox 519 2502 677 2543; x_wconf 76' lang='lat' dir='ltr'>confirmatus</span> <span class='ocrx_word' id='word_1_301' title='bbox 694 2503 720 2544; x_wconf 89' lang='lat' dir='ltr'>in</span> <span class='ocrx_word' id='word_1_302' title='bbox 737 2502 814 2553; x_wconf 86' lang='lat' dir='ltr'>gratia</span> <span class='ocrx_word' id='word_1_303' title='bbox 832 2503 856 2543; x_wconf 87' lang='lat' dir='ltr'>et</span> <span class='ocrx_word' id='word_1_304' title='bbox 872 2503 959 2554; x_wconf 80' lang='lat' dir='ltr'>impee-</span> 
     </span>
     <span class='ocr_line' id='line_1_37' title="bbox 111 2564 958 2617; baseline 0.004 -13"><span class='ocrx_word' id='word_1_305' title='bbox 111 2565 204 2613; x_wconf 77' lang='lat' dir='ltr'>canitis,</span> <span class='ocrx_word' id='word_1_306' title='bbox 219 2565 267 2606; x_wconf 80' lang='lat' dir='ltr'>sire</span> <span class='ocrx_word' id='word_1_307' title='bbox 280 2576 328 2605; x_wconf 89' lang='lat' dir='ltr'>non</span> <span class='ocrx_word' id='word_1_308' title='bbox 339 2564 415 2615; x_wconf 88' lang='lat' dir='ltr'>potest</span> <span class='ocrx_word' id='word_1_309' title='bbox 426 2566 531 2616; x_wconf 75' lang='lat' dir='ltr'>graviter</span> <span class='ocrx_word' id='word_1_310' title='bbox 544 2565 680 2617; x_wconf 85' lang='lat' dir='ltr'>delinquere</span> <span class='ocrx_word' id='word_1_311' title='bbox 693 2566 717 2607; x_wconf 89' lang='lat' dir='ltr'>et</span> <span class='ocrx_word' id='word_1_312' title='bbox 727 2566 958 2617; x_wconf 80' lang='lat' dir='ltr'>gratiamamittere.</span> 
     </span>
     <span class='ocr_line' id='line_1_38' title="bbox 114 2628 959 2681; baseline 0 -12"><span class='ocrx_word' id='word_1_313' title='bbox 114 2629 178 2678; x_wconf 79' lang='lat' dir='ltr'>Quae</span> <span class='ocrx_word' id='word_1_314' title='bbox 202 2628 383 2680; x_wconf 87' lang='lat' dir='ltr'>impossibilitas</span> <span class='ocrx_word' id='word_1_315' title='bbox 405 2629 441 2669; x_wconf 86' lang='lat' dir='ltr'>est</span> <span class='ocrx_word' id='word_1_316' title='bbox 462 2628 610 2680; x_wconf 65' lang='lat' dir='ltr'>interitionis</span> <span class='ocrx_word' id='word_1_317' title='bbox 636 2629 684 2670; x_wconf 88' lang='lat' dir='ltr'>sive</span> <span class='ocrx_word' id='word_1_318' title='bbox 710 2641 855 2681; x_wconf 79' lang='lat' dir='ltr'>consequens</span> <span class='ocrx_word' id='word_1_319' title='bbox 879 2630 959 2671; x_wconf 89' lang='lat' dir='ltr'>actum</span> 
     </span>
     <span class='ocr_line' id='line_1_39' title="bbox 114 2690 960 2744; baseline 0.005 -14"><span class='ocrx_word' id='word_1_320' title='bbox 114 2692 246 2733; x_wconf 87' lang='lat' dir='ltr'>secundum</span> <span class='ocrx_word' id='word_1_321' title='bbox 258 2704 272 2733; x_wconf 91' lang='lat' dir='ltr'>a</span> <span class='ocrx_word' id='word_1_322' title='bbox 283 2692 331 2733; x_wconf 88' lang='lat' dir='ltr'>Deo</span> <span class='ocrx_word' id='word_1_323' title='bbox 343 2690 479 2742; x_wconf 78' lang='lat' dir='ltr'>praevisum</span> <span class='ocrx_word' id='word_1_324' title='bbox 493 2693 532 2743; x_wconf 80' lang='lat' dir='ltr'>(ci.</span> <span class='ocrx_word' id='word_1_325' title='bbox 547 2692 640 2740; x_wconf 69' lang='lat' dir='ltr'>Thena,</span> <span class='ocrx_word' id='word_1_326' title='bbox 652 2693 686 2732; x_wconf 83' lang='lat' dir='ltr'>De</span> <span class='ocrx_word' id='word_1_327' title='bbox 698 2703 746 2732; x_wconf 80' lang='lat' dir='ltr'>aer.</span> <span class='ocrx_word' id='word_1_328' title='bbox 760 2705 782 2744; x_wconf 90' lang='lat' dir='ltr'>q.</span> <span class='ocrx_word' id='word_1_329' title='bbox 796 2696 824 2734; x_wconf 79' lang='lat'>24</span> <span class='ocrx_word' id='word_1_330' title='bbox 836 2704 857 2733; x_wconf 90' lang='lat' dir='ltr'>a.</span> <span class='ocrx_word' id='word_1_331' title='bbox 872 2694 915 2744; x_wconf 78' lang='lat'>13).</span> <span class='ocrx_word' id='word_1_332' title='bbox 929 2718 960 2723; x_wconf 84' lang='lat'>—-</span> 
     </span>
     <span class='ocr_line' id='line_1_40' title="bbox 113 2755 959 2807; baseline 0.004 -13"><span class='ocrx_word' id='word_1_333' title='bbox 113 2755 147 2794; x_wconf 83' lang='lat' dir='ltr'>Ea</span> <span class='ocrx_word' id='word_1_334' title='bbox 161 2755 319 2802; x_wconf 80' lang='lat' dir='ltr'>confirmatio,</span> <span class='ocrx_word' id='word_1_335' title='bbox 334 2755 363 2795; x_wconf 89' lang='lat' dir='ltr'>de</span> <span class='ocrx_word' id='word_1_336' title='bbox 376 2766 424 2805; x_wconf 87' lang='lat' dir='ltr'>qua</span> <span class='ocrx_word' id='word_1_337' title='bbox 436 2765 500 2794; x_wconf 89' lang='lat' dir='ltr'>nunc</span> <span class='ocrx_word' id='word_1_338' title='bbox 514 2755 616 2806; x_wconf 78' lang='lat' dir='ltr'>agimus,</span> <span class='ocrx_word' id='word_1_339' title='bbox 629 2755 663 2795; x_wconf 89' lang='lat' dir='ltr'>est</span> <span class='ocrx_word' id='word_1_340' title='bbox 677 2756 768 2796; x_wconf 78' lang='lat' dir='ltr'>donum</span> <span class='ocrx_word' id='word_1_341' title='bbox 781 2757 857 2797; x_wconf 82' lang='lat' dir='ltr'>multo</span> <span class='ocrx_word' id='word_1_342' title='bbox 871 2758 959 2807; x_wconf 80' lang='lat' dir='ltr'>specio-</span> 
     </span>
     <span class='ocr_line' id='line_1_41' title="bbox 111 2816 960 2869; baseline 0.005 -14"><span class='ocrx_word' id='word_1_343' title='bbox 111 2816 167 2866; x_wconf 65' lang='grc' dir='ltr'>λίπε,</span> <span class='ocrx_word' id='word_1_344' title='bbox 181 2818 245 2868; x_wconf 90' lang='lat' dir='ltr'>quod</span> <span class='ocrx_word' id='word_1_345' title='bbox 258 2817 393 2868; x_wconf 83' lang='lat' dir='ltr'>insignibus</span> <span class='ocrx_word' id='word_1_346' title='bbox 404 2817 499 2858; x_wconf 85' lang='lat' dir='ltr'>tantum</span> <span class='ocrx_word' id='word_1_347' title='bbox 510 2818 598 2859; x_wconf 86' lang='lat' dir='ltr'>sanctis</span> <span class='ocrx_word' id='word_1_348' title='bbox 610 2818 753 2860; x_wconf 86' lang='lat' dir='ltr'>conceditur.</span> <span class='ocrx_word' id='word_1_349' title='bbox 768 2821 845 2869; x_wconf 84' lang='lat' dir='ltr'>Quare</span> <span class='ocrx_word' id='word_1_350' title='bbox 858 2820 960 2860; x_wconf 87' lang='lat' dir='ltr'>discri-</span> 
     </span>
     <span class='ocr_line' id='line_1_42' title="bbox 111 2876 957 2931; baseline 0.004 -13"><span class='ocrx_word' id='word_1_351' title='bbox 111 2889 176 2920; x_wconf 88' lang='lat' dir='ltr'>men</span> <span class='ocrx_word' id='word_1_352' title='bbox 198 2881 228 2921; x_wconf 86' lang='lat' dir='ltr'>ab</span> <span class='ocrx_word' id='word_1_353' title='bbox 250 2880 373 2922; x_wconf 84' lang='lat' dir='ltr'>ordinario</span> <span class='ocrx_word' id='word_1_354' title='bbox 394 2880 456 2921; x_wconf 87' lang='lat' dir='ltr'>dono</span> <span class='ocrx_word' id='word_1_355' title='bbox 478 2876 666 2931; x_wconf 80' lang='lat' dir='ltr'>perseverantiae</span> <span class='ocrx_word' id='word_1_356' title='bbox 688 2882 892 2930; x_wconf 70' lang='lat' dir='ltr'>explicandum</span> <span class='ocrx_word' id='word_1_357' title='bbox 915 2883 957 2923; x_wconf 90' lang='lat' dir='ltr'>est.</span> 
     </span>
     <span class='ocr_line' id='line_1_43' title="bbox 113 2941 457 2983; baseline 0.006 -3"><span class='ocrx_word' id='word_1_358' title='bbox 113 2941 198 2983; x_wconf 86' lang='lat' dir='ltr'>Variae</span> <span class='ocrx_word' id='word_1_359' title='bbox 215 2943 271 2983; x_wconf 89' lang='lat' dir='ltr'>sunt</span> <span class='ocrx_word' id='word_1_360' title='bbox 286 2942 457 2983; x_wconf 86' lang='lat' dir='ltr'>sententiae:</span> 
     </span>
    </p>
   </div>
   <div class='ocr_carea' id='block_1_4' title="bbox 0 0 1112 3350">
    <p class='ocr_par' dir='ltr' id='par_1_4' title="bbox 0 0 1112 3350">
     <span class='ocr_line' id='line_1_44' title="bbox 0 0 1112 3350; baseline 0 0"><span class='ocrx_word' id='word_1_361' title='bbox 0 0 1112 3350; x_wconf 95' lang='lat' dir='ltr'> </span> 
     </span>
    </p>
   </div>
  </div>
 </body>
</html>
