2214 3350
213 185 329 231 scholium
344 195 362 231 2,
381 194 402 231 S.
419 192 515 230 Thomas
531 192 553 228 et
569 192 780 238 praedeterminatio
885 191 922 228 477

74 308 195 344 ueroeam,
212 303 268 347 quae
280 301 320 338 iiat
334 301 463 337 transeunte
477 299 628 345 praenotione
643 300 673 336 ad
687 300 767 336 actum.
785 301 806 336 S.
823 299 920 336 Thomas

74 353 230 391 universaliter
246 356 314 398 nepai
331 351 538 389 determina-tionem
554 350 677 387 voluntatis
695 352 724 387 ad
740 360 811 387 unum
829 353 856 388 ab
875 351 920 387 alio

74 406 158 443 tactam
175 405 234 441 stare
252 414 303 441 eum
320 404 494 451 imputabilitate
512 403 565 438 talis
583 402 653 447 actus,
674 404 694 438 et
711 403 766 438 haec
784 402 919 439 universalis

74 457 163 503 negatio
176 465 264 493 omnem
276 457 368 492 modum
379 455 571 492 determinationis
586 456 614 491 ab
627 454 673 490 alio
685 454 801 491 faciendae
815 455 917 491 excludit.

74 512 146 554 Quare
163 517 209 544 non
225 509 288 544 debet
304 509 334 544 ad
350 517 420 543 unum
437 507 534 552 aliquem
550 507 642 542 modum
658 506 770 551 restringi,
787 507 920 552 praesertim

74 570 125 598 cum
141 560 173 596 sic
190 561 278 596 Doctori
295 560 401 605 Angelieo
418 560 466 595 tam
482 559 559 605 inepta
576 558 703 602 affigeretur
719 558 835 600 sententia,
855 559 920 603 quasi

74 612 162 649 effossio
182 612 272 657 quidem
288 611 404 647 oculorum
424 610 574 646 necessariam
593 610 673 646 reddat
693 611 836 645 omissionem
856 609 919 645 actus

89 665 111 700 'd
124 663 173 710 ndip
188 672 265 700 eorum
280 672 333 699 vero
349 663 448 699 violenta
465 663 493 699 ab
510 662 555 697 alio
572 661 706 708 praeligatis>
724 661 766 698 stet
782 671 832 697 cum
848 661 921 697 libera

119 715 193 751 ssione
206 715 305 751 visionis.
321 735 345 741 —
359 725 377 751 a.
395 715 418 753 2:
438 714 522 750 «Ratio
537 715 597 750 enim
612 714 708 760 culpae
722 714 748 749 in
762 713 813 749 actu
826 713 920 748 deformi

74 770 107 804 θεῖ
123 777 148 803 ex
165 767 212 812 hoc,
231 768 289 813 quod
305 766 405 813 procedit
420 768 449 803 ab
465 775 497 809 eo,
516 767 555 811 qui
571 766 638 802 hahet
655 765 780 802 <taminiam
797 765 832 801 sni
850 766 918 801 aetas.

72 820 119 855 Hoc
130 819 205 855 autem
215 819 248 855 est
259 819 283 854 in
294 819 384 854 homine
396 818 517 854 secundum
529 817 592 853 illam
603 816 733 863 potentiam,
747 815 803 862 quae
815 817 844 853 ad
854 815 921 861 plura

73 881 96 907 se
110 871 176 908 habet
188 880 228 906 nee
242 871 271 906 aa
284 871 375 916 alienent
390 879 465 906 eoram
480 869 641 905 determinatur
654 870 699 904 nist
714 878 739 904 er
752 878 775 904 re
789 868 845 914 ipsa,
862 868 920 913 quod

73 923 161 958 tantum
171 923 309 958 voluntati
321 921 428 958 contenit.
443 920 559 958 Potentiae
571 921 631 957 enim
644 922 735 965 organis
748 919 826 957 affixae
839 928 920 963 cogun-

72 975 110 1009 tur
124 974 153 1010 ad
167 974 264 1019 aliquem
277 974 352 1010 actum
366 983 407 1019 per
420 973 599 1009 immutationem
613 981 756 1018 oraanornrn,
773 973 822 1008 sine
838 972 919 1018 quibus

72 1026 98 1061 in
108 1026 182 1062 actum
192 1027 250 1062 exire
261 1035 307 1061 non
316 1026 417 1071 possunt
429 1025 553 1061 intellectus
565 1025 652 1061 autem.
662 1051 680 1061 ..
694 1024 781 1068 cogitur
792 1026 821 1061 ad
833 1024 919 1067 aliquid

73 1078 197 1113 erratione
210 1077 244 1114 vel
258 1078 416 1124 argumento.»
431 1078 497 1114 Vides
510 1087 537 1113 ex
548 1077 621 1113 mente
633 1076 751 1122 Aquinatis
765 1076 832 1112 etiam
846 1077 918 1112 trans-

72 1129 161 1164 euntem
184 1129 292 1164 initurum
317 1125 438 1172 externum,
457 1129 477 1165 si
494 1129 522 1164 ad
540 1137 610 1164 unum
635 1128 774 1171 determinat,
794 1137 840 1164 non
858 1128 917 1164 stare

72 1189 122 1215 cum
135 1180 187 1215 actu
200 1180 275 1215 libero.
289 1199 314 1205 -
331 1179 355 1215 la
368 1180 382 1216 3
399 1182 418 1216 d.
433 1180 458 1216 27
471 1190 490 1225 q,
505 1180 515 1215 1
530 1190 549 1215 a.
565 1181 577 1216 4
591 1181 620 1215 ad
634 1176 668 1217 12:
684 1181 793 1216 Voluntas
809 1194 820 1213 (ι
828 1182 861 1216 θεῖ
875 1182 919 1225 pri-

71 1239 133 1266 mam
145 1230 294 1266 determinans
308 1232 365 1267 alias
377 1232 488 1277 potentias
499 1232 611 1267 humanas
623 1232 653 1267 ad
665 1241 700 1267 res
713 1231 776 1273 alias,
790 1233 850 1268 circa
861 1240 917 1277 quas

73 1282 199 1327 operantur,
219 1282 240 1317 et
257 1283 308 1327 ipsa
325 1292 371 1317 non
390 1283 551 1318 determinatur
567 1284 594 1318 ab
614 1283 666 1326 alio;
685 1283 745 1319 unde
761 1284 870 1328 quantum
890 1284 919 1318 ad

136 1335 194 1379 quod
208 1343 222 1369 a
236 1335 280 1381 Deo
296 1334 457 1370 determinatur
473 1334 572 1370 naturali
586 1335 739 1378 inclinatione,
756 1335 919 1380 quodammodo

129 1387 197 1431 tatem
208 1394 254 1421 non
267 1386 339 1430 habet,
355 1386 394 1422 sed
407 1387 472 1431 quasi
485 1386 570 1431 cogitur
581 1385 682 1422 naturali
694 1386 846 1429 inclinatione,
861 1388 919 1424 sieut

71 1439 172 1482 respecta
186 1437 336 1480 beatitudinis,
351 1446 419 1483 quam
433 1438 508 1473 nullus
521 1447 568 1474 non
580 1439 653 1484 potest
666 1440 712 1474 non
725 1438 806 1475 velle».
822 1458 846 1465 -
866 1439 920 1476 1114

72 1490 92 1525 d.
106 1489 130 1525 40
142 1498 161 1534 q.
175 1488 187 1524 3
199 1498 218 1525 a.
234 1488 244 1524 1
257 1490 286 1525 ad
299 1489 322 1525 4:
339 1502 349 1522 (ι
358 1490 493 1534 contingens
506 1490 608 1526 futurum
620 1491 646 1526 ut
658 1491 732 1527 motus
744 1490 809 1527 liberi
822 1491 917 1531 arbitrii,

72 1541 173 1585 quamvis
189 1540 279 1576 nonsit
296 1541 469 1577 determinatum
484 1542 508 1576 in
525 1551 594 1578 causa
610 1551 659 1585 sua⁷
676 1543 710 1578 θεῖ
726 1544 801 1578 tamen
811 1543 919 1579 determi-

72 1593 150 1628 natum
163 1592 188 1627 in
202 1600 250 1628 esse
264 1600 312 1636 suo,
328 1593 450 1629 secundum
465 1594 524 1638 quod
535 1594 569 1630 est
584 1594 643 1638 actm
659 1595 680 1630 et
695 1595 727 1631 sic
742 1596 841 1631 subiacet
856 1595 919 1631 certi-

72 1644 145 1680 tudini
156 1645 323 1690 praescientiae.
333 1658 343 1678 n
355 1664 379 1670 —
389 1646 409 1682 d.
422 1646 446 1682 49
458 1655 477 1691 q.
491 1645 501 1681 1
513 1655 533 1682 a.
546 1645 558 1682 3
569 1655 600 1692 qe.
614 1647 626 1683 2
638 1647 667 1683 ad
680 1646 701 1682 1:
717 1647 840 1683 «Potentia
851 1647 918 1682 ratio-

72 1696 130 1732 nalis
144 1705 167 1732 se
182 1696 249 1733 habet
265 1697 295 1733 ad
311 1698 414 1743 opposita
428 1698 453 1733 in
468 1697 509 1741 his,
528 1706 584 1742 quae
601 1699 621 1734 ei
638 1698 740 1742 subsunt
757 1699 849 1735 ethaeo
865 1700 919 1735 sunt

71 1747 117 1789 illa,
133 1756 189 1793 quae
203 1757 243 1794 per
256 1749 329 1794 ipsam
344 1748 528 1793 determinanturg
542 1758 588 1785 non
601 1750 676 1786 autem
690 1750 762 1795 potest
776 1752 801 1786 in
815 1751 918 1797 opposita

74 1799 167 1842 'ilerum
186 1801 310 1845 quaesunt
325 1802 345 1836 ei
362 1801 391 1837 ab
409 1801 453 1836 alio
471 1801 628 1844 determinata;
645 1803 666 1838 et
682 1802 732 1838 ideo
749 1803 853 1844 voluntas
872 1811 917 1838 non

71 1852 143 1897 potest
154 1853 179 1888 in
194 1853 321 1899 oppositum
334 1854 389 1897 eius,
406 1854 435 1889 ad
449 1854 507 1898 quod
523 1862 548 1889 en
564 1854 640 1890 divina
655 1855 800 1899 impressione
817 1855 917 1890 determi-

70 1905 144 1948 natnr,
162 1904 244 1941 seilicet
260 1905 286 1940 in
302 1905 428 1951 oppositum
443 1904 494 1940 finis
511 1904 592 1948 ultimi;
608 1905 681 1951 potest
698 1906 773 1942 autem
788 1907 813 1942 in
831 1906 917 1953 opposi-

71 1954 118 1990 tum
135 1965 217 1999 eorum,
235 1965 292 2001 quae
309 1957 358 2001 ipsa
375 1957 418 1992 sibi
435 1957 573 2000 determinat,
591 1957 650 1993 sicut
665 1958 717 1994 sunt
734 1968 767 2003 ea,
784 1968 841 2003 quae
859 1959 917 1995 ordi-

71 2007 154 2043 nantur
164 2009 189 2043 in
200 2008 268 2044 finem
279 2008 390 2052 ultimum,
406 2017 500 2053 quorum
512 2009 589 2045 electio
602 2010 632 2045 ad
645 2011 718 2055 ipsam
731 2010 852 2056 pertinet.»

70 2127 125 2175 602.
149 2123 183 2171 De
199 2145 246 2171 ver.
268 2145 287 2180 qe
301 2136 325 2172 22
337 2145 356 2171 a.
371 2135 393 2172 t:
410 2135 605 2180 «Quanto-aliqua
618 2134 701 2171 natura
713 2136 746 2171 est
758 2136 803 2171 Deo
815 2135 916 2177 vicinior,

71 2184 133 2221 tanto
150 2188 225 2223 minus
243 2188 271 2222 ab
290 2196 314 2222 eo
331 2185 455 2222 inclinatur
473 2187 493 2222 et
510 2188 583 2232 magis
601 2188 657 2223 nata
675 2187 707 2223 est
726 2197 749 2223 se
764 2187 838 2233 ipsam
854 2187 917 2223 incli-

71 2238 165 2274 nare...
184 2239 272 2275 Natura
288 2238 414 2281 rationalis,
433 2238 490 2284 quae
507 2240 540 2275 θεῖ
555 2240 600 2275 Deo
618 2239 763 2283 vicinissime,
781 2248 828 2275 non
845 2239 917 2275 solum

70 2288 136 2326 hahet
148 2291 318 2328 inclinationem
330 2292 355 2327 in
366 2292 458 2337 aliquid,
474 2292 532 2328 sicut
545 2293 628 2329 habent
642 2292 774 2336 inanimata,
790 2303 830 2329 nec
844 2292 917 2329 solum

71 2350 159 2379 monens
176 2345 233 2381 hane
248 2345 424 2388 intimationem,
442 2346 506 2391 qnasi
522 2345 612 2381 alianae
630 2346 649 2382 et
665 2346 841 2390 determinatam,
860 2347 917 2382 sieut

71 2397 153 2433 natura
168 2398 287 2440 sensibilis,
305 2400 344 2435 sed
359 2399 421 2435 ultra
435 2398 476 2435 hoc
492 2399 558 2440 habet
573 2400 598 2434 tn
614 2401 722 2444 potestate
735 2400 809 2444 ipsam
825 2399 918 2435 inelina-

71 2447 157 2493 ttonem,
172 2447 253 2486 utnon
264 2452 294 2487 sit
305 2452 325 2488 ei
338 2451 489 2488 neeessariam
500 2451 606 2487 inclinari
620 2452 649 2488 ad
662 2451 781 2497 appetibile
794 2452 917 2498 apprehen-

71 2508 126 2543 sum,
144 2504 182 2539 sed
198 2504 268 2549 possit
283 2504 389 2540 inclinari
406 2503 440 2540 vel
456 2513 501 2540 non
517 2498 630 2548 inclinari5
648 2506 669 2541 et
685 2504 716 2540 sic
733 2504 784 2550 ipsa
799 2505 916 2551 inclinatio

70 2560 115 2587 nen
128 2554 289 2592 determinatur
304 2557 324 2592 ei
338 2557 366 2593 ab
381 2557 432 2601 alto,
449 2557 487 2593 sed
502 2567 516 2594 a
530 2559 552 2594 se
567 2558 623 2604 ipsa.
633 2570 644 2591 a
656 2576 680 2583 -
694 2567 713 2593 a.
729 2553 742 2593 6
757 2558 786 2594 ad
801 2557 823 2595 1:
842 2558 915 2593 «Esse

71 2606 158 2643 animae
171 2610 262 2645 nonest
276 2609 449 2645 determinatum
463 2620 476 2646 a
490 2619 512 2646 se
526 2610 582 2656 ipsa,
598 2611 637 2646 sed
650 2611 678 2646 ab
693 2610 737 2646 alio
752 2609 808 2656 [scil.
826 2612 839 2646 a
851 2609 915 2655 Deo];

70 2658 107 2693 sed
121 2659 171 2704 ipra
185 2661 318 2704 determinat
332 2662 374 2698 eibi
389 2672 455 2698 snam
468 2663 529 2699 nette.
545 2663 573 2699 Et
586 2664 643 2707 ideo,
658 2664 760 2708 quamvis
775 2673 821 2699 esse
834 2663 864 2699 sit
877 2664 916 2698 iin-

69 2711 181 2755 mutabile‚
200 2714 276 2751 tamen
292 2715 347 2750 nelle
364 2715 562 2751 indeterminatum
579 2716 613 2752 est
629 2724 655 2752 ac
671 2724 711 2761 per
727 2715 768 2753 hoc
785 2717 810 2752 in
827 2717 917 2752 diversa

69 2760 163 2800 flexibile
172 2779 181 2798 u
198 2766 259 2811 (ergo
274 2768 293 2803 si
304 2769 364 2804 Deus
377 2768 535 2805 determinaret
550 2768 618 2805 etiam
632 2768 694 2813 velle,
710 2769 751 2805 hoc
765 2770 823 2806 esset
837 2771 916 2805 immu-

68 2813 166 2853 tabiliter
178 2818 202 2853 in
215 2820 313 2866 honum).
328 2839 352 2845 -
366 2820 459 2866 nepot.
474 2830 494 2866 q.
509 2821 521 2858 3
534 2831 553 2857 a.
569 2822 581 2858 7
596 2821 676 2867 (textus
690 2821 797 2858 classicus
811 2823 917 2859 Badezia-

70 2870 170 2916 noru1n):
189 2872 248 2908 Deus
265 2873 371 2918 operatur
387 2873 412 2908 in
429 2875 489 2909 omni
508 2874 636 2920 operatione
652 2875 747 2912 naturae
763 2876 830 2921 atque
848 2875 916 2911 etiam

69 2918 93 2953 in
109 2921 223 2960 voluntate
241 2926 319 2961 nostra
336 2926 448 2971 operante.
468 2926 514 2963 Hoc
533 2928 610 2963 tamen
626 2937 672 2963 non
690 2929 752 2963 obest
769 2928 873 2964 libertati.
893 2947 916 2953 -

69 2971 98 3006 ad
114 2972 147 3011 12:
167 2977 244 3012 «Deus
259 2987 305 3013 non
320 2978 402 3015 dicitur
415 2978 528 3016 hominem
542 2979 686 3024 dereliquisse
702 2982 727 3016 in
742 2989 812 3017 manu
827 2979 915 3017 consilii
