2214 3350
145 150 181 186 102
252 148 306 184 Sect.
321 149 336 183 Ι.
350 132 395 182 Art,
410 149 437 183 Π.
451 147 488 192 12.
503 146 560 189 Quid
572 146 654 181 natura
665 145 730 190 lapsa
744 155 787 181 non
799 147 868 191 possit

143 256 307 307 severantiaet
323 257 346 308 b)
363 268 436 307 supro
450 256 527 306 legem
544 253 703 306 (confirmatio
718 254 744 293 in
758 253 851 305 gratia),
868 254 889 305 c)
907 259 988 293 contro

143 320 220 371 legem
240 319 403 370 (immaculata
426 317 553 368 conceptio,
573 317 711 358 omnimoda
735 315 858 357 exstinctio
878 327 968 367 concup

143 382 264 434 scentiae);
280 382 302 433 a)
319 393 367 423 non
380 382 418 423 est
431 381 591 432 privilegium,
608 380 632 431 b)
650 379 824 429 aliquomodo,
842 379 883 420 secl
899 390 945 420 non
961 379 986 418 in

142 447 227 497 rigore,
244 446 264 497 c)
281 446 316 486 est
330 444 482 495 privilegium
497 453 568 483 sensu
583 441 739 483 strictissimo.
755 442 818 482 Illud
833 441 986 493 privilegium

143 509 173 550 de
188 520 235 560 quo
249 508 350 559 agimus,
366 507 402 548 est
416 513 496 547 contro
511 517 563 546 eam
578 506 662 556 legem,
679 517 727 555 qua
742 505 805 546 Deus
820 505 924 547 decrevit
938 517 986 546 non

141 572 249 612 conterre
264 571 351 622 gratias
366 570 487 611 uberiores
501 569 524 609 et
537 567 672 619 permittere
688 568 712 608 in
726 567 839 609 omnibus
854 567 986 609 individuis

142 635 236 685 generis
251 634 352 674 humani
368 632 562 683 lapsiquaedam
579 632 674 682 peccata
691 632 721 672 ad
739 632 813 672 bonos
829 631 851 672 61
868 631 986 682 sapientes

142 698 205 738 fines
218 697 357 737 ordinanda.
372 718 404 728 —-
419 695 559 746 Speciem,
575 694 650 735 immo
664 694 863 745 specialissimum
878 695 985 737 6116115-

142 760 231 800 simum
247 759 283 800 est
298 759 342 798 hoc
358 758 519 809 privilegium,
538 758 557 797 si
575 768 623 797 non
641 757 718 798 solum
736 769 778 807 pro
797 757 859 798 certa
877 757 983 806 materia,

136 816 183 863 ¹sed
193 821 358 862 universaliter
369 822 447 872 quoad
457 821 539 861 omnia
549 820 662 861 mandata
673 831 750 870 neque
761 820 838 862 solum
849 831 893 871 pro
904 821 985 870 aliquo

142 886 254 935 tempore,
273 884 314 925 sed
329 895 373 934 pro
391 889 437 924 toto
455 884 504 924 otto
521 883 598 924 datur.

142 1017 194 1057 Ilici.v
230 1019 251 1056 3.
281 1015 423 1058 Adversarii.
453 1016 603 1066 Pelagiani
632 1016 715 1056 multis
744 1016 831 1057 sanctis
859 1013 984 1067 utriusque

139 1079 273 1120 testamenti
288 1080 384 1130 plenam
398 1079 580 1130 impeccantiam
594 1079 780 1130 adscripserunt.
796 1106 827 1111 -
841 1079 983 1130 Regnandi

138 1143 163 1184 et
187 1142 330 1193 Beguinae
354 1133 477 1183 summum
496 1142 622 1192 quendam>
635 1142 787 1193 perfectionis
806 1143 908 1192 gradum
927 1150 983 1183 cum

140 1206 244 1256 perfecta
259 1204 454 1255 impeccabilitate
470 1205 496 1245 in
511 1205 556 1246 hac
569 1205 620 1246 rita
634 1205 725 1256 acquiri
741 1216 809 1256 posse
825 1205 982 1247 affirmabant.

208 1297 228 1335 4.
243 1291 403 1344 Qualiti'catio:
418 1293 478 1334 «diu
486 1310 496 1329 2>
509 1293 545 1333 est
557 1298 619 1333 certo
632 1293 760 1341 conclusio*
775 1310 785 1328 a
794 1294 822 1332 in
834 1293 893 1334 tota
903 1293 963 1335 'vita
971 1312 980 1330 υ

139 1356 255 1407 definitor
271 1368 285 1397 a
301 1355 447 1397 Tridentino.

140 1491 193 1533 165.
227 1490 315 1536 Proh.
345 1492 363 1532 I.
380 1475 499 1533 Ecclesia.w
511 1490 672 1532 Tridentinum
687 1502 704 1530 s.
720 1494 734 1531 6
748 1502 798 1531 can.
814 1494 841 1532 23
858 1492 900 1541 (Dz
914 1491 962 1541 883)
974 1505 977 1531 :

138 1554 285 1596 tristificatus
297 1565 344 1595 non
356 1554 433 1605 potest
446 1555 470 1594 in
484 1554 533 1595 tota
545 1554 593 1596 vita
606 1554 702 1605 peccata
714 1555 802 1603 omnia,
817 1554 889 1595 etiam
903 1553 982 1595 venia-

137 1617 171 1657 lia
187 1616 269 1665 ritere,
289 1616 335 1657 nisi
353 1628 382 1657 ex
401 1616 499 1668 speciali
515 1618 558 1657 Dei
576 1617 708 1667 privilegio,
729 1618 932 1667 quemadmodum
951 1618 982 1658 de

136 1679 206 1721 beata
218 1679 315 1731 Virgine
328 1680 392 1720 tenet
405 1680 515 1721 Ecclesia.
531 1706 561 1711 -
574 1680 738 1730 Explicatio
753 1681 784 1731 (v.
799 1681 852 1720 Ber.
868 1682 984 1720 251-256

136 1743 159 1783 61
172 1744 191 1783 P
205 1745 245 1783 175
260 1743 322 1794 181):
339 1743 425 1794 Agitur
439 1746 458 1783 1.
474 1744 504 1784 de
518 1743 579 1784 statu
593 1743 691 1784 naturae
706 1743 795 1794 lapsum
808 1768 839 1774 —
852 1746 874 1784 2.
890 1744 917 1784 de
932 1749 980 1784 toto

135 1807 191 1854 trito,
207 1817 263 1856 ergo
276 1806 305 1846 de
318 1818 362 1846 usu
377 1806 477 1847 rationis
489 1806 538 1846 tam
552 1806 594 1846 diu
608 1806 731 1857 producto,
747 1807 774 1846 ut
787 1806 861 1857 possit
874 1807 979 1847 humano

135 1870 208 1909 inodo
220 1879 298 1909 sermo
310 1879 359 1909 esse
373 1869 402 1909 de
416 1868 464 1910 tota.
476 1869 532 1917 vitan
546 1869 602 1908 hinc
615 1869 690 1908 illatio
704 1869 759 1910 lieri
773 1869 849 1919 potest
861 1870 892 1910 ad
906 1870 979 1921 quod-

135 1933 194 1973 libet
211 1933 316 1982 spatium
333 1933 395 1972 ottae
413 1939 449 1972 sot
467 1944 592 1983 1169116111,-
609 1958 641 1964 —
658 1935 679 1972 3.
699 1934 729 1973 de
747 1933 858 1973 omnibus
878 1932 979 1984 peccatis

135 1996 276 2043 ramalibus,
292 1996 381 2035 nonde
395 1997 450 2036 sotis
465 1996 609 2044 deliberatis
619 2022 654 2038 ,-
666 2000 686 2036 l.
701 2008 750 2035 non
764 1997 793 2037 de
806 1997 857 2037 ullo
870 1998 968 2038 deterrit-r

135 2066 192 2099 noto
202 2060 303 2110 peccato;
315 2086 345 2091 —
356 2063 376 2100 5.
390 2061 420 2101 de
429 2072 487 2101 vera
497 2061 638 2110 impotentia
649 2061 750 2109 virtutis,
765 2072 812 2101 non
824 2073 905 2102 merae
915 2061 979 2114 iutu-

134 2124 235 2171 r'itionis3
248 2150 279 2154 —
291 2127 310 2163 6.
325 2125 353 2164 de
366 2124 491 2175 privilegio
505 2125 633 2164 rarissimo.
647 2150 678 2155 -
692 2124 727 2165 Cf.
742 2125 773 2164 ib¹
789 2137 807 2165 c.
823 2128 847 2165 11
864 2126 905 2177 [Dz
917 2127 967 2177 804)

135 2200 153 2228 s.
172 2190 197 2228 14
212 2198 231 2235 c,
248 2191 261 2228 5
278 2189 319 2238 (Du
334 2189 393 2240 899).
409 2215 440 2220 -
455 2189 568 2230 Doctrina,
582 2189 762 2240 Beguardorum
778 2191 801 2230 et
814 2182 978 2241 'Beguinarum

135 2251 232 2291 reicitur
247 2252 272 2290 in
289 2263 352 2298 conc.
371 2253 526 2293 Viennensi
546 2253 588 2305 (Dz
604 2255 644 2293 471
652 2253 692 2304 ss).
739 2246 740 2249 ’

136 2384 188 2437 ltili.
225 2383 255 2424 11.
278 2383 457 2436 Argumentum.
486 2384 587 2424 Fontes
616 2384 703 2434 negant
725 2396 870 2435 quemquam
891 2385 977 2426 vitasse

133 2458 204 2488 enine
221 2448 349 2498 peccatum.
368 2447 454 2499 Atqui
472 2460 499 2488 ens
516 2450 576 2498 tacto
594 2454 642 2488 tom
658 2449 790 2489 universali
805 2455 867 2488 recte
883 2450 978 2492 cronolo-

134 2512 199 2552 ritntr
218 2511 248 2551 cd
266 2512 381 2552 ntorolcni
399 2514 571 2564 impotentiam,
592 2524 654 2563 quae
671 2524 720 2553 non
739 2512 867 2554 ordinariis
886 2513 975 2564 gratiis,

133 2577 175 2620 secl
192 2577 242 2616 solo
257 2576 380 2630 priuilegio
397 2578 519 2617 rarissimo
536 2576 640 2617 tollatur.
657 2595 684 2607 -÷
705 2577 847 2617 Probatur
871 2578 972 2617 maior:

202 2665 221 2702 1.
241 2662 303 2703 Eccl.
324 2664 419 2703 Carth.
439 2676 490 2704 can.
510 2667 566 2704 6-8
587 2665 629 2715 (ΒΖ
648 2665 782 2715 108408)
805 2663 894 2705 Omnes
910 2664 976 2705 tiera-

131 2728 190 2768 61161
204 2727 287 2767 dicunt
300 2737 323 2767 se
337 2726 423 2768 hebere
437 2728 560 2778 peccatum
575 2729 597 2769 et
612 2740 653 2779 pro
669 2741 692 2769 se
708 2728 767 2778 ipsis
780 2728 860 2768 orant:
878 2728 976 2770 Dimitte

132 2791 201 2831 nobis
219 2790 299 2832 debita
317 2790 403 2831 nostra.
421 2791 672 2832 -mridentinum
691 2803 709 2832 s,
730 2796 743 2833 6
761 2803 780 2831 6.
801 2794 825 2832 11
847 2793 890 2844 (Dz
907 2792 971 2843 804):

132 2855 291 2905 Quantumvis
309 2855 383 2896 salicti
400 2856 423 2896 et
439 2855 495 2896 iusti
514 2856 537 2895 in
557 2856 617 2897 levio
636 2856 720 2897 saltem
737 2857 759 2897 et
778 2857 916 2908 quotidiana
934 2869 977 2899 seu

131 2918 235 2960 venialia
253 2919 348 2970 peccota
359 2914 507 2970 vquandoque
525 2921 621 2961 cadunt.
645 2947 676 2952 —
698 2925 720 2962 2.
740 2920 824 2974 Script.
845 2922 889 2963 Iac
906 2925 927 2971 3,
946 2926 974 2963 2:
