2214 3350
217 134 292 195 *Schol
312 160 328 196 2.
347 158 456 196 Remissio
473 158 614 204 peccatorum
630 167 670 203 per
687 157 784 203 gratiam
890 155 926 192 325

81 267 203 320 peccatum
217 267 349 309 condonare
364 267 387 309 et
399 267 499 317 insuper
510 267 537 306 in
551 266 625 306 altera
639 267 688 306 uita
703 265 875 306 beatitudinem
888 276 925 305 su-

81 329 258 381 pernaturalem
274 342 317 381 per
333 332 433 371 modurn
451 330 506 380 puri
525 329 582 369 doni
601 328 651 369 sine
670 327 754 368 merito
773 329 923 369 concedere1.

81 417 112 426 -
126 396 147 433 2.
164 394 195 433 ln
210 392 306 433 nostro
321 393 421 434 ordine
437 403 494 433 non
509 390 708 443 potestremitti
723 391 847 441 peccatum
864 401 925 430 mor-

81 455 126 497 tale
144 455 194 496 stne
211 455 330 497 infusione
347 456 444 507 gratiae.
463 456 525 495 Nam
543 465 598 494 curn
615 453 739 504 peccatum
756 452 877 493 habituale
895 453 926 494 sit

81 519 227 559 deordinalio
243 518 373 569 peccatoris
386 518 459 559 relate
476 518 506 558 ad
519 517 597 557 Deum
613 515 689 558 tinem
706 515 826 564 ultimum,
844 515 926 556 remis

81 582 114 623 sio
134 580 223 632 peccati
244 581 374 623 necessario
394 581 508 632 importat
527 581 688 620 sublationem
708 579 781 619 huius
801 578 925 619 deordina-

80 643 158 686 tionis.
172 645 200 684 In
211 644 294 685 ordine
307 644 485 695 supernaturali
496 641 630 684 essentialis
642 639 791 682 deordinatio
804 642 835 683 ad
845 643 926 682 ,Deum

80 707 174 758 peccato
188 707 274 748 actuali
288 708 385 748 inducta
397 707 433 748 est
446 706 537 747 aversio
551 704 683 746 habitualis
696 705 825 755 peccatoris
839 716 854 745 a
867 705 923 752 Deo,

79 771 129 820 line
140 769 224 810 ultimo
237 770 419 819 supernaturali,
434 770 483 810 sive
495 767 632 810 voluntaria
642 767 747 819 privatio
757 768 848 818 pratiae
859 778 925 807 sanc-

80 833 193 883 lisicantls
213 833 239 884 (P
256 834 287 873 IX
304 844 340 884 pr.
358 836 394 881 283
411 833 442 873 ci.
461 833 495 872 III
511 843 547 883 pr.
566 832 612 882 27).
638 831 685 872 Sed
702 830 728 871 in
745 830 825 872 nostro
840 830 925 871 ordine

78 897 142 936 Deus
153 907 286 947 numquam
296 901 370 935 cessat
381 897 473 946 eripere
485 896 514 935 ab
526 895 624 936 homine
635 893 724 935 statum
736 892 925 944 supernaturalis

79 958 145 999 illius
159 958 304 1006 elevationis,
321 958 346 998 in
362 969 408 1008 quo
424 958 504 1007 ipsum
520 958 569 998 sire
584 957 741 1008 personaliter
756 956 805 998 sire
821 956 924 1007 origina-

79 1020 132 1062 liter
148 1021 266 1072 posuerat
282 1031 355 1072 quare
372 1020 416 1060 ista
433 1019 581 1060 deordinetio
597 1019 664 1061 nullo
681 1018 728 1060 alio
744 1019 814 1060 modo
831 1018 925 1060 tollitur

79 1084 124 1124 nisi
140 1083 287 1124 restitutione
303 1082 392 1133 gratiae
407 1081 585 1122 sanct'iicantis.

140 1170 200 1212 Quae
216 1169 236 1205 S.
253 1169 366 1204 Thomas
380 1169 401 1204 S.
419 1168 449 1204 tlt.
467 1167 484 1210 1,
499 1167 512 1203 2
526 1177 544 1212 q.
562 1167 598 1203 113
613 1177 632 1203 a.
649 1167 748 1212 thebel,
765 1169 855 1203 omnino
869 1176 924 1203 vera

78 1222 130 1257 sunt
142 1222 166 1256 in
178 1221 219 1255 hoc
232 1220 315 1262 ordine,
329 1220 354 1255 in
365 1228 408 1264 quo
421 1228 465 1264 pau
477 1219 517 1254 Dei
529 1219 630 1254 consistit
642 1219 668 1254 in
680 1218 803 1262 dilectione,
818 1229 863 1264 qua
874 1220 923 1265 ipse
945 1247 948 1251 .

77 1281 118 1308 nos
132 1271 211 1316 diligit,
227 1272 248 1307 et
261 1271 329 1307 huius
343 1270 468 1307 dilectionis
483 1271 573 1307 eftectus
588 1271 621 1306 est
634 1271 709 1316 gratia
723 1271 856 1308 habitualis:
874 1283 886 1303 a
895 1271 923 1306 Et

78 1324 127 1359 ideo
145 1332 190 1359 non
205 1324 280 1368 posset
296 1322 396 1367 intellegi
412 1322 514 1358 remissio
531 1322 616 1368 culpae,
635 1324 654 1358 si
672 1331 718 1358 non
735 1322 822 1358 adesset
838 1323 924 1358 infusio

77 1375 169 1420 gratiae.
179 1388 190 1407 »
205 1376 233 1410 In
246 1374 323 1410 ordine
337 1374 411 1410 autern
425 1374 526 1410 naturali
540 1384 584 1420 pax
597 1376 637 1410 Dei
652 1384 698 1410 non
711 1374 843 1421 importaret
858 1374 922 1411 dilec-

78 1426 161 1462 tionem
177 1425 378 1472 supernaturalem
395 1426 435 1462 Dei
453 1426 528 1462 autem
544 1422 656 1462 naturalis
673 1426 698 1462 in
714 1435 755 1462 nos
773 1427 861 1463 dilectio
877 1435 924 1463 non

78 1478 208 1523 produceret
225 1477 322 1522 gratiam
340 1476 539 1523 supernaturalem.

76 1615 131 1656 437.
168 1614 198 1656 Il.
215 1614 330 1656 Potestne
345 1614 424 1681 gratia
439 1614 531 1656 infundi
546 1614 597 1656 sine
612 1613 751 1657 remissione
767 1614 879 1668 peceati?

147 1704 165 1741 1.
183 1702 214 1740 ln
230 1702 280 1741 hoc
296 1700 396 1741 ordine
412 1711 468 1741 non
483 1699 586 1751 potest.
605 1701 667 1741 Haec
683 1702 718 1742 est
733 1701 798 1741 clara
813 1701 922 1742 doctrina

77 1763 252 1812 Tridentini,
269 1774 286 1803 s.
302 1767 315 1803 5
328 1774 380 1804 can.
395 1766 408 1803 5
425 1763 468 1814 (Dz
482 1765 545 1815 792):
563 1759 732 1814 pergratiam,
749 1774 809 1813 quae
824 1765 850 1804 in
864 1764 921 1815 bap-

77 1826 170 1867 tismate
181 1826 308 1874 confertur,
321 1826 401 1866 reatus
411 1825 536 1876 originalis
545 1825 635 1877 peccati
646 1826 784 1875 remittitur3
796 1830 836 1868 sd
848 1828 922 1877 capr

78 1890 120 1941 (Dz
134 1890 214 1941 illest:
233 1890 309 1929 Causa
322 1889 430 1929 formalis
444 1888 621 1930 iustificationis
633 1890 669 1930 est
682 1890 773 1930 iustitia
785 1890 920 1931 inhaerens.

77 1952 103 1991 In
117 1953 170 2002 ipsa
182 1951 349 1993 iustificatione
363 1963 418 1992 curn
432 1951 570 1992 remissione
584 1952 735 2002 peccatorum
749 1953 836 2003 accipit
849 1954 921 1994 homo

77 2015 140 2055 dona
155 2014 309 2055 inhaerentia.
328 2015 408 2065 Neque
425 2014 479 2055 ante
496 2015 666 2056 Tridentinum
683 2015 835 2057 acatholicis
852 2027 922 2067 nega-¹

76 2077 127 2118 tum
142 2078 191 2118 erat
204 2077 350 2118 infusionem
364 2078 453 2128 gratiae
468 2078 496 2119 de
510 2078 572 2119 iacto
586 2079 699 2129 coniungi
713 2090 767 2119 curn
782 2078 921 2120 remissione

75 2140 232 2190 peccatorum.

76 2256 131 2297 438.
167 2260 187 2297 2.
204 2256 285 2297 Gratia
305 2268 337 2297 ex
357 2256 471 2296 interna
493 2267 541 2297 sua
562 2257 666 2298 natura
687 2257 786 2307 ideoque
801 2258 921 2309 physica

76 2319 159 2360 saltem
174 2318 345 2360 necessitate
360 2318 458 2370 expellit
471 2318 602 2370 peccatum,
620 2329 675 2360 non
691 2332 719 2361 ex
735 2319 784 2360 sola
799 2322 843 2362 Dei
858 2320 921 2361 ordi-

75 2382 177 2431 natione,
197 2393 257 2433 quae
274 2382 301 2422 ut
317 2393 407 2422 novus
424 2381 506 2422 feror
523 2382 658 2423 externus
675 2384 696 2424 ei
715 2383 824 2424 addatur.
844 2384 921 2436 Oppo-

76 2444 119 2485 sita
134 2444 321 2486 Scotistarum
334 2444 357 2485 et
369 2444 563 2487 Nominalium
577 2445 686 2486 doctrina
697 2445 778 2487 minus
791 2447 851 2488 bene
864 2458 920 2487 cum

76 2507 214 2548 Tridentino
229 2508 344 2555 cohaeret,
361 2508 425 2558 quod
440 2511 480 2548 sd
494 2511 568 2559 capi
584 2510 627 2560 (Dr
642 2510 691 2560 799)
708 2519 791 2551 omnes
805 2510 920 2551 iustifice-

75 2568 147 2610 tionis
159 2581 243 2611 causes
255 2569 312 2611 satis
323 2569 487 2621 philosophice
500 2571 614 2613 describit
626 2572 696 2622 atque
710 2571 825 2613 iustitiam
839 2573 920 2614 inhae-

74 2632 165 2672 rentem
180 2632 284 2682 appellat
297 2634 392 2673 unicam
406 2644 503 2674 causam
518 2634 644 2675 formalem
659 2635 843 2676 iustificationis.
859 2638 920 2677 Iam-

136 2766 143 2787 1
161 2767 220 2802 Deus
239 2766 303 2801 donis
321 2766 407 2810 gratiae
427 2774 519 2810 prorsus
538 2766 643 2802 indebitis
662 2775 702 2811 pro
722 2776 763 2802 suo
781 2768 920 2813 beneplacito

74 2810 146 2853 potest
160 2812 269 2856 quaslibet
283 2812 422 2848 condiciones
435 2811 540 2847 honestas
554 2821 673 2858 apponere,
686 2821 706 2847 v,
722 2821 741 2856 g.
757 2813 829 2857 potest
844 2823 921 2849 eorum

75 2855 215 2892 collationem
228 2859 317 2902 propter
330 2859 445 2902 peccatum
458 2858 557 2901 parentis
570 2858 666 2904 posteris
680 2859 789 2904 denegare
802 2860 838 2896 vel
852 2860 920 2895 etiam

73 2904 170 2983 proptep1
178 2903 264 2939 veniale
280 2905 394 2948 peccatum
408 2904 526 2949 personale
540 2904 654 2940 hominem
670 2905 699 2940 ad
714 2905 814 2941 ordinem
829 2906 921 2941 natura-

84 2955 154 2984 omre
170 2958 241 2985 ucere.
475 2956 477 2962 ·
