2214 3350
241 188 242 191 ’
282 192 359 228 Thesis
375 191 404 228 10.
422 191 489 227 Actus
506 189 620 225 entitative
637 186 820 234 supernaturales
939 184 975 220 207

128 302 183 343 296.
221 304 241 341 4.
258 299 416 350 Qualiiicatio.
433 299 517 350 Quoad
531 303 597 338 actus
612 296 727 336 salutares
742 295 765 335 et
778 294 880 345 pretium
895 299 974 334 cotuu-

128 365 188 405 iem:
206 364 320 405 sententia
334 361 492 404 communis
504 361 528 402 et
540 361 589 402 tam
604 358 674 407 ceria,
690 358 717 399 ut
731 358 780 398 sine
794 356 874 409 aliqua
888 357 974 398 teme-

128 427 214 468 ritate
231 428 312 478 negari
329 438 377 467 non
394 436 462 475 posse
480 423 596 464 videatur.
621 448 652 454 —
675 421 758 470 Quoad
775 420 870 460 habitus
888 431 931 470 per
949 431 973 460 se

128 490 232 531 infusos:
251 489 351 530 saltem
364 500 452 539 aeque
467 487 553 527 certa.
570 509 601 514 —
615 484 698 535 Quoad
713 484 836 524 cantarem
850 482 969 523 infusam:

127 564 175 594 non
198 553 279 593 minus
300 552 363 593 certa
384 551 479 592 videtur
500 561 574 601 quam
596 548 675 600 quoad
697 546 820 597 gratiam
842 545 973 586 sanctiti-

127 616 248 675 cantem,
267 616 282 656 i.
301 627 321 656 e.
341 614 442 655 saltem
458 611 618 663 theologice
636 610 725 651 certa.

189 702 314 739 Secundum
327 701 409 737 suarez
426 700 447 746 (1.
462 699 475 735 2
488 709 504 738 c.
521 699 567 735 511.
583 698 603 743 2)
619 696 773 733 Thomistae
787 694 879 740 quidam
895 694 971 740 (Cano,

127 755 185 798 Soio,
206 753 287 797 Zumei,
305 752 402 795 Medinat,
421 751 521 797 Alacres)
540 751 566 785 in
583 748 735 795 qualificanda
752 747 809 783 thesi
829 746 970 790 caapperaut.

127 805 232 849 Theologi
251 804 366 841 societatis
384 805 436 840 Jesu
454 802 590 838 moderatius
615 800 744 845 loquuntur.
770 799 849 836 Franci
876 799 972 833 Torres

125 858 190 904 putat
203 857 260 892 hanc
273 856 397 892 doctrinam
409 865 423 890 a
435 854 544 898 theologis
557 852 668 898 probabili
681 851 770 887 tantum
783 852 887 886 discursu
900 860 911 886 4
925 850 972 885 ion-

126 910 185 945 tibus
198 908 282 946 deduci.
295 909 342 944 Hoc
353 907 485 953 Ripaldee
497 915 578 952 parum
589 905 677 941 videtur
692 904 755 950 (disp.
770 904 794 939 44
806 903 856 939 sect.
871 902 915 942 in,
930 902 970 948 45).

125 961 229 1005 Plerique
246 969 296 995 cum
313 960 411 996 suarez
429 959 450 994 et
467 959 538 1002 Lugo
556 967 605 993 eam
623 956 706 992 habent
723 955 857 992 sententiam
876 962 972 989 «aecum

125 1014 146 1048 et
162 1006 327 1048 commanenti.
345 1011 475 1057 Oppositam
489 1010 623 1056 opinionem,
641 1008 774 1054 praesertim
790 1007 810 1044 si
827 1006 971 1052 restringitur

125 1064 154 1100 ad
166 1064 230 1099 actus
242 1063 349 1108 quosdam
362 1062 471 1098 salutares
484 1061 535 1097 ante
546 1061 614 1096 fidem
625 1059 714 1106 proprie
727 1059 815 1101 dictam,
829 1068 875 1094 non
887 1058 971 1094 audent

125 1124 244 1152 censurare
269 1114 298 1160 [v.
321 1114 409 1157 Pinarii,
430 1113 559 1150 RechScRel
580 1112 633 1156 1913,
653 1112 722 1158 4485)
749 1131 773 1136 -
797 1112 890 1147 Interim
916 1119 971 1147 sane

1 1171 5 1185 ‘³
50 1190 52 1196 ψ
126 1167 234 1204 certitudo
257 1167 325 1202 thesis
350 1175 375 1201 ea
398 1165 529 1201 auctoritate
555 1165 654 1199 omnium
678 1163 793 1199 moraliter
817 1163 971 1207 theoloporum

124 1219 272 1254 recentiorum
284 1217 345 1254 haud
358 1226 438 1264 parurn
451 1216 530 1252 aucta
542 1216 580 1252 est.
595 1218 679 1252 Tamen
691 1216 828 1251 Lahousse
843 1216 871 1262 (n.
886 1215 909 1252 75
921 1213 969 1261 fin.)

125 1271 199 1307 censet
211 1270 362 1314 quaestionem
373 1269 440 1304 libere
453 1268 562 1313 disputari
574 1268 632 1303 inter
643 1267 770 1310 catholicos,
784 1267 826 1303 etsi
837 1268 886 1313 ipso
897 1267 970 1302 iudice

123 1322 230 1368 implicite
247 1322 271 1357 in
288 1321 389 1357 doctrina
406 1321 499 1356 Patrurn
517 1320 538 1356 et
554 1319 700 1355 conciliorum
717 1318 863 1354 contineatur.
884 1318 971 1354 Schis-

124 1374 177 1409 iini
191 1373 230 1419 (th.
245 1373 268 1409 12
275 1373 293 1419 s)
307 1381 358 1409 cum
370 1374 470 1418 Vazquez
483 1371 581 1408 admittit
594 1371 705 1416 quaedam
718 1370 803 1407 auxilia
816 1370 902 1415 gratiae
915 1371 971 1406 inte-

123 1425 190 1460 rioris
203 1425 223 1460 et
236 1424 349 1467 salutaris,
363 1434 418 1469 quae
431 1423 615 1469 supernaturalia
626 1423 715 1459 tanturn
727 1423 772 1458 sint
785 1423 859 1468 quoad
870 1424 969 1466 modum;

124 1476 186 1513 actus
210 1476 311 1522 proprios
335 1476 443 1511 virtutum
466 1475 594 1511 infusarum
618 1475 639 1511 et
664 1475 861 1521 correspondentia
884 1474 970 1510 auxilia

123 1528 210 1573 gratiae
223 1527 335 1563 interioris
348 1527 401 1563 dicit
413 1527 550 1572 probabilius
565 1536 612 1563 esse
625 1524 740 1563 entitative
754 1528 775 1563 et
787 1528 861 1572 quoad
874 1526 970 1572 speciem

123 1578 310 1624 supernaturalia.
331 1579 410 1615 Franc.
430 1578 539 1616 Schmid
560 1578 582 1624 (1.
603 1589 620 1614 c.
640 1588 661 1625 p.
682 1578 718 1615 268
738 1579 759 1615 et
777 1579 821 1625 278)
843 1579 969 1615 contrarias

123 1630 244 1667 sententias
257 1630 478 1675 supernaturalitatis
492 1630 626 1666 extrinsecae
640 1631 660 1666 et
673 1630 807 1667 intrinsecae
821 1639 881 1667 mere
893 1631 968 1666 moda-

123 1682 151 1717 lis
168 1682 283 1725 tamquam
300 1682 357 1716 certo
375 1682 445 1726 fuisos
462 1682 530 1724 reicit,
550 1682 589 1717 sed
606 1691 634 1717 nc
652 1683 678 1718 de
695 1683 769 1727 priore
787 1683 877 1727 quidem
894 1684 968 1718 forma

122 1732 245 1768 diiudicare
261 1732 314 1776 vult,
334 1742 365 1768 an
381 1741 498 1768 censuram
515 1733 662 1777 theolopicam
678 1734 796 1769 mereatur.

122 1868 177 1910 297.
210 1858 297 1916 Pr'ob.
321 1869 378 1922 Arg.
393 1870 411 1911 1.
425 1871 461 1913 Ex
473 1872 551 1919 modo,
566 1882 612 1924 quo
624 1871 706 1913 fontes
718 1872 748 1913 dc
761 1848 873 1914 absoluta
884 1884 966 1915 neces=

121 1931 194 1973 sitate
206 1932 298 1983 gratiae
309 1932 340 1973 ad
351 1934 420 1974 actus
431 1934 549 1975 salutares
560 1934 696 1987 loquuntur.
709 1936 759 1976 Hoc
770 1937 843 1977 modo
853 1935 967 1987 loquendi

122 1994 257 2035 excluditur
270 1995 347 2035 omnis
362 1996 575 2046 supernaturalitas
588 2009 652 2039 mere
667 1998 776 2047 modalis,
792 2000 816 2040 et
829 1998 926 2050 quidem

191 2086 211 2123 1,
232 2094 267 2132 44,
288 2094 350 2134 quae
369 2064 459 2134 spectat
478 2084 508 2124 ad
528 2084 642 2124 modum
663 2084 742 2124 actui
761 2083 966 2132 extrinsecum,

122 2157 170 2196 quo
197 2145 218 2186 is
244 2157 259 2186 a
285 2146 334 2186 Deo
360 2140 385 2187 et
411 2146 507 2187 homine
535 2147 677 2197 producitur
703 2148 741 2188 vel
769 2160 783 2188 a
810 2148 860 2189 Deo
887 2159 967 2199 accep-

121 2207 192 2248 tatur.
222 2209 260 2249 Sic
287 2210 353 2250 actus
381 2209 498 2257 salutaris,
527 2210 599 2260 prout
625 2210 722 2262 physice
751 2209 776 2250 in
803 2210 902 2252 homine
929 2222 967 2251 ex-

122 2271 190 2319 sistit,
210 2283 257 2311 non
274 2271 334 2313 esset
351 2272 460 2313 diversus
476 2273 506 2313 ab
524 2273 571 2313 alio
589 2273 643 2313 actu
661 2284 710 2314 non
728 2272 826 2313 salutari
845 2275 868 2315 et
884 2286 899 2314 a
917 2273 966 2314 solo

120 2333 217 2375 homine
239 2335 362 2385 producto.
385 2335 488 2385 Uterque
511 2335 577 2377 actus
598 2335 697 2377 haberet
718 2337 819 2377 eandem
842 2335 967 2387 physicam

120 2398 290 2448 perfectionem
319 2399 437 2439 internam
467 2398 516 2439 tam
546 2399 727 2440 substantialem
757 2411 830 2450 quam
860 2398 966 2440 acciden-

121 2461 201 2509 talem;
221 2462 261 2501 secl
278 2462 343 2502 Deus
360 2473 435 2502 unum
454 2461 533 2502 actum
552 2473 609 2513 prae
629 2461 701 2502 altero
721 2463 751 2503 ad
770 2462 871 2503 salutem
890 2461 966 2503 homi-

120 2524 158 2563 nis
172 2524 309 2574 acceptaret,
327 2524 375 2564 sive
390 2535 417 2564 ccc
432 2524 481 2564 soie
496 2535 538 2564 suo
553 2525 656 2576 preterito
673 2525 826 2575 beneplacito,
845 2523 893 2566 sive
909 2526 966 2577 quia

120 2598 222 2636 persona
237 2598 336 2637 operans
352 2588 433 2637 aliqua
448 2588 624 2637 supernaturali
641 2587 763 2639 dipaitate,
780 2588 805 2628 in
821 2589 901 2630 actum
916 2600 966 2629 mo-

120 2650 202 2690 raliter
220 2650 368 2691 redundante
386 2650 473 2700 gaudet
494 2652 550 2702 (qua
568 2649 637 2699 iusta,
658 2650 739 2691 tidelis
757 2650 819 2703 etc),
841 2651 889 2692 sive
909 2652 967 2702 quia

119 2713 182 2753 Deus
196 2714 303 2754 indebito
315 2713 404 2754 auxilio
417 2723 561 2754 concurrens
573 2715 610 2754 est
623 2714 720 2763 speciali
734 2715 803 2754 niodo
817 2716 966 2766 principium

120 2776 256 2827 cocjficiens
274 2776 329 2817 talis
345 2776 417 2816 actus.
438 2775 510 2825 Atqui
528 2776 686 2817 haecomnia
704 2788 760 2817 non
778 2777 966 2818 satisfaciunt

120 2840 200 2880 modo
220 2839 356 2889 loquendi
376 2838 509 2877 fontium.
531 2839 592 2879 Nem
613 2839 744 2879 secundum
765 2839 842 2880 fontes
861 2841 963 2887 credere,

121 2901 179 2942 uelle
192 2913 260 2951 agere
273 2902 323 2949 etc⁴²
338 2901 398 2941 sicut
409 2899 508 2950 oportet,
521 2912 570 2940 non
583 2902 691 2941 vatemus
704 2901 751 2942 nisi
764 2914 805 2953 per
819 2903 965 2943 infusionem

120 2964 142 3004 41
158 2964 338 3015 inspirationem
355 2963 379 3003 S.
397 2962 500 3014 Spiritus
518 2964 611 3014 (Araus.
629 2975 681 3004 can.
699 2968 712 3005 6
729 2964 772 3023 [Dz
789 2965 858 3024 179));
876 2966 907 3006 ad
923 2965 965 3005 ali-
