2214 3350
245 161 320 196 Thesis
334 160 350 196 8.
365 161 486 206 Dispositio
499 160 595 206 positiva
608 160 629 194 et
643 160 748 203 negative
762 174 764 178 ·
885 158 919 194 139
936 133 938 135 v

73 268 146 319 idque
160 279 188 309 eo
202 269 281 318 modo,
297 270 324 310 ut
337 270 379 310 vix
393 279 490 309 munere
505 267 615 309 videniur
629 267 696 308 locus
711 266 803 308 nostrae
819 266 917 319 disposi-

73 329 132 372 tioni
149 332 280 382 capaciore.
298 358 329 364 -
347 333 407 374 Cum
427 330 599 373 Soliolsstiei
618 330 822 381 praeparationem
842 330 917 370 homi-

73 394 110 450 nis
127 395 158 435 ed
175 393 262 435 statum
284 395 374 445 gratiae
398 395 442 442 suh
466 393 607 435 aristotelico
625 399 739 444 conceptu
757 393 917 444 dispositionis

72 457 185 498 metense
204 457 235 498 ed
254 459 356 499 formem
382 457 482 498 tractore
507 455 646 507 coepissent,
673 455 741 497 init-io
767 456 809 496 set
833 456 917 495 multi

72 519 237 560 necessitatem
259 520 361 569 alicuius
385 520 469 561 0001111
493 519 609 570 specialis,
629 520 645 558 i.
665 531 684 559 e.
703 517 804 559 alicuius
828 519 917 569 gratioe

72 582 190 632 solutoris,
207 583 277 624 velde
293 583 450 636 rieglegebsut
465 583 503 623 vel
520 583 591 623 etiem
608 582 687 633 operte
705 581 830 637 negaberit.
849 582 917 622 Prae-

72 645 154 687 sertim
169 646 322 688 Durendus
336 648 360 688 et
376 647 450 697 aliqui
468 645 644 687 Oooemistse
662 643 841 696 dispositionem
857 644 917 696 posi-

71 709 146 749 tivem
162 720 262 760 eumque
284 710 421 761 proximam
442 709 493 750 sine
515 708 605 749 auritio
629 708 726 760 speciali
749 708 916 755 defendebant,

71 771 142 812 multi
164 772 206 812 elii
230 772 313 814 saltem
335 773 451 814 remotam
475 772 634 813 0550101001).
659 771 774 811 Nonnulli
797 772 847 811 iem
871 782 932 811 me·-

72 835 112 876 die
130 834 204 876 eetete
228 835 335 876 nostrum
361 836 501 886 conceptum
520 834 682 886 dispositionis
706 846 772 874 mere
794 835 917 885 nepisinae

71 897 128 938 50115
153 897 291 939 distinctum
316 898 439 939 adhibent.
464 897 543 949 Magis
566 897 674 939 excultus
699 899 733 938 esi
757 910 771 938 0
795 897 915 945 Melino,

71 960 177 1009 Lessio,
201 960 305 1002 Suerez
325 961 369 1002 010.
392 959 555 1000 Themistee
575 966 670 1011 partem
690 962 714 1002 ll
736 963 826 1002 theseos
847 960 916 1001 velie-

70 1023 163 1064 menter
172 1018 316 1075 incpupnure
327 1023 411 1072 solent,
424 1024 466 1065 sed
478 1023 561 1065 5011010
573 1024 673 1075 plurimi
685 1024 825 1064 recentiores
838 1025 916 1074 quoad

71 1098 123 1127 rem
140 1087 163 1127 et
180 1087 336 1128 intentionem
354 1087 428 1128 huius
445 1086 521 1137 pertis
538 1086 579 1128 vix
596 1099 610 1127 0
629 1086 698 1127 nobis
716 1086 867 1127 dissentiunt.
887 1113 918 1117 »-

70 1149 223 1196 Accuretiorn
240 1162 262 1191 v.
280 1150 306 1189 in
322 1149 447 1200 utriusque
465 1149 539 1200 pertis
555 1149 702 1200 ergumentis
720 1161 749 1190 ei<
766 1149 877 1189 Patribus
894 1150 917 1189 et

70 1213 204 1264 Theologis.
931 1213 932 1216 ’

84 1332 85 1335 ,
139 1301 158 1339 4.
179 1297 338 1347 Qualilicatio.
358 1299 416 1339 Pars
433 1299 444 1339 l
463 1299 542 1349 quood
560 1300 611 1338 tum
628 1299 729 1338 modurn
749 1298 918 1349 dispositionis,

69 1361 117 1401 nisi
129 1360 159 1401 511
171 1360 279 1410 delinita,
293 1361 377 1402 saitem
389 1361 424 1402 est
436 1361 508 1401 fidei
520 1362 661 1412 proxime;
675 1362 753 1413 quoad
765 1364 817 1402 pum
830 1367 853 1402 et
864 1364 916 1401 ium

69 1424 170 1465 modum
184 1424 272 1465 certe.
285 1448 317 1453 —-
330 1424 390 1464 Pars
404 1424 426 1464 ll
441 1423 578 1464 defenditur
592 1424 623 1465 ut
637 1423 697 1465 1010
712 1425 735 1466 01
749 1424 838 1465 multo
853 1435 916 1474 pro-

69 1486 207 1528 habilior.

69 1611 123 1654 215.
145 1612 234 1658 Proh.
246 1624 318 1669 pars
333 1613 355 1657 Ι.
366 1645 368 1648 .
381 1611 511 1665 Dispositio
525 1612 627 1665 positiva
641 1584 780 1654 excluditur.
801 1613 821 1654 1.
837 1613 915 1655 Eccle=

68 1675 114 1716 sia.
130 1676 291 1724 Indiculus‚
306 1676 447 1727 praesertim
461 1686 513 1726 cap.
527 1678 540 1717 8
554 1675 605 1716 901
619 1676 645 1716 in
659 1675 709 1717 tine
725 1676 768 1728 (Dr
782 1678 840 1716 134s
856 1676 913 1727 141),

49 1738 157 1800 vomnia,
176 1739 264 1791 quibus
281 1739 311 1780 ed
328 1739 405 1780 Deum
422 1738 535 1787 tenditur,
552 1738 643 1790 gratiae
659 1737 780 1780 adscribit.
799 1739 849 1779 Hoc
866 1750 914 1780 nou

69 1801 130 1843 esset
141 1801 191 1842 tem
204 1801 371 1843 universaliter
382 1812 473 1850 verum,
489 1802 508 1841 si
521 1813 568 1853 que
581 1800 683 1852 positive
696 1800 819 1852 dispositio
832 1814 862 1843 ex
874 1814 914 1843 no-

68 1864 106 1905 his
117 1872 166 1905 esse
178 1865 264 1915 posset.
276 1890 307 1896 —-
318 1864 490 1906 Arausicanum
503 1875 554 1906 can.
568 1864 583 1905 4
598 1866 640 1917 (Dz
652 1866 716 1917 iiii:
732 1865 795 1906 Deus
806 1865 914 1906 volunte-

69 1927 118 1968 tem
130 1928 243 1976 nostram,
252 1939 299 1978 que
311 1940 325 1968 0
337 1928 431 1979 peccato
443 1928 541 1979 purgari
552 1927 663 1976 velimus,
672 1939 720 1968 non
733 1927 859 1979 exspectet,
875 1931 915 1970 sed

71 1997 247 2041 «praeparatur
262 1990 371 2031 voluntas
388 2004 401 2032 0
416 1991 518 2031 Domino
526 2008 545 2031 n.
561 2014 593 2020 -
609 2000 662 2033 cau.
681 1992 695 2032 6
712 1993 818 2034 excludit
833 2004 916 2035 omnes

60 2054 143 2102 00105,
160 2054 202 2105 qui
217 2054 341 2105 tamquam
358 2053 482 2105 dispositio
496 2052 598 2105 positivo
612 2055 639 2096 in
654 2055 818 2106 quaestionem
834 2055 916 2097 venire

69 2116 171 2166 possent.
188 2117 231 2157 His
245 2117 338 2170 actibus
352 2128 415 2157 mere
431 2117 544 2157 humanis
558 2116 711 2160 abindioetur
725 2120 802 2159 omnis
817 2130 915 2171 prorsus

68 2179 160 2219 utilitas
173 2180 275 2230 positiva
289 2180 319 2221 ed
335 2179 444 2228 salutern,
459 2191 535 2231 neque
550 2179 655 2231 praecise
670 2181 807 2223 meritorius
822 2182 915 2223 tentum

69 2241 142 2283 velor.
157 2268 190 2273 —
205 2243 240 2284 Gi.
257 2254 308 2284 ean.
323 2244 338 2283 7
352 2245 379 2283 20
392 2245 438 2283 225
453 2242 476 2283 01
490 2242 624 2285 clausulam
641 2245 683 2296 (Dz
699 2245 758 2296 199).
773 2271 805 2278 -
819 2244 914 2287 Trition:

69 2303 143 2346 tinum
155 2316 176 2347 s.
190 2306 204 2346 6
218 2316 269 2358 cap.
282 2305 296 2346 5
311 2306 354 2357 (Dr
365 2305 414 2356 797)
428 2305 554 2347 exordium
566 2305 744 2349 iust'ticetionis
755 2308 780 2349 in
792 2309 837 2350 Dei
849 2319 915 2350 voce-

69 2366 133 2408 tione
145 2369 245 2419 reponit,
261 2380 309 2420 que
321 2367 395 2408 nuliis
409 2368 576 2410 exsistentibus
589 2372 681 2411 meritis
695 2377 817 2420 vorantur,
833 2377 860 2412 ut
872 2383 916 2423 per

69 2431 172 2479 pretinm
189 2432 220 2472 ed
239 2431 424 2473 convertendum
443 2443 467 2472 se
486 2433 517 2473 ed
535 2444 605 2474 suem
624 2433 817 2475 iustificationem
838 2435 915 2487 dispo-

68 2499 164 2534 nantur.
182 2494 268 2535 Merite
285 2494 358 2545 igitur
373 2493 491 2534 vocationi
508 2496 605 2547 praevie
622 2496 715 2545 diserte,
735 2497 914 2547 dispositionem

69 2555 146 2606 terite,
162 2557 203 2598 sed
217 2558 274 2599 setis
286 2556 350 2598 olere
361 2556 468 2598 excludit
481 2558 617 2600 concilium.
632 2586 663 2591 -
678 2560 716 2600 Sic
731 2560 784 2601 lieri
799 2561 873 2611 docet,
888 2562 916 2603 ui

69 2619 141 2660 nomo
152 2632 200 2662 non
212 2622 286 2672 possit
299 2621 366 2661 «sine
378 2619 454 2672 gretie
465 2622 508 2662 Dei
520 2634 616 2664 movere
627 2636 652 2664 se
664 2625 695 2665 ud
706 2625 824 2666 iustitiam
835 2637 915 2667 eorem

69 2683 111 2724 illo
129 2685 197 2744 [Deo]
214 2686 290 2727 libere
307 2697 350 2726 sus
366 2684 515 2726 voluntate».
536 2689 650 2729 «ltiooere
668 2700 710 2728 00»
730 2689 846 2731 strictiore
863 2691 914 2742 qui-

69 2748 124 2788 dem
135 2761 206 2791 sensu
218 2750 383 2802 philosophico
394 2750 483 2791 dicitur
493 2752 522 2792 de
533 2764 606 2794 cause
617 2754 721 2795 formem
733 2754 861 2806 011101001ος
873 2757 914 2797 sed

69 2822 140 2853 sensu
155 2815 256 2865 paulum
273 2814 356 2855 latiore
373 2816 416 2855 sub
434 2826 457 2855 50
474 2816 578 2857 eontinet
592 2816 666 2859 etiem
683 2829 778 2860 causam
796 2831 820 2860 se
837 2819 915 2871 ipsein

137 2946 186 2982 1Cf.
201 2947 227 2981 K.
242 2947 323 2982 Fortes
339 2948 364 2981 in
377 2948 437 2983 Rom.
455 2947 629 2990 Quartalschriit
643 2950 666 2987 32
683 2950 746 2996 (1924)
764 2951 865 2990 157-«165.
