<?xml version="1.0" encoding="UTF-8"?>
<!DOCTYPE html PUBLIC "-//W3C//DTD XHTML 1.0 Transitional//EN"
    "http://www.w3.org/TR/xhtml1/DTD/xhtml1-transitional.dtd">
<html xmlns="http://www.w3.org/1999/xhtml" xml:lang="en" lang="en">
 <head>
  <title>
</title>
<meta http-equiv="Content-Type" content="text/html;charset=utf-8" />
  <meta name='ocr-system' content='tesseract 3.04.00' />
  <meta name='ocr-capabilities' content='ocr_page ocr_carea ocr_par ocr_line ocrx_word'/>
</head>
<body>
  <div class='ocr_page' id='page_1' title='image "./MN41637ucmf_2_0461.png"; bbox 0 0 2214 3350; ppageno 0'>
   <div class='ocr_carea' id='block_1_1' title="bbox 202 176 950 222">
    <p class='ocr_par' dir='ltr' id='par_1_1' title="bbox 202 176 950 222">
     <span class='ocr_line' id='line_1_1' title="bbox 202 176 950 222; baseline -0.004 -6"><span class='ocrx_word' id='word_1_1' title='bbox 202 178 280 216; x_wconf 81' lang='lat' dir='ltr'>Thesis</span> <span class='ocrx_word' id='word_1_2' title='bbox 295 180 324 216; x_wconf 87' lang='grc'>21.</span> <span class='ocrx_word' id='word_1_3' title='bbox 343 179 421 215; x_wconf 77' lang='lat' dir='ltr'>Gratia</span> <span class='ocrx_word' id='word_1_4' title='bbox 436 177 512 214; x_wconf 87' lang='lat' dir='ltr'>efficax</span> <span class='ocrx_word' id='word_1_5' title='bbox 529 177 550 213; x_wconf 88' lang='lat' dir='ltr'>et</span> <span class='ocrx_word' id='word_1_6' title='bbox 566 177 649 212; x_wconf 86' lang='lat' dir='ltr'>donum</span> <span class='ocrx_word' id='word_1_7' title='bbox 665 177 844 222; x_wconf 85' lang='lat' dir='ltr'>perseverantiae</span> <span class='ocrx_word' id='word_1_8' title='bbox 911 176 950 213; x_wconf 75' lang='grc'>427</span> 
     </span>
    </p>
   </div>
   <div class='ocr_carea' id='block_1_2' title="bbox 51 283 948 1345">
    <p class='ocr_par' dir='ltr' id='par_1_2' title="bbox 51 283 948 1345">
     <span class='ocr_line' id='line_1_2' title="bbox 97 283 947 339; baseline -0.002 -12"><span class='ocrx_word' id='word_1_9' title='bbox 97 288 119 339; x_wconf 79' lang='lat' dir='ltr'>c)</span> <span class='ocrx_word' id='word_1_10' title='bbox 134 286 295 337; x_wconf 80' lang='lat' dir='ltr'>Distinguitur</span> <span class='ocrx_word' id='word_1_11' title='bbox 306 285 482 339; x_wconf 85' lang='lat' dir='ltr'>perseverantia</span> <span class='ocrx_word' id='word_1_12' title='bbox 493 284 587 326; x_wconf 78' lang='lat' dir='ltr'>activa</span> <span class='ocrx_word' id='word_1_13' title='bbox 600 284 623 325; x_wconf 90' lang='lat' dir='ltr'>et</span> <span class='ocrx_word' id='word_1_14' title='bbox 635 283 760 335; x_wconf 81' lang='lat' dir='ltr'>passiva,</span> <span class='ocrx_word' id='word_1_15' title='bbox 774 285 812 326; x_wconf 90' lang='lat' dir='ltr'>vel</span> <span class='ocrx_word' id='word_1_16' title='bbox 824 287 850 327; x_wconf 90' lang='lat' dir='ltr'>in</span> <span class='ocrx_word' id='word_1_17' title='bbox 862 286 947 327; x_wconf 87' lang='lat' dir='ltr'>eodem</span> 
     </span>
     <span class='ocr_line' id='line_1_3' title="bbox 96 346 947 399; baseline -0.002 -9"><span class='ocrx_word' id='word_1_18' title='bbox 96 350 161 390; x_wconf 87' lang='lat' dir='ltr'>dono</span> <span class='ocrx_word' id='word_1_19' title='bbox 178 349 322 391; x_wconf 87' lang='lat' dir='ltr'>elementum</span> <span class='ocrx_word' id='word_1_20' title='bbox 339 349 442 391; x_wconf 81' lang='lat' dir='ltr'>activum</span> <span class='ocrx_word' id='word_1_21' title='bbox 460 348 484 389; x_wconf 87' lang='lat' dir='ltr'>et</span> <span class='ocrx_word' id='word_1_22' title='bbox 501 348 632 399; x_wconf 76' lang='lat' dir='ltr'>passivum.</span> <span class='ocrx_word' id='word_1_23' title='bbox 650 347 700 387; x_wconf 90' lang='lat' dir='ltr'>Hoc</span> <span class='ocrx_word' id='word_1_24' title='bbox 718 346 820 388; x_wconf 83' lang='lat' dir='ltr'>alterum</span> <span class='ocrx_word' id='word_1_25' title='bbox 839 348 947 390; x_wconf 85' lang='lat' dir='ltr'>consistit</span> 
     </span>
     <span class='ocr_line' id='line_1_4' title="bbox 96 409 945 462; baseline 0 -10"><span class='ocrx_word' id='word_1_26' title='bbox 96 413 125 452; x_wconf 89' lang='lat' dir='ltr'>in</span> <span class='ocrx_word' id='word_1_27' title='bbox 141 413 316 462; x_wconf 74' lang='lat' dir='ltr'><em>opportunitate</em></span> <span class='ocrx_word' id='word_1_28' title='bbox 331 414 421 460; x_wconf 84' lang='lat' dir='ltr'>mortis,</span> <span class='ocrx_word' id='word_1_29' title='bbox 438 413 454 452; x_wconf 92' lang='lat' dir='ltr'>i.</span> <span class='ocrx_word' id='word_1_30' title='bbox 472 417 492 452; x_wconf 86' lang='lat' dir='ltr'>e.</span> <span class='ocrx_word' id='word_1_31' title='bbox 508 411 536 451; x_wconf 90' lang='lat' dir='ltr'>ut</span> <span class='ocrx_word' id='word_1_32' title='bbox 551 421 616 450; x_wconf 86' lang='lat' dir='ltr'>mors</span> <span class='ocrx_word' id='word_1_33' title='bbox 630 409 711 451; x_wconf 83' lang='lat' dir='ltr'>veniat</span> <span class='ocrx_word' id='word_1_34' title='bbox 727 421 798 461; x_wconf 79' lang='lat' dir='ltr'>super</span> <span class='ocrx_word' id='word_1_35' title='bbox 813 411 945 460; x_wconf 87' lang='lat' dir='ltr'>hominem,</span> 
     </span>
     <span class='ocr_line' id='line_1_5' title="bbox 95 472 945 527; baseline 0 -12"><span class='ocrx_word' id='word_1_36' title='bbox 95 476 159 516; x_wconf 88' lang='lat' dir='ltr'>dum</span> <span class='ocrx_word' id='word_1_37' title='bbox 170 476 195 516; x_wconf 92' lang='lat' dir='ltr'>in</span> <span class='ocrx_word' id='word_1_38' title='bbox 206 475 268 517; x_wconf 90' lang='lat' dir='ltr'>statu</span> <span class='ocrx_word' id='word_1_39' title='bbox 278 477 367 527; x_wconf 81' lang='lat' dir='ltr'>gratiae</span> <span class='ocrx_word' id='word_1_40' title='bbox 378 474 583 526; x_wconf 64' lang='lat' dir='ltr'>cagitationes</span> <span class='ocrx_word' id='word_1_41' title='bbox 593 484 655 524; x_wconf 85' lang='lat' dir='ltr'>opus</span> <span class='ocrx_word' id='word_1_42' title='bbox 665 472 707 520; x_wconf 84' lang='lat' dir='ltr'>ast,</span> <span class='ocrx_word' id='word_1_43' title='bbox 719 473 747 514; x_wconf 90' lang='lat' dir='ltr'>ut</span> <span class='ocrx_word' id='word_1_44' title='bbox 755 475 945 515; x_wconf 71' lang='lat' dir='ltr'>&#39;extraordinario</span> 
     </span>
     <span class='ocr_line' id='line_1_6' title="bbox 99 536 946 591; baseline -0.001 -13"><span class='ocrx_word' id='word_1_45' title='bbox 99 539 172 579; x_wconf 83' lang='lat' dir='ltr'>modo</span> <span class='ocrx_word' id='word_1_46' title='bbox 186 549 252 579; x_wconf 85' lang='lat' dir='ltr'>mors</span> <span class='ocrx_word' id='word_1_47' title='bbox 266 551 280 580; x_wconf 89' lang='lat' dir='ltr'>a</span> <span class='ocrx_word' id='word_1_48' title='bbox 295 540 342 580; x_wconf 87' lang='lat' dir='ltr'>Deo</span> <span class='ocrx_word' id='word_1_49' title='bbox 357 538 499 591; x_wconf 68' lang='lat' dir='ltr'>procuretur</span> <span class='ocrx_word' id='word_1_50' title='bbox 519 537 654 589; x_wconf 77' lang='lat' dir='ltr'>opportuno</span> <span class='ocrx_word' id='word_1_51' title='bbox 675 536 788 586; x_wconf 86' lang='lat' dir='ltr'>tempore.</span> <span class='ocrx_word' id='word_1_52' title='bbox 813 537 946 587; x_wconf 83' lang='lat' dir='ltr'>Quomodo-</span> 
     </span>
     <span class='ocr_line' id='line_1_7' title="bbox 95 594 948 652; baseline -0.004 -10"><span class='ocrx_word' id='word_1_53' title='bbox 95 594 201 652; x_wconf 84' lang='lat' dir='ltr'>cumque</span> <span class='ocrx_word' id='word_1_54' title='bbox 215 602 292 642; x_wconf 89' lang='lat' dir='ltr'>causis</span> <span class='ocrx_word' id='word_1_55' title='bbox 303 602 452 643; x_wconf 85' lang='lat' dir='ltr'>naturalibus</span> <span class='ocrx_word' id='word_1_56' title='bbox 464 612 530 642; x_wconf 88' lang='lat' dir='ltr'>mors</span> <span class='ocrx_word' id='word_1_57' title='bbox 542 597 672 649; x_wconf 84' lang='lat' dir='ltr'>inducitur,</span> <span class='ocrx_word' id='word_1_58' title='bbox 687 600 706 639; x_wconf 93' lang='lat' dir='ltr'>si</span> <span class='ocrx_word' id='word_1_59' title='bbox 719 600 842 641; x_wconf 83' lang='lat' dir='ltr'>hominem</span> <span class='ocrx_word' id='word_1_60' title='bbox 855 599 948 641; x_wconf 77' lang='lat' dir='ltr'>invenit</span> 
     </span>
     <span class='ocr_line' id='line_1_8' title="bbox 99 662 946 715; baseline -0.001 -11"><span class='ocrx_word' id='word_1_61' title='bbox 99 665 125 704; x_wconf 92' lang='lat' dir='ltr'>in</span> <span class='ocrx_word' id='word_1_62' title='bbox 140 664 202 705; x_wconf 89' lang='lat' dir='ltr'>statu</span> <span class='ocrx_word' id='word_1_63' title='bbox 217 665 313 715; x_wconf 85' lang='lat' dir='ltr'>gratiae,</span> <span class='ocrx_word' id='word_1_64' title='bbox 328 676 382 706; x_wconf 81' lang='lat' dir='ltr'>vere</span> <span class='ocrx_word' id='word_1_65' title='bbox 398 664 500 705; x_wconf 84' lang='lat' dir='ltr'>habetur</span> <span class='ocrx_word' id='word_1_66' title='bbox 515 665 605 705; x_wconf 89' lang='lat' dir='ltr'>donum</span> <span class='ocrx_word' id='word_1_67' title='bbox 622 662 734 703; x_wconf 84' lang='lat' dir='ltr'>divinum</span> <span class='ocrx_word' id='word_1_68' title='bbox 748 662 946 714; x_wconf 85' lang='lat' dir='ltr'>perseverantiae,</span> 
     </span>
     <span class='ocr_line' id='line_1_9' title="bbox 96 727 946 780; baseline 0.001 -13"><span class='ocrx_word' id='word_1_69' title='bbox 96 728 157 778; x_wconf 88' lang='lat' dir='ltr'>quia</span> <span class='ocrx_word' id='word_1_70' title='bbox 168 728 251 768; x_wconf 84' lang='lat' dir='ltr'>omnia</span> <span class='ocrx_word' id='word_1_71' title='bbox 263 730 307 768; x_wconf 86' lang='lat' dir='ltr'>Dei</span> <span class='ocrx_word' id='word_1_72' title='bbox 319 728 469 780; x_wconf 69' lang='lat' dir='ltr'>prouidentia</span> <span class='ocrx_word' id='word_1_73' title='bbox 484 727 606 778; x_wconf 79' lang='lat' dir='ltr'>reguntur.</span> <span class='ocrx_word' id='word_1_74' title='bbox 623 727 734 768; x_wconf 74' lang='lat' dir='ltr'>Pertalis</span> <span class='ocrx_word' id='word_1_75' title='bbox 750 727 877 777; x_wconf 82' lang='lat' dir='ltr'>baptizatis</span> <span class='ocrx_word' id='word_1_76' title='bbox 892 727 946 768; x_wconf 87' lang='lat' dir='ltr'>ante</span> 
     </span>
     <span class='ocr_line' id='line_1_10' title="bbox 98 789 947 841; baseline -0.001 -11"><span class='ocrx_word' id='word_1_77' title='bbox 98 801 171 831; x_wconf 85' lang='lat' dir='ltr'>usum</span> <span class='ocrx_word' id='word_1_78' title='bbox 181 791 281 831; x_wconf 86' lang='lat' dir='ltr'>rationis</span> <span class='ocrx_word' id='word_1_79' title='bbox 290 791 339 832; x_wconf 85' lang='lat' dir='ltr'>vita</span> <span class='ocrx_word' id='word_1_80' title='bbox 350 791 439 831; x_wconf 82' lang='lat' dir='ltr'>iunctis</span> <span class='ocrx_word' id='word_1_81' title='bbox 449 790 627 841; x_wconf 78' lang='lat' dir='ltr'>perseverantia</span> <span class='ocrx_word' id='word_1_82' title='bbox 638 790 673 831; x_wconf 86' lang='lat' dir='ltr'>est</span> <span class='ocrx_word' id='word_1_83' title='bbox 683 801 742 840; x_wconf 88' lang='lat' dir='ltr'>pure</span> <span class='ocrx_word' id='word_1_84' title='bbox 754 790 858 841; x_wconf 81' lang='lat' dir='ltr'>passiva.</span> <span class='ocrx_word' id='word_1_85' title='bbox 871 789 947 830; x_wconf 87' lang='lat' dir='ltr'>Acti-</span> 
     </span>
     <span class='ocr_line' id='line_1_11' title="bbox 97 853 946 904; baseline 0 -10"><span class='ocrx_word' id='word_1_86' title='bbox 97 865 130 894; x_wconf 78' lang='lat' dir='ltr'>ve</span> <span class='ocrx_word' id='word_1_87' title='bbox 140 854 306 904; x_wconf 80' lang='lat' dir='ltr'>perseveratur</span> <span class='ocrx_word' id='word_1_88' title='bbox 317 853 477 894; x_wconf 82' lang='lat' dir='ltr'>continuando</span> <span class='ocrx_word' id='word_1_89' title='bbox 489 854 580 894; x_wconf 85' lang='lat' dir='ltr'>bonum</span> <span class='ocrx_word' id='word_1_90' title='bbox 590 864 652 904; x_wconf 88' lang='lat' dir='ltr'>opus</span> <span class='ocrx_word' id='word_1_91' title='bbox 662 864 738 904; x_wconf 87' lang='lat' dir='ltr'>usque</span> <span class='ocrx_word' id='word_1_92' title='bbox 750 854 782 894; x_wconf 87' lang='lat' dir='ltr'>ad</span> <span class='ocrx_word' id='word_1_93' title='bbox 795 853 872 894; x_wconf 85' lang='lat' dir='ltr'>finem</span> <span class='ocrx_word' id='word_1_94' title='bbox 884 853 946 895; x_wconf 85' lang='lat' dir='ltr'>vitae</span> 
     </span>
     <span class='ocr_line' id='line_1_12' title="bbox 95 916 945 967; baseline 0.004 -13"><span class='ocrx_word' id='word_1_95' title='bbox 95 916 148 957; x_wconf 84' lang='lat' dir='ltr'>sive</span> <span class='ocrx_word' id='word_1_96' title='bbox 166 916 300 957; x_wconf 69' lang='lat' dir='ltr'>constanter</span> <span class='ocrx_word' id='word_1_97' title='bbox 316 917 447 957; x_wconf 82' lang='lat' dir='ltr'>exercendo</span> <span class='ocrx_word' id='word_1_98' title='bbox 464 916 546 957; x_wconf 87' lang='lat' dir='ltr'>omnia</span> <span class='ocrx_word' id='word_1_99' title='bbox 564 927 598 964; x_wconf 84' lang='lat' dir='ltr'>ea,</span> <span class='ocrx_word' id='word_1_100' title='bbox 618 927 679 967; x_wconf 85' lang='lat' dir='ltr'>quae</span> <span class='ocrx_word' id='word_1_101' title='bbox 696 917 729 956; x_wconf 74' lang='lat' dir='ltr'>&#39;ad</span> <span class='ocrx_word' id='word_1_102' title='bbox 748 916 836 957; x_wconf 87' lang='lat' dir='ltr'>statum</span> <span class='ocrx_word' id='word_1_103' title='bbox 855 917 945 967; x_wconf 80' lang='lat' dir='ltr'>gratiae</span> 
     </span>
     <span class='ocr_line' id='line_1_13' title="bbox 97 978 944 1030; baseline 0 -11"><span class='ocrx_word' id='word_1_104' title='bbox 97 990 174 1030; x_wconf 87' lang='lat' dir='ltr'>usque</span> <span class='ocrx_word' id='word_1_105' title='bbox 191 981 223 1020; x_wconf 86' lang='lat' dir='ltr'>ad</span> <span class='ocrx_word' id='word_1_106' title='bbox 239 980 340 1020; x_wconf 83' lang='lat' dir='ltr'>mortem</span> <span class='ocrx_word' id='word_1_107' title='bbox 357 978 509 1020; x_wconf 84' lang='lat' dir='ltr'>retinendum</span> <span class='ocrx_word' id='word_1_108' title='bbox 526 990 555 1019; x_wconf 77' lang='lat' dir='ltr'>ex</span> <span class='ocrx_word' id='word_1_109' title='bbox 572 980 638 1029; x_wconf 87' lang='lat' dir='ltr'>parte</span> <span class='ocrx_word' id='word_1_110' title='bbox 657 979 762 1019; x_wconf 85' lang='lat' dir='ltr'>hominis</span> <span class='ocrx_word' id='word_1_111' title='bbox 780 979 944 1030; x_wconf 82' lang='lat' dir='ltr'>requiruntur.</span> 
     </span>
     <span class='ocr_line' id='line_1_14' title="bbox 100 1041 946 1093; baseline 0 -11"><span class='ocrx_word' id='word_1_112' title='bbox 100 1043 127 1082; x_wconf 90' lang='lat' dir='ltr'>In</span> <span class='ocrx_word' id='word_1_113' title='bbox 145 1042 182 1090; x_wconf 82' lang='lat' dir='ltr'>iis,</span> <span class='ocrx_word' id='word_1_114' title='bbox 200 1043 242 1093; x_wconf 85' lang='lat' dir='ltr'>qui</span> <span class='ocrx_word' id='word_1_115' title='bbox 260 1043 453 1092; x_wconf 85' lang='lat' dir='ltr'>ideonunquam</span> <span class='ocrx_word' id='word_1_116' title='bbox 472 1042 576 1091; x_wconf 81' lang='lat' dir='ltr'>graviter</span> <span class='ocrx_word' id='word_1_117' title='bbox 593 1041 692 1092; x_wconf 87' lang='lat' dir='ltr'>pecc‘ant</span> <span class='ocrx_word' id='word_1_118' title='bbox 710 1053 794 1093; x_wconf 86' lang='lat' dir='ltr'>neque,</span> <span class='ocrx_word' id='word_1_119' title='bbox 815 1043 835 1083; x_wconf 93' lang='lat' dir='ltr'>si</span> <span class='ocrx_word' id='word_1_120' title='bbox 854 1042 946 1083; x_wconf 87' lang='lat' dir='ltr'>diutius</span> 
     </span>
     <span class='ocr_line' id='line_1_15' title="bbox 96 1103 943 1156; baseline 0.001 -11"><span class='ocrx_word' id='word_1_121' title='bbox 96 1104 213 1153; x_wconf 75' lang='lat' dir='ltr'>virerent,</span> <span class='ocrx_word' id='word_1_122' title='bbox 229 1104 307 1144; x_wconf 80' lang='lat' dir='ltr'>essent</span> <span class='ocrx_word' id='word_1_123' title='bbox 321 1103 447 1155; x_wconf 76' lang='lat' dir='ltr'>peccaturi,</span> <span class='ocrx_word' id='word_1_124' title='bbox 465 1105 522 1154; x_wconf 85' lang='lat' dir='ltr'>quia</span> <span class='ocrx_word' id='word_1_125' title='bbox 535 1105 561 1144; x_wconf 89' lang='lat' dir='ltr'>in</span> <span class='ocrx_word' id='word_1_126' title='bbox 576 1104 653 1154; x_wconf 79' lang='lat' dir='ltr'>gratia</span> <span class='ocrx_word' id='word_1_127' title='bbox 675 1106 811 1155; x_wconf 74' lang='lat' dir='ltr'>coatirmoti</span> <span class='ocrx_word' id='word_1_128' title='bbox 833 1107 889 1146; x_wconf 89' lang='lat' dir='ltr'>sunt</span> <span class='ocrx_word' id='word_1_129' title='bbox 913 1106 943 1156; x_wconf 80' lang='lat' dir='ltr'>(v.</span> 
     </span>
     <span class='ocr_line' id='line_1_16' title="bbox 51 1166 946 1221; baseline 0.001 -13"><span class='ocrx_word' id='word_1_130' title='bbox 51 1214 53 1221; x_wconf 25' lang='lat' dir='ltr'>y</span> <span class='ocrx_word' id='word_1_131' title='bbox 95 1167 172 1208; x_wconf 86' lang='lat' dir='ltr'>schol.</span> <span class='ocrx_word' id='word_1_132' title='bbox 194 1179 218 1207; x_wconf 91' lang='lat' dir='ltr'>n.</span> <span class='ocrx_word' id='word_1_133' title='bbox 237 1168 296 1218; x_wconf 80' lang='grc'>572),</span> <span class='ocrx_word' id='word_1_134' title='bbox 317 1166 461 1207; x_wconf 85' lang='lat' dir='ltr'>elementum</span> <span class='ocrx_word' id='word_1_135' title='bbox 481 1167 604 1217; x_wconf 85' lang='lat' dir='ltr'>passivum</span> <span class='ocrx_word' id='word_1_136' title='bbox 625 1178 652 1207; x_wconf 88' lang='lat' dir='ltr'>eo</span> <span class='ocrx_word' id='word_1_137' title='bbox 673 1166 724 1217; x_wconf 88' lang='lat' dir='ltr'>ipso</span> <span class='ocrx_word' id='word_1_138' title='bbox 745 1168 848 1208; x_wconf 86' lang='lat' dir='ltr'>habetur</span> <span class='ocrx_word' id='word_1_139' title='bbox 868 1180 946 1219; x_wconf 88' lang='lat' dir='ltr'>neque</span> 
     </span>
     <span class='ocr_line' id='line_1_17' title="bbox 98 1228 948 1281; baseline 0.001 -10"><span class='ocrx_word' id='word_1_140' title='bbox 98 1231 191 1281; x_wconf 76' lang='lat' dir='ltr'>indiget</span> <span class='ocrx_word' id='word_1_141' title='bbox 205 1230 301 1281; x_wconf 89' lang='lat' dir='ltr'>speciali</span> <span class='ocrx_word' id='word_1_142' title='bbox 317 1229 452 1277; x_wconf 64' lang='lat' dir='ltr'>attenderim</span> <span class='ocrx_word' id='word_1_143' title='bbox 467 1240 524 1269; x_wconf 87' lang='lat' dir='ltr'>nam</span> <span class='ocrx_word' id='word_1_144' title='bbox 540 1229 642 1280; x_wconf 80' lang='lat' dir='ltr'>quodvis</span> <span class='ocrx_word' id='word_1_145' title='bbox 656 1228 752 1281; x_wconf 84' lang='lat' dir='ltr'>tempus</span> <span class='ocrx_word' id='word_1_146' title='bbox 766 1230 851 1271; x_wconf 87' lang='lat' dir='ltr'>mortis</span> <span class='ocrx_word' id='word_1_147' title='bbox 866 1231 897 1271; x_wconf 88' lang='lat' dir='ltr'>iis</span> <span class='ocrx_word' id='word_1_148' title='bbox 912 1231 948 1272; x_wconf 84' lang='lat' dir='ltr'>est</span> 
     </span>
     <span class='ocr_line' id='line_1_18' title="bbox 94 1292 948 1345; baseline 0.002 -12"><span class='ocrx_word' id='word_1_149' title='bbox 94 1293 268 1345; x_wconf 78' lang='lat' dir='ltr'>opportunum.</span> <span class='ocrx_word' id='word_1_150' title='bbox 299 1292 444 1342; x_wconf 75' lang='lat' dir='ltr'>Plerumque</span> <span class='ocrx_word' id='word_1_151' title='bbox 473 1292 618 1333; x_wconf 86' lang='lat' dir='ltr'>considerari</span> <span class='ocrx_word' id='word_1_152' title='bbox 647 1293 717 1334; x_wconf 87' lang='lat' dir='ltr'>debet</span> <span class='ocrx_word' id='word_1_153' title='bbox 743 1294 874 1345; x_wconf 84' lang='lat' dir='ltr'>utrumque</span> <span class='ocrx_word' id='word_1_154' title='bbox 902 1294 948 1335; x_wconf 88' lang='lat' dir='ltr'>ele-</span> 
     </span>
    </p>
   </div>
   <div class='ocr_carea' id='block_1_3' title="bbox 41 1356 215 1397">
    <p class='ocr_par' dir='ltr' id='par_1_3' title="bbox 41 1356 215 1397">
     <span class='ocr_line' id='line_1_19' title="bbox 41 1356 215 1397; baseline 0 -1"><span class='ocrx_word' id='word_1_155' title='bbox 41 1368 43 1371; x_wconf 85' lang='lat'>·</span> <span class='ocrx_word' id='word_1_156' title='bbox 96 1356 215 1397; x_wconf 86' lang='lat' dir='ltr'>mentum.</span> 
     </span>
    </p>
   </div>
   <div class='ocr_carea' id='block_1_4' title="bbox 95 1479 949 1786">
    <p class='ocr_par' dir='ltr' id='par_1_4' title="bbox 95 1479 949 1786">
     <span class='ocr_line' id='line_1_20' title="bbox 98 1479 949 1532; baseline 0 -10"><span class='ocrx_word' id='word_1_157' title='bbox 98 1480 154 1523; x_wconf 70' lang='lat'>556„</span> <span class='ocrx_word' id='word_1_158' title='bbox 191 1484 211 1522; x_wconf 89' lang='lat'>3.</span> <span class='ocrx_word' id='word_1_159' title='bbox 231 1479 366 1521; x_wconf 82' lang='lat' dir='ltr'>Adversarii</span> <span class='ocrx_word' id='word_1_160' title='bbox 390 1481 411 1532; x_wconf 81' lang='lat' dir='ltr'>a)</span> <span class='ocrx_word' id='word_1_161' title='bbox 431 1479 525 1530; x_wconf 80' lang='lat' dir='ltr'>praeter</span> <span class='ocrx_word' id='word_1_162' title='bbox 550 1480 722 1530; x_wconf 72' lang='lat' dir='ltr'>Pelagianos</span> <span class='ocrx_word' id='word_1_163' title='bbox 746 1482 802 1522; x_wconf 87' lang='lat' dir='ltr'>sunt</span> <span class='ocrx_word' id='word_1_164' title='bbox 825 1482 949 1532; x_wconf 78' lang='lat' dir='ltr'>imprimis</span> 
     </span>
     <span class='ocr_line' id='line_1_21' title="bbox 96 1543 948 1597; baseline 0.002 -13"><span class='ocrx_word' id='word_1_165' title='bbox 96 1543 290 1597; x_wconf 74' lang='lat' dir='ltr'>&#39;Semipelagiani</span> <span class='ocrx_word' id='word_1_166' title='bbox 310 1544 351 1594; x_wconf 88' lang='lat' dir='ltr'>qui</span> <span class='ocrx_word' id='word_1_167' title='bbox 368 1544 426 1584; x_wconf 88' lang='lat' dir='ltr'>teste</span> <span class='ocrx_word' id='word_1_168' title='bbox 443 1544 582 1592; x_wconf 86' lang='lat' dir='ltr'>Prospero</span> <span class='ocrx_word' id='word_1_169' title='bbox 601 1544 632 1584; x_wconf 87' lang='lat' dir='ltr'>ad</span> <span class='ocrx_word' id='word_1_170' title='bbox 648 1544 811 1594; x_wconf 81' lang='lat' dir='ltr'>Augustinum</span> <span class='ocrx_word' id='word_1_171' title='bbox 829 1544 948 1586; x_wconf 71' lang='lat' dir='ltr'>scribente</span> 
     </span>
     <span class='ocr_line' id='line_1_22' title="bbox 100 1605 947 1660; baseline 0.002 -13"><span class='ocrx_word' id='word_1_172' title='bbox 100 1608 183 1660; x_wconf 71' lang='lat' dir='ltr'>(Epist.</span> <span class='ocrx_word' id='word_1_173' title='bbox 199 1610 243 1649; x_wconf 75' lang='grc'>225</span> <span class='ocrx_word' id='word_1_174' title='bbox 255 1619 278 1647; x_wconf 91' lang='lat' dir='ltr'>n.</span> <span class='ocrx_word' id='word_1_175' title='bbox 293 1608 315 1658; x_wconf 81' lang='grc'>2)</span> <span class='ocrx_word' id='word_1_176' title='bbox 332 1606 468 1654; x_wconf 66' lang='lat' dir='ltr'>ructabant,</span> <span class='ocrx_word' id='word_1_177' title='bbox 485 1605 604 1657; x_wconf 88' lang='lat' dir='ltr'>quidquid</span> <span class='ocrx_word' id='word_1_178' title='bbox 620 1607 643 1646; x_wconf 87' lang='lat' dir='ltr'>S.</span> <span class='ocrx_word' id='word_1_179' title='bbox 660 1607 747 1647; x_wconf 86' lang='lat' dir='ltr'>Doctor</span> <span class='ocrx_word' id='word_1_180' title='bbox 761 1609 808 1648; x_wconf 83' lang='lat' dir='ltr'>«ele</span> <span class='ocrx_word' id='word_1_181' title='bbox 824 1610 947 1649; x_wconf 80' lang='lat' dir='ltr'>vocatione</span> 
     </span>
     <span class='ocr_line' id='line_1_23' title="bbox 95 1669 947 1723; baseline 0.004 -13"><span class='ocrx_word' id='word_1_182' title='bbox 95 1671 229 1714; x_wconf 79' lang='lat' dir='ltr'>electorum</span> <span class='ocrx_word' id='word_1_183' title='bbox 243 1670 375 1709; x_wconf 82' lang='lat' dir='ltr'>secundum</span> <span class='ocrx_word' id='word_1_184' title='bbox 390 1669 433 1708; x_wconf 88' lang='lat' dir='ltr'>llei</span> <span class='ocrx_word' id='word_1_185' title='bbox 448 1669 616 1720; x_wconf 78' lang='lat' dir='ltr'>propositam»</span> <span class='ocrx_word' id='word_1_186' title='bbox 635 1670 798 1719; x_wconf 79' lang='lat' dir='ltr'>disputaverat</span> <span class='ocrx_word' id='word_1_187' title='bbox 816 1672 855 1723; x_wconf 84' lang='lat' dir='ltr'>(ci.</span> <span class='ocrx_word' id='word_1_188' title='bbox 873 1684 947 1723; x_wconf 85' lang='lat' dir='ltr'>supra</span> 
     </span>
     <span class='ocr_line' id='line_1_24' title="bbox 98 1732 946 1786; baseline -0.001 -10"><span class='ocrx_word' id='word_1_189' title='bbox 98 1733 307 1776; x_wconf 34' lang='lat' dir='ltr'>ns58s172n0t.</span> <span class='ocrx_word' id='word_1_190' title='bbox 325 1733 345 1784; x_wconf 79' lang='grc'>2)</span> <span class='ocrx_word' id='word_1_191' title='bbox 367 1763 372 1771; x_wconf 93' lang='grc'><strong><em>.</em></strong></span> <span class='ocrx_word' id='word_1_192' title='bbox 395 1732 472 1781; x_wconf 83' lang='lat' dir='ltr'>Quare</span> <span class='ocrx_word' id='word_1_193' title='bbox 495 1732 623 1782; x_wconf 78' lang='lat' dir='ltr'>specialem</span> <span class='ocrx_word' id='word_1_194' title='bbox 641 1733 859 1784; x_wconf 77' lang='lat' dir='ltr'>praedilectionem,</span> <span class='ocrx_word' id='word_1_195' title='bbox 884 1746 946 1786; x_wconf 89' lang='lat' dir='ltr'>quae</span> 
     </span>
    </p>
   </div>
   <div class='ocr_carea' id='block_1_5' title="bbox 95 1856 948 2498">
    <p class='ocr_par' dir='ltr' id='par_1_5' title="bbox 95 1856 948 2498">
     <span class='ocr_line' id='line_1_25' title="bbox 95 1856 945 1903; baseline 0.002 -10"><span class='ocrx_word' id='word_1_196' title='bbox 95 1858 178 1894; x_wconf 80' lang='lat' dir='ltr'>effectu</span> <span class='ocrx_word' id='word_1_197' title='bbox 193 1857 287 1893; x_wconf 84' lang='lat' dir='ltr'>actualis</span> <span class='ocrx_word' id='word_1_198' title='bbox 301 1857 479 1903; x_wconf 80' lang='lat' dir='ltr'>perseverantiae</span> <span class='ocrx_word' id='word_1_199' title='bbox 494 1857 552 1892; x_wconf 88' lang='lat' dir='ltr'>sicut</span> <span class='ocrx_word' id='word_1_200' title='bbox 565 1856 640 1902; x_wconf 82' lang='lat' dir='ltr'>gratia</span> <span class='ocrx_word' id='word_1_201' title='bbox 653 1858 776 1902; x_wconf 87' lang='lat' dir='ltr'>praecisive</span> <span class='ocrx_word' id='word_1_202' title='bbox 790 1857 902 1895; x_wconf 86' lang='lat' dir='ltr'>sufficiens</span> <span class='ocrx_word' id='word_1_203' title='bbox 917 1861 945 1896; x_wconf 87' lang='lat' dir='ltr'>ab</span> 
     </span>
     <span class='ocr_line' id='line_1_26' title="bbox 95 1903 946 1950; baseline 0 -11"><span class='ocrx_word' id='word_1_204' title='bbox 95 1903 202 1939; x_wconf 83' lang='lat' dir='ltr'>efficacia.</span> <span class='ocrx_word' id='word_1_205' title='bbox 219 1903 318 1939; x_wconf 84' lang='lat' dir='ltr'>Actualis</span> <span class='ocrx_word' id='word_1_206' title='bbox 331 1903 498 1949; x_wconf 81' lang='lat' dir='ltr'>perseverantia</span> <span class='ocrx_word' id='word_1_207' title='bbox 511 1904 579 1939; x_wconf 85' lang='lat' dir='ltr'>etiam</span> <span class='ocrx_word' id='word_1_208' title='bbox 592 1903 684 1939; x_wconf 81' lang='lat' dir='ltr'>vocatur</span> <span class='ocrx_word' id='word_1_209' title='bbox 698 1904 803 1948; x_wconf 68' lang='lat' dir='ltr'>torinalis.</span> <span class='ocrx_word' id='word_1_210' title='bbox 822 1906 843 1941; x_wconf 84' lang='lat' dir='ltr'>S.</span> <span class='ocrx_word' id='word_1_211' title='bbox 858 1904 946 1950; x_wconf 82' lang='lat' dir='ltr'>Augu-</span> 
     </span>
     <span class='ocr_line' id='line_1_27' title="bbox 100 1948 946 1995; baseline 0.002 -11"><span class='ocrx_word' id='word_1_212' title='bbox 100 1950 191 1984; x_wconf 89' lang='lat' dir='ltr'>stinus</span> <span class='ocrx_word' id='word_1_213' title='bbox 206 1949 348 1991; x_wconf 85' lang='lat' dir='ltr'>adiutorium,</span> <span class='ocrx_word' id='word_1_214' title='bbox 365 1950 413 1984; x_wconf 89' lang='lat' dir='ltr'>sine</span> <span class='ocrx_word' id='word_1_215' title='bbox 429 1957 472 1993; x_wconf 86' lang='lat' dir='ltr'>quo</span> <span class='ocrx_word' id='word_1_216' title='bbox 484 1949 556 1986; x_wconf 86' lang='lat' dir='ltr'>Adam</span> <span class='ocrx_word' id='word_1_217' title='bbox 570 1958 617 1984; x_wconf 86' lang='lat' dir='ltr'>non</span> <span class='ocrx_word' id='word_1_218' title='bbox 630 1948 703 1994; x_wconf 89' lang='lat' dir='ltr'>potuit</span> <span class='ocrx_word' id='word_1_219' title='bbox 717 1958 866 1995; x_wconf 83' lang='lat' dir='ltr'>perseverare,</span> <span class='ocrx_word' id='word_1_220' title='bbox 882 1951 946 1986; x_wconf 85' lang='lat' dir='ltr'>vocat</span> 
     </span>
     <span class='ocr_line' id='line_1_28' title="bbox 97 1995 945 2041; baseline 0.006 -14"><span class='ocrx_word' id='word_1_221' title='bbox 97 2007 111 2027; x_wconf 57' lang='lat' dir='ltr'>»a</span> <span class='ocrx_word' id='word_1_222' title='bbox 119 1995 299 2040; x_wconf 86' lang='lat' dir='ltr'>perseverantiae</span> <span class='ocrx_word' id='word_1_223' title='bbox 317 1996 467 2038; x_wconf 73' lang='lat' dir='ltr'>potestatem»</span> <span class='ocrx_word' id='word_1_224' title='bbox 496 1996 541 2030; x_wconf 86' lang='lat' dir='ltr'>sive</span> <span class='ocrx_word' id='word_1_225' title='bbox 569 2006 580 2027; x_wconf 81' lang='lat' dir='ltr'>u</span> <span class='ocrx_word' id='word_1_226' title='bbox 589 1995 727 2031; x_wconf 81' lang='lat' dir='ltr'>adiutorium</span> <span class='ocrx_word' id='word_1_227' title='bbox 747 1997 926 2041; x_wconf 84' lang='lat' dir='ltr'>perseverantiae</span> <span class='ocrx_word' id='word_1_228' title='bbox 935 2010 945 2028; x_wconf 69' lang='lat' dir='ltr'>a</span> 
     </span>
     <span class='ocr_line' id='line_1_29' title="bbox 101 2040 947 2088; baseline 0.002 -11"><span class='ocrx_word' id='word_1_229' title='bbox 101 2042 140 2087; x_wconf 85' lang='lat' dir='ltr'>(De</span> <span class='ocrx_word' id='word_1_230' title='bbox 154 2050 207 2076; x_wconf 70' lang='lat' dir='ltr'>corr.</span> <span class='ocrx_word' id='word_1_231' title='bbox 223 2042 243 2076; x_wconf 89' lang='lat' dir='ltr'>et</span> <span class='ocrx_word' id='word_1_232' title='bbox 256 2050 286 2085; x_wconf 71' lang='lat' dir='ltr'>qr.</span> <span class='ocrx_word' id='word_1_233' title='bbox 303 2040 331 2084; x_wconf 74' lang='lat'>12,</span> <span class='ocrx_word' id='word_1_234' title='bbox 345 2041 369 2077; x_wconf 86' lang='lat'>33</span> <span class='ocrx_word' id='word_1_235' title='bbox 376 2041 415 2086; x_wconf 89' lang='lat' dir='ltr'>ss);</span> <span class='ocrx_word' id='word_1_236' title='bbox 430 2041 567 2076; x_wconf 86' lang='lat' dir='ltr'>adiutorium</span> <span class='ocrx_word' id='word_1_237' title='bbox 577 2049 636 2084; x_wconf 82' lang='lat' dir='ltr'>varo,</span> <span class='ocrx_word' id='word_1_238' title='bbox 651 2050 694 2086; x_wconf 92' lang='lat' dir='ltr'>quo</span> <span class='ocrx_word' id='word_1_239' title='bbox 707 2050 767 2078; x_wconf 87' lang='lat' dir='ltr'>nunc</span> <span class='ocrx_word' id='word_1_240' title='bbox 780 2043 947 2088; x_wconf 82' lang='lat' dir='ltr'>perseverantia</span> 
     </span>
     <span class='ocr_line' id='line_1_30' title="bbox 96 2086 948 2133; baseline 0.002 -11"><span class='ocrx_word' id='word_1_241' title='bbox 96 2089 150 2133; x_wconf 83' lang='lat' dir='ltr'>ipsa</span> <span class='ocrx_word' id='word_1_242' title='bbox 166 2087 269 2130; x_wconf 80' lang='lat' dir='ltr'>donatur,</span> <span class='ocrx_word' id='word_1_243' title='bbox 288 2096 353 2133; x_wconf 81' lang='lat' dir='ltr'>saepe</span> <span class='ocrx_word' id='word_1_244' title='bbox 369 2087 432 2122; x_wconf 81' lang='lat' dir='ltr'>uocat</span> <span class='ocrx_word' id='word_1_245' title='bbox 458 2086 561 2122; x_wconf 80' lang='lat' dir='ltr'>«clauum</span> <span class='ocrx_word' id='word_1_246' title='bbox 578 2087 776 2131; x_wconf 72' lang='lat' dir='ltr'>perseverantiae»</span> <span class='ocrx_word' id='word_1_247' title='bbox 804 2087 864 2132; x_wconf 83' lang='lat' dir='ltr'>(ibid.</span> <span class='ocrx_word' id='word_1_248' title='bbox 884 2090 906 2126; x_wconf 86' lang='lat' dir='ltr'>et</span> <span class='ocrx_word' id='word_1_249' title='bbox 923 2090 948 2124; x_wconf 92' lang='lat' dir='ltr'>in</span> 
     </span>
     <span class='ocr_line' id='line_1_31' title="bbox 98 2133 947 2179; baseline 0.002 -11"><span class='ocrx_word' id='word_1_250' title='bbox 98 2134 190 2179; x_wconf 82' lang='lat' dir='ltr'>proprio</span> <span class='ocrx_word' id='word_1_251' title='bbox 207 2133 263 2169; x_wconf 89' lang='lat' dir='ltr'>libro</span> <span class='ocrx_word' id='word_1_252' title='bbox 279 2134 310 2169; x_wconf 86' lang='lat' dir='ltr'>De</span> <span class='ocrx_word' id='word_1_253' title='bbox 329 2133 386 2168; x_wconf 78' lang='lat' dir='ltr'>dorio</span> <span class='ocrx_word' id='word_1_254' title='bbox 403 2133 504 2178; x_wconf 70' lang='lat' dir='ltr'>persea).</span> <span class='ocrx_word' id='word_1_255' title='bbox 524 2133 634 2170; x_wconf 81' lang='lat' dir='ltr'>Similiter</span> <span class='ocrx_word' id='word_1_256' title='bbox 652 2134 736 2170; x_wconf 87' lang='lat' dir='ltr'>Billot</span> <span class='ocrx_word' id='word_1_257' title='bbox 755 2133 826 2170; x_wconf 85' lang='lat' dir='ltr'>utitur</span> <span class='ocrx_word' id='word_1_258' title='bbox 844 2135 947 2170; x_wconf 84' lang='lat' dir='ltr'>terminis</span> 
     </span>
     <span class='ocr_line' id='line_1_32' title="bbox 99 2178 946 2224; baseline 0.001 -9"><span class='ocrx_word' id='word_1_259' title='bbox 99 2180 178 2215; x_wconf 77' lang='lat' dir='ltr'>ausilii</span> <span class='ocrx_word' id='word_1_260' title='bbox 195 2180 216 2215; x_wconf 84' lang='lat' dir='ltr'>et</span> <span class='ocrx_word' id='word_1_261' title='bbox 232 2179 284 2214; x_wconf 80' lang='lat' dir='ltr'>aloni</span> <span class='ocrx_word' id='word_1_262' title='bbox 299 2178 483 2224; x_wconf 82' lang='lat' dir='ltr'>perseverantiae.</span> <span class='ocrx_word' id='word_1_263' title='bbox 501 2198 525 2203; x_wconf 96' lang='lat'><strong>—</strong></span> <span class='ocrx_word' id='word_1_264' title='bbox 541 2179 651 2221; x_wconf 81' lang='lat' dir='ltr'>Quoniam</span> <span class='ocrx_word' id='word_1_265' title='bbox 667 2181 834 2224; x_wconf 83' lang='lat' dir='ltr'>perseverantia</span> <span class='ocrx_word' id='word_1_266' title='bbox 851 2181 946 2216; x_wconf 87' lang='lat' dir='ltr'>actualis</span> 
     </span>
     <span class='ocr_line' id='line_1_33' title="bbox 99 2225 947 2271; baseline 0 -10"><span class='ocrx_word' id='word_1_267' title='bbox 99 2226 124 2261; x_wconf 89' lang='lat' dir='ltr'>in</span> <span class='ocrx_word' id='word_1_268' title='bbox 143 2234 183 2261; x_wconf 87' lang='lat' dir='ltr'>suo</span> <span class='ocrx_word' id='word_1_269' title='bbox 203 2225 310 2271; x_wconf 83' lang='lat' dir='ltr'>conceptu</span> <span class='ocrx_word' id='word_1_270' title='bbox 331 2225 426 2260; x_wconf 88' lang='lat' dir='ltr'>includit</span> <span class='ocrx_word' id='word_1_271' title='bbox 450 2225 545 2260; x_wconf 81' lang='lat' dir='ltr'>mortem</span> <span class='ocrx_word' id='word_1_272' title='bbox 564 2226 589 2260; x_wconf 88' lang='lat' dir='ltr'>in</span> <span class='ocrx_word' id='word_1_273' title='bbox 608 2225 669 2260; x_wconf 89' lang='lat' dir='ltr'>statu</span> <span class='ocrx_word' id='word_1_274' title='bbox 688 2225 781 2271; x_wconf 78' lang='lat' dir='ltr'>gratiae,</span> <span class='ocrx_word' id='word_1_275' title='bbox 809 2227 867 2263; x_wconf 84' lang='lat' dir='ltr'>recte</span> <span class='ocrx_word' id='word_1_276' title='bbox 894 2226 947 2263; x_wconf 88' lang='lat' dir='ltr'>dicit</span> 
     </span>
     <span class='ocr_line' id='line_1_34' title="bbox 98 2271 947 2319; baseline -0.001 -11"><span class='ocrx_word' id='word_1_277' title='bbox 98 2272 120 2308; x_wconf 84' lang='lat' dir='ltr'>S.</span> <span class='ocrx_word' id='word_1_278' title='bbox 135 2272 311 2315; x_wconf 80' lang='lat' dir='ltr'>Augustinus,</span> <span class='ocrx_word' id='word_1_279' title='bbox 325 2272 355 2307; x_wconf 88' lang='lat' dir='ltr'>De</span> <span class='ocrx_word' id='word_1_280' title='bbox 370 2271 425 2306; x_wconf 79' lang='lat' dir='ltr'>clano</span> <span class='ocrx_word' id='word_1_281' title='bbox 439 2279 522 2314; x_wconf 75' lang='lat' dir='ltr'>persev.</span> <span class='ocrx_word' id='word_1_282' title='bbox 538 2271 556 2313; x_wconf 82' lang='lat'>6,</span> <span class='ocrx_word' id='word_1_283' title='bbox 571 2271 595 2307; x_wconf 85' lang='lat'>10</span> <span class='ocrx_word' id='word_1_284' title='bbox 610 2272 637 2317; x_wconf 85' lang='lat' dir='ltr'>(R</span> <span class='ocrx_word' id='word_1_285' title='bbox 651 2271 718 2317; x_wconf 68' lang='lat' dir='ltr'>mat-il:</span> <span class='ocrx_word' id='word_1_286' title='bbox 737 2285 747 2305; x_wconf 73' lang='grc' dir='ltr'>κ</span> <span class='ocrx_word' id='word_1_287' title='bbox 756 2273 821 2308; x_wconf 84' lang='lat' dir='ltr'>Multi</span> <span class='ocrx_word' id='word_1_288' title='bbox 835 2283 885 2309; x_wconf 87' lang='lat' dir='ltr'>eam</span> <span class='ocrx_word' id='word_1_289' title='bbox 899 2282 947 2319; x_wconf 82' lang='lat' dir='ltr'>pos-</span> 
     </span>
     <span class='ocr_line' id='line_1_35' title="bbox 99 2316 945 2361; baseline 0.002 -9"><span class='ocrx_word' id='word_1_290' title='bbox 99 2318 152 2352; x_wconf 85' lang='lat' dir='ltr'>sunt</span> <span class='ocrx_word' id='word_1_291' title='bbox 162 2317 251 2359; x_wconf 81' lang='lat' dir='ltr'>habere,</span> <span class='ocrx_word' id='word_1_292' title='bbox 264 2317 339 2352; x_wconf 89' lang='lat' dir='ltr'>nullus</span> <span class='ocrx_word' id='word_1_293' title='bbox 351 2316 464 2353; x_wconf 87' lang='lat' dir='ltr'>amittere.</span> <span class='ocrx_word' id='word_1_294' title='bbox 474 2344 493 2352; x_wconf 85' lang='lat'>..</span> <span class='ocrx_word' id='word_1_295' title='bbox 507 2318 553 2352; x_wconf 90' lang='lat' dir='ltr'>Hoc</span> <span class='ocrx_word' id='word_1_296' title='bbox 564 2326 616 2361; x_wconf 80' lang='lat' dir='ltr'>ergo</span> <span class='ocrx_word' id='word_1_297' title='bbox 628 2318 668 2353; x_wconf 88' lang='lat' dir='ltr'>Dei</span> <span class='ocrx_word' id='word_1_298' title='bbox 681 2319 798 2354; x_wconf 88' lang='lat' dir='ltr'>donum...</span> <span class='ocrx_word' id='word_1_299' title='bbox 813 2319 887 2354; x_wconf 83' lang='lat' dir='ltr'>amitti</span> <span class='ocrx_word' id='word_1_300' title='bbox 899 2329 945 2354; x_wconf 75' lang='lat' dir='ltr'>coii-</span> 
     </span>
     <span class='ocr_line' id='line_1_36' title="bbox 100 2363 947 2409; baseline 0.002 -11"><span class='ocrx_word' id='word_1_301' title='bbox 100 2364 218 2406; x_wconf 80' lang='lat' dir='ltr'>tamaciter</span> <span class='ocrx_word' id='word_1_302' title='bbox 237 2371 282 2398; x_wconf 81' lang='lat' dir='ltr'>non</span> <span class='ocrx_word' id='word_1_303' title='bbox 299 2364 399 2407; x_wconf 20' lang='lat' dir='ltr'>&#39;potesta</span> <span class='ocrx_word' id='word_1_304' title='bbox 420 2363 481 2397; x_wconf 87' lang='lat' dir='ltr'>Haec</span> <span class='ocrx_word' id='word_1_305' title='bbox 500 2363 670 2409; x_wconf 86' lang='lat' dir='ltr'>impossibilitas</span> <span class='ocrx_word' id='word_1_306' title='bbox 692 2366 724 2399; x_wconf 84' lang='lat' dir='ltr'>est</span> <span class='ocrx_word' id='word_1_307' title='bbox 745 2373 881 2409; x_wconf 74' lang='lat' dir='ltr'>consequeris</span> <span class='ocrx_word' id='word_1_308' title='bbox 901 2365 947 2401; x_wconf 77' lang='lat' dir='ltr'>sive</span> 
     </span>
     <span class='ocr_line' id='line_1_37' title="bbox 97 2407 947 2489; baseline 0.001 -45"><span class='ocrx_word' id='word_1_309' title='bbox 97 2409 238 2489; x_wconf 49' lang='grc' dir='ltr'>ἵηῑιέγῐῆοηίε</span> <span class='ocrx_word' id='word_1_310' title='bbox 258 2409 279 2445; x_wconf 91' lang='lat' dir='ltr'>et</span> <span class='ocrx_word' id='word_1_311' title='bbox 298 2407 402 2453; x_wconf 82' lang='lat' dir='ltr'>relinquit</span> <span class='ocrx_word' id='word_1_312' title='bbox 422 2408 589 2445; x_wconf 78' lang='lat' dir='ltr'>antecedentem</span> <span class='ocrx_word' id='word_1_313' title='bbox 608 2409 731 2454; x_wconf 86' lang='lat' dir='ltr'>potentiam</span> <span class='ocrx_word' id='word_1_314' title='bbox 750 2411 818 2447; x_wconf 84' lang='lat' dir='ltr'>libere</span> <span class='ocrx_word' id='word_1_315' title='bbox 836 2410 947 2446; x_wconf 88' lang='lat' dir='ltr'>abiciendi</span> 
     </span>
     <span class='ocr_line' id='line_1_38' title="bbox 98 2463 202 2498; baseline 0.01 -9"><span class='ocrx_word' id='word_1_316' title='bbox 98 2463 140 2498; x_wconf 80' lang='lat' dir='ltr'>gra</span> <span class='ocrx_word' id='word_1_317' title='bbox 151 2464 202 2490; x_wconf 83' lang='lat' dir='ltr'>iam.</span> 
     </span>
    </p>
   </div>
   <div class='ocr_carea' id='block_1_6' title="bbox 97 2510 948 3016">
    <p class='ocr_par' dir='ltr' id='par_1_6' title="bbox 97 2510 948 3016">
     <span class='ocr_line' id='line_1_39' title="bbox 162 2510 947 2556; baseline 0.006 -13"><span class='ocrx_word' id='word_1_318' title='bbox 162 2513 170 2534; x_wconf 87' lang='lat'>1</span> <span class='ocrx_word' id='word_1_319' title='bbox 189 2511 349 2555; x_wconf 79' lang='lat' dir='ltr'>«Propositum</span> <span class='ocrx_word' id='word_1_320' title='bbox 368 2510 442 2546; x_wconf 88' lang='lat' dir='ltr'>autem</span> <span class='ocrx_word' id='word_1_321' title='bbox 460 2511 560 2546; x_wconf 78' lang='lat' dir='ltr'>coeuntis</span> <span class='ocrx_word' id='word_1_322' title='bbox 580 2513 666 2556; x_wconf 70' lang='lat' dir='ltr'>proriae</span> <span class='ocrx_word' id='word_1_323' title='bbox 685 2512 709 2546; x_wconf 90' lang='lat' dir='ltr'>in</span> <span class='ocrx_word' id='word_1_324' title='bbox 726 2511 768 2548; x_wconf 87' lang='lat' dir='ltr'>hoc</span> <span class='ocrx_word' id='word_1_325' title='bbox 787 2513 878 2548; x_wconf 82' lang='lat' dir='ltr'>omnino</span> <span class='ocrx_word' id='word_1_326' title='bbox 897 2512 947 2548; x_wconf 88' lang='lat' dir='ltr'>defi-</span> 
     </span>
     <span class='ocr_line' id='line_1_40' title="bbox 100 2555 947 2604; baseline 0.002 -13"><span class='ocrx_word' id='word_1_327' title='bbox 100 2556 171 2599; x_wconf 86' lang='lat' dir='ltr'>niunt,</span> <span class='ocrx_word' id='word_1_328' title='bbox 192 2557 250 2601; x_wconf 87' lang='lat' dir='ltr'>quod</span> <span class='ocrx_word' id='word_1_329' title='bbox 266 2558 324 2592; x_wconf 83' lang='lat' dir='ltr'>Deus</span> <span class='ocrx_word' id='word_1_330' title='bbox 343 2555 482 2591; x_wconf 82' lang='lat' dir='ltr'>constituerit</span> <span class='ocrx_word' id='word_1_331' title='bbox 500 2556 588 2592; x_wconf 86' lang='lat' dir='ltr'>nulium</span> <span class='ocrx_word' id='word_1_332' title='bbox 606 2557 630 2592; x_wconf 89' lang='lat' dir='ltr'>in</span> <span class='ocrx_word' id='word_1_333' title='bbox 648 2565 742 2601; x_wconf 86' lang='lat' dir='ltr'>regnum</span> <span class='ocrx_word' id='word_1_334' title='bbox 760 2566 826 2592; x_wconf 90' lang='lat' dir='ltr'>suum</span> <span class='ocrx_word' id='word_1_335' title='bbox 845 2557 890 2593; x_wconf 89' lang='lat' dir='ltr'>nisi</span> <span class='ocrx_word' id='word_1_336' title='bbox 907 2567 947 2604; x_wconf 82' lang='lat' dir='ltr'>per</span> 
     </span>
     <span class='ocr_line' id='line_1_41' title="bbox 97 2601 947 2646; baseline 0.004 -9"><span class='ocrx_word' id='word_1_337' title='bbox 97 2603 266 2638; x_wconf 85' lang='lat' dir='ltr'>sacramentum</span> <span class='ocrx_word' id='word_1_338' title='bbox 285 2601 460 2646; x_wconf 81' lang='lat' dir='ltr'>regenerationis</span> <span class='ocrx_word' id='word_1_339' title='bbox 485 2612 598 2638; x_wconf 84' lang='lat' dir='ltr'>assumere</span> <span class='ocrx_word' id='word_1_340' title='bbox 617 2604 637 2639; x_wconf 90' lang='lat' dir='ltr'>et</span> <span class='ocrx_word' id='word_1_341' title='bbox 654 2604 683 2639; x_wconf 88' lang='lat' dir='ltr'>ad</span> <span class='ocrx_word' id='word_1_342' title='bbox 700 2603 741 2639; x_wconf 88' lang='lat' dir='ltr'>hoc</span> <span class='ocrx_word' id='word_1_343' title='bbox 759 2602 839 2639; x_wconf 85' lang='lat' dir='ltr'>salutis</span> <span class='ocrx_word' id='word_1_344' title='bbox 864 2604 947 2640; x_wconf 84' lang='lat' dir='ltr'>donum</span> 
     </span>
     <span class='ocr_line' id='line_1_42' title="bbox 99 2647 947 2696; baseline 0.004 -13"><span class='ocrx_word' id='word_1_345' title='bbox 99 2657 175 2683; x_wconf 69' lang='lat' dir='ltr'>omnies</span> <span class='ocrx_word' id='word_1_346' title='bbox 192 2648 292 2696; x_wconf 76' lang='lat' dir='ltr'>homines</span> <span class='ocrx_word' id='word_1_347' title='bbox 308 2647 505 2684; x_wconf 80' lang='lat' dir='ltr'>uniuersaliter..,</span> <span class='ocrx_word' id='word_1_348' title='bbox 524 2649 605 2693; x_wconf 83' lang='lat' dir='ltr'>uocari,</span> <span class='ocrx_word' id='word_1_349' title='bbox 623 2649 648 2684; x_wconf 89' lang='lat' dir='ltr'>ut</span> <span class='ocrx_word' id='word_1_350' title='bbox 665 2650 685 2685; x_wconf 89' lang='lat' dir='ltr'>et</span> <span class='ocrx_word' id='word_1_351' title='bbox 702 2650 740 2694; x_wconf 89' lang='lat' dir='ltr'>qui</span> <span class='ocrx_word' id='word_1_352' title='bbox 755 2649 873 2692; x_wconf 80' lang='lat' dir='ltr'>voluerint,</span> <span class='ocrx_word' id='word_1_353' title='bbox 892 2649 947 2686; x_wconf 81' lang='lat' dir='ltr'>fiant</span> 
     </span>
     <span class='ocr_line' id='line_1_43' title="bbox 98 2693 947 2741; baseline 0.002 -13"><span class='ocrx_word' id='word_1_354' title='bbox 98 2693 140 2729; x_wconf 85' lang='lat' dir='ltr'>tilii</span> <span class='ocrx_word' id='word_1_355' title='bbox 151 2694 198 2736; x_wconf 87' lang='lat' dir='ltr'>Dei,</span> <span class='ocrx_word' id='word_1_356' title='bbox 213 2695 233 2730; x_wconf 89' lang='lat' dir='ltr'>et</span> <span class='ocrx_word' id='word_1_357' title='bbox 244 2694 405 2730; x_wconf 85' lang='lat' dir='ltr'>inexcusabiles</span> <span class='ocrx_word' id='word_1_358' title='bbox 418 2693 469 2737; x_wconf 86' lang='lat' dir='ltr'>sint,</span> <span class='ocrx_word' id='word_1_359' title='bbox 485 2695 523 2738; x_wconf 83' lang='lat' dir='ltr'>qui</span> <span class='ocrx_word' id='word_1_360' title='bbox 535 2694 611 2730; x_wconf 84' lang='lat' dir='ltr'>fideles</span> <span class='ocrx_word' id='word_1_361' title='bbox 624 2704 671 2731; x_wconf 85' lang='lat' dir='ltr'>esse</span> <span class='ocrx_word' id='word_1_362' title='bbox 684 2695 805 2739; x_wconf 55' lang='lat' dir='ltr'>noluerint</span> <span class='ocrx_word' id='word_1_363' title='bbox 819 2697 872 2741; x_wconf 91' lang='lat' dir='ltr'>quia</span> <span class='ocrx_word' id='word_1_364' title='bbox 885 2696 947 2731; x_wconf 89' lang='lat' dir='ltr'>iusti-</span> 
     </span>
     <span class='ocr_line' id='line_1_44' title="bbox 99 2739 946 2786; baseline 0.002 -11"><span class='ocrx_word' id='word_1_365' title='bbox 99 2740 132 2775; x_wconf 85' lang='lat' dir='ltr'>tia</span> <span class='ocrx_word' id='word_1_366' title='bbox 148 2741 189 2775; x_wconf 90' lang='lat' dir='ltr'>Dei</span> <span class='ocrx_word' id='word_1_367' title='bbox 202 2740 227 2775; x_wconf 92' lang='lat' dir='ltr'>in</span> <span class='ocrx_word' id='word_1_368' title='bbox 243 2750 268 2775; x_wconf 91' lang='lat' dir='ltr'>eo</span> <span class='ocrx_word' id='word_1_369' title='bbox 285 2740 319 2782; x_wconf 88' lang='lat' dir='ltr'>sit,</span> <span class='ocrx_word' id='word_1_370' title='bbox 337 2740 362 2775; x_wconf 87' lang='lat' dir='ltr'>ut</span> <span class='ocrx_word' id='word_1_371' title='bbox 380 2739 417 2783; x_wconf 87' lang='lat' dir='ltr'>qui</span> <span class='ocrx_word' id='word_1_372' title='bbox 434 2748 480 2774; x_wconf 91' lang='lat' dir='ltr'>non</span> <span class='ocrx_word' id='word_1_373' title='bbox 496 2741 637 2784; x_wconf 83' lang='lat' dir='ltr'>crediderint,</span> <span class='ocrx_word' id='word_1_374' title='bbox 656 2740 754 2786; x_wconf 81' lang='lat' dir='ltr'>pereant,</span> <span class='ocrx_word' id='word_1_375' title='bbox 773 2742 862 2778; x_wconf 88' lang='lat' dir='ltr'>bonitas</span> <span class='ocrx_word' id='word_1_376' title='bbox 880 2742 906 2777; x_wconf 90' lang='lat' dir='ltr'>in</span> <span class='ocrx_word' id='word_1_377' title='bbox 923 2752 946 2778; x_wconf 88' lang='lat' dir='ltr'>eo</span> 
     </span>
     <span class='ocr_line' id='line_1_45' title="bbox 97 2784 946 2832; baseline 0.005 -13"><span class='ocrx_word' id='word_1_378' title='bbox 97 2786 214 2830; x_wconf 84' lang='lat' dir='ltr'>appareat,</span> <span class='ocrx_word' id='word_1_379' title='bbox 233 2786 252 2820; x_wconf 90' lang='lat' dir='ltr'>si</span> <span class='ocrx_word' id='word_1_380' title='bbox 269 2785 379 2821; x_wconf 84' lang='lat' dir='ltr'>neminem</span> <span class='ocrx_word' id='word_1_381' title='bbox 395 2784 489 2829; x_wconf 82' lang='lat' dir='ltr'>repellat</span> <span class='ocrx_word' id='word_1_382' title='bbox 506 2795 520 2821; x_wconf 90' lang='lat' dir='ltr'>a</span> <span class='ocrx_word' id='word_1_383' title='bbox 535 2786 589 2828; x_wconf 88' lang='lat' dir='ltr'>vita,</span> <span class='ocrx_word' id='word_1_384' title='bbox 607 2787 646 2822; x_wconf 87' lang='lat' dir='ltr'>sed</span> <span class='ocrx_word' id='word_1_385' title='bbox 662 2787 815 2832; x_wconf 72' lang='lat' dir='ltr'>indifferenter</span> <span class='ocrx_word' id='word_1_386' title='bbox 831 2788 946 2823; x_wconf 74' lang='lat' dir='ltr'>universos</span> 
     </span>
     <span class='ocr_line' id='line_1_46' title="bbox 98 2830 948 2878; baseline 0.004 -13"><span class='ocrx_word' id='word_1_387' title='bbox 98 2832 152 2867; x_wconf 73' lang='lat' dir='ltr'>velit</span> <span class='ocrx_word' id='word_1_388' title='bbox 169 2832 242 2867; x_wconf 87' lang='lat' dir='ltr'>salvos</span> <span class='ocrx_word' id='word_1_389' title='bbox 258 2831 306 2867; x_wconf 77' lang='lat' dir='ltr'>fieri</span> <span class='ocrx_word' id='word_1_390' title='bbox 323 2831 343 2867; x_wconf 84' lang='lat' dir='ltr'>et</span> <span class='ocrx_word' id='word_1_391' title='bbox 359 2832 383 2866; x_wconf 92' lang='lat' dir='ltr'>in</span> <span class='ocrx_word' id='word_1_392' title='bbox 400 2830 538 2874; x_wconf 83' lang='lat' dir='ltr'>agnitionem</span> <span class='ocrx_word' id='word_1_393' title='bbox 553 2831 655 2868; x_wconf 78' lang='lat' dir='ltr'>veritatis</span> <span class='ocrx_word' id='word_1_394' title='bbox 671 2834 766 2868; x_wconf 78' lang='lat' dir='ltr'>venire»</span> <span class='ocrx_word' id='word_1_395' title='bbox 787 2833 823 2878; x_wconf 86' lang='lat' dir='ltr'>(ib.</span> <span class='ocrx_word' id='word_1_396' title='bbox 841 2843 862 2869; x_wconf 84' lang='lat' dir='ltr'>n</span> <span class='ocrx_word' id='word_1_397' title='bbox 882 2833 909 2877; x_wconf 77' lang='lat'>4).</span> <span class='ocrx_word' id='word_1_398' title='bbox 925 2852 948 2857; x_wconf 87' lang='lat'>-</span> 
     </span>
     <span class='ocr_line' id='line_1_47' title="bbox 99 2876 944 2924; baseline 0.001 -12"><span class='ocrx_word' id='word_1_399' title='bbox 99 2878 225 2913; x_wconf 84' lang='lat' dir='ltr'>Hilarius</span> <span class='ocrx_word' id='word_1_400' title='bbox 239 2886 315 2913; x_wconf 85' lang='lat' dir='ltr'>eorum</span> <span class='ocrx_word' id='word_1_401' title='bbox 328 2876 452 2912; x_wconf 85' lang='lat' dir='ltr'>doctrinam</span> <span class='ocrx_word' id='word_1_402' title='bbox 467 2877 487 2912; x_wconf 82' lang='lat' dir='ltr'>S.</span> <span class='ocrx_word' id='word_1_403' title='bbox 503 2878 628 2921; x_wconf 82' lang='lat' dir='ltr'>Augustino</span> <span class='ocrx_word' id='word_1_404' title='bbox 643 2878 674 2914; x_wconf 90' lang='lat' dir='ltr'>sic</span> <span class='ocrx_word' id='word_1_405' title='bbox 689 2880 778 2924; x_wconf 74' lang='lat' dir='ltr'>exponit</span> <span class='ocrx_word' id='word_1_406' title='bbox 794 2880 871 2924; x_wconf 77' lang='lat' dir='ltr'>(Epist.</span> <span class='ocrx_word' id='word_1_407' title='bbox 887 2877 944 2923; x_wconf 65' lang='lat' dir='ltr'>east:</span> 
     </span>
     <span class='ocr_line' id='line_1_48' title="bbox 101 2922 947 2969; baseline 0.002 -12"><span class='ocrx_word' id='word_1_408' title='bbox 101 2922 209 2959; x_wconf 75' lang='lat' dir='ltr'>credendi</span> <span class='ocrx_word' id='word_1_409' title='bbox 226 2924 328 2959; x_wconf 72' lang='lat' dir='ltr'>colunias</span> <span class='ocrx_word' id='word_1_410' title='bbox 342 2924 387 2958; x_wconf 78' lang='lat' dir='ltr'>no&#39;n</span> <span class='ocrx_word' id='word_1_411' title='bbox 403 2922 500 2957; x_wconf 86' lang='lat' dir='ltr'>donatur</span> <span class='ocrx_word' id='word_1_412' title='bbox 516 2933 530 2958; x_wconf 84' lang='lat' dir='ltr'>a</span> <span class='ocrx_word' id='word_1_413' title='bbox 545 2925 590 2960; x_wconf 91' lang='lat' dir='ltr'>Deo</span> <span class='ocrx_word' id='word_1_414' title='bbox 610 2924 638 2968; x_wconf 88' lang='lat' dir='ltr'>(n.</span> <span class='ocrx_word' id='word_1_415' title='bbox 657 2924 683 2969; x_wconf 83' lang='grc'>2).</span> <span class='ocrx_word' id='word_1_416' title='bbox 704 2925 786 2967; x_wconf 86' lang='lat' dir='ltr'>«Quod</span> <span class='ocrx_word' id='word_1_417' title='bbox 803 2926 878 2961; x_wconf 88' lang='lat' dir='ltr'>autem</span> <span class='ocrx_word' id='word_1_418' title='bbox 895 2924 947 2960; x_wconf 90' lang='lat' dir='ltr'>dicit</span> 
     </span>
     <span class='ocr_line' id='line_1_49' title="bbox 99 2968 948 3016; baseline 0 -12"><span class='ocrx_word' id='word_1_419' title='bbox 99 2968 214 3004; x_wconf 76' lang='lat' dir='ltr'>Sanctitas</span> <span class='ocrx_word' id='word_1_420' title='bbox 228 2970 274 3012; x_wconf 82' lang='lat' dir='ltr'>tua,</span> <span class='ocrx_word' id='word_1_421' title='bbox 290 2970 400 3004; x_wconf 86' lang='lat' dir='ltr'>neminem</span> <span class='ocrx_word' id='word_1_422' title='bbox 414 2976 556 3013; x_wconf 86' lang='lat' dir='ltr'>perseverare</span> <span class='ocrx_word' id='word_1_423' title='bbox 572 2970 616 3005; x_wconf 89' lang='lat' dir='ltr'>nisi</span> <span class='ocrx_word' id='word_1_424' title='bbox 632 2971 789 3015; x_wconf 79' lang='lat' dir='ltr'>perseverandi</span> <span class='ocrx_word' id='word_1_425' title='bbox 804 2971 886 3007; x_wconf 80' lang='lat' dir='ltr'>virtute</span> <span class='ocrx_word' id='word_1_426' title='bbox 901 2979 948 3016; x_wconf 80' lang='lat' dir='ltr'>per-</span> 
     </span>
    </p>
   </div>
   <div class='ocr_carea' id='block_1_7' title="bbox 0 0 1112 3350">
    <p class='ocr_par' dir='ltr' id='par_1_7' title="bbox 0 0 1112 3350">
     <span class='ocr_line' id='line_1_50' title="bbox 0 0 1112 3350; baseline 0 0"><span class='ocrx_word' id='word_1_427' title='bbox 0 0 1112 3350; x_wconf 95' lang='lat' dir='ltr'> </span> 
     </span>
    </p>
   </div>
  </div>
 </body>
</html>
