2214 3350
184 191 186 193 ’
214 186 291 224 Thesis
306 187 335 225 21.
354 188 432 225 Gratia
448 186 560 237 efficaxsset
576 187 659 222 donum
675 185 854 232 perseverantiae
922 184 958 221 43?

113 295 189 336 trium
201 296 308 336 nostrum
322 295 425 337 intendit
438 307 465 336 ac
479 294 538 336 vult.
554 294 623 342 Quod
638 294 717 335 antem
732 295 789 335 haec
804 294 875 335 etiam
891 294 957 335 abso·-

113 359 163 399 luta
181 358 224 399 Dei
241 359 352 400 voluntas
373 370 467 410 semper
490 357 628 408 impleatur,
647 369 677 398 ex
694 367 722 398 eo
741 358 775 398 est
793 357 955 405 manifestum,

113 421 171 474 quia
187 421 272 462 nititur
294 422 431 462 certitudini
452 421 623 473 praescientiae
648 421 750 469 divinae,
775 421 840 470 quod
863 420 896 462 ita
920 431 958 462 res

114 485 197 526 futura
211 485 240 525 sit
255 496 298 535 per
311 485 420 527 nostrum
435 485 590 526 arbitrium.»
606 510 638 515 -
653 495 676 534 q.
693 486 720 525 23
736 495 757 524 a.
774 486 787 525 4
802 484 850 524 et5
866 484 928 534 disp.
943 486 957 523 3

113 550 122 594 ξ
138 565 149 585 a
157 549 194 589 Ad
209 551 336 591 secundam
350 550 460 601 partem»
480 549 511 600 (p.
528 549 592 600 tem:
613 547 699 596 «Quod
713 548 779 587 Deus
792 547 887 597 deperit
903 557 958 586 euru

112 623 193 651 rerurn
205 612 319 662 ordinem,
332 612 567 654 circumstantiarum
578 611 601 652 et
612 609 765 658 auxiliorum,
779 610 829 650 sive
839 610 958 650 maiorum

113 677 162 717 sire
174 676 302 727 minorum,
317 678 342 717 in
355 689 403 729 quo
415 674 570 728 praevidebat
581 685 621 715 eos
633 684 676 723 pro
690 685 733 714 sua
745 672 855 713 libertate
865 673 958 713 salvan-

113 740 162 788 dos,
176 741 218 791 qui
230 739 341 781 electione
353 741 405 781 eius
416 739 509 781 ordinis
520 750 547 779 eo
559 738 612 789 ipso
622 737 794 788 praedestinati
807 737 863 778 sunt
873 735 966 778 vitam*

112 814 158 853 que
182 803 301 843 aeternam
319 815 362 853 pro
378 814 421 843 sua
437 801 545 843 libertate
570 800 755 851 consequuntur,
780 799 860 851 polius
884 811 958 850 quam

113 866 188 906 aliurn
202 877 231 906 ex
245 865 355 914 infinitis,
372 866 397 906 in
412 878 464 916 quo
473 876 511 906 res
525 864 594 905 aliter
608 875 652 915 pro
665 864 749 913 eadem
764 863 872 915 ipsorum
888 863 957 903 liber-

113 925 165 969 tate
174 928 301 977 habuisset,
318 940 367 968 non
382 930 429 979 fuit
443 940 471 968 en
485 928 555 968 nobis
570 928 612 968 aut
625 938 670 978 pro
681 928 824 967 meritorum
838 927 862 967 et
876 936 956 978 coope-

113 993 210 1033 rationis
227 994 320 1034 nostrae
338 992 459 1043 qualitate,
477 993 564 1032 sed-ec
581 992 630 1031 sola
646 991 810 1031 misericordia
827 990 898 1031 Dei.»
919 990 954 1031 Cf.

112 1056 165 1096 Ber.
183 1055 365 1097 associamus
382 1054 475 1095 Melina
488 1054 511 1094 et
526 1053 612 1106 Lessio.
635 1075 667 1087 -e
688 1052 764 1094 Valde
785 1053 872 1104 urgent
894 1054 956 1094 hano

112 1118 200 1159 thesim
213 1118 380 1166 Beliminates,
397 1117 485 1157 Suarer
501 1117 524 1157 et
537 1126 620 1157 omues
635 1116 793 1167 Congruistae
811 1117 849 1169 (ci.
866 1115 957 1157 scholia

68 1225 70 1231 ,
112 1193 136 1222 n.
152 1184 193 1222 645
201 1192 224 1221 ss
239 1183 280 1222 657
287 1181 315 1232 s),
332 1207 364 1211 -
379 1181 408 1220 ln
424 1178 655 1231 congregationibus
672 1180 700 1221 de
717 1178 816 1221 Auxiliis
834 1179 957 1220 Iesuitae

111 1247 125 1284 5
139 1243 312 1295 propositiones
330 1242 469 1291 statuerunt,
489 1243 624 1294 dequibus
641 1243 703 1283 inter
720 1242 847 1293 utramque
864 1241 957 1293 partem

112 1306 235 1348 constaret.
253 1307 361 1356 Quarum
376 1307 456 1356 prima
473 1306 534 1346 erat:
558 1305 651 1345 oDatur
668 1305 787 1346 cnsilium
801 1305 957 1356 praeveniens

111 1371 201 1421 pratiae
216 1364 328 1422 efficacis,
345 1381 388 1420 per
402 1371 467 1421 quod
481 1370 546 1411 Deus
560 1369 624 1417 iacit,
642 1369 669 1410 ut
682 1369 753 1409 homo
770 1368 921 1409 convertatur
935 1367 959 1409 et

111 1434 150 1484 pie
162 1434 299 1483 operatum
312 1433 428 1473 secunda:
445 1433 511 1473 «Hoc
524 1431 642 1473 auxilium
653 1432 809 1483 praeveniens
821 1432 855 1473 est
867 1432 958 1472 donum

111 1496 230 1546 peculiare
247 1497 292 1536 Dei
311 1496 451 1537 distinctum
469 1508 484 1536 a
502 1495 626 1536 sufficienti
634 1513 644 1532 ι)
665 1495 707 1536 eto.
728 1521 760 1526 -—
776 1495 957 1535 Dominicani
998 1514 1001 1520 ·

77 1564 79 1567 ’
112 1559 232 1599 addebant
242 1558 302 1599 alias
314 1558 362 1599 tres
375 1557 559 1609 propositiones:
579 1561 617 1598 «l.
634 1558 758 1599 Auxilium
773 1557 863 1607 gratiae
877 1557 958 1599 efficax

111 1620 146 1660 est
156 1621 228 1660 niolio
240 1621 310 1661 realis
322 1629 344 1660 et
355 1621 495 1660 antecedens
507 1620 692 1671 applicatione-m
701 1620 833 1661 voluntatis
839 1622 869 1662 ad
877 1621 956 1661 aetum

51 1720 53 1723 .
113 1683 303 1724 determinatum.
321 1709 352 1714 -
368 1687 388 1724 2.
408 1682 489 1724 Gratia
499 1682 586 1737 „efficax
603 1684 639 1724 est
655 1684 765 1734 effectrix
783 1685 857 1724 bonae
874 1674 957 1724 colun-

112 1747 166 1785 tatis
189 1757 215 1786 ac
238 1746 337 1796 proinde
361 1746 390 1786 ab
414 1746 497 1786 eadem
519 1746 639 1787 voluntate
664 1746 759 1787 realiter
782 1746 901 1787 distincta.
925 1771 957 1777 —-

112 1811 133 1848 3.
151 1808 229 1849 Posito
245 1820 272 1849 eo
290 1809 381 1849 auxilio
395 1808 525 1849 efficaci...
544 1810 616 1850 homo
632 1810 794 1860 infallibiliter
812 1809 957 1851 convertitur

113 1872 154 1912 aut
167 1872 230 1913 elicit
244 1872 331 1921 actum,
348 1873 378 1913 ad
393 1884 466 1923 quem
479 1872 595 1912 movetur.
605 1889 615 1908 a
631 1896 663 1901 -
677 1864 807 1913 lesuitae¹
817 1873 956 1923 propositio-

112 1947 168 1976 nem
183 1938 194 1976 i
208 1936 231 1976 et
245 1939 258 1976 3
273 1932 387 1983 absolute,
404 1939 417 1976 2
432 1946 488 1975 oum
503 1936 608 1986 quadarn
624 1935 782 1976 declaratione
799 1935 954 1977 admiserunt.

67 2037 72 2044 ,,
114 1998 261 2039 Generalis
276 1998 302 2039 Ο.
320 1999 346 2038 P.
365 1998 436 2038 dixit:
458 2015 469 2034 «
478 1999 503 2038 Si
519 1998 610 2039 Melina
626 1998 684 2039 haec
699 1999 782 2039 omnia
797 1999 955 2048 concessisset,

75 2071 76 2074 ’
113 2063 174 2102 nihil
191 2063 263 2112 plane
279 2063 419 2103 habuissent
433 2061 513 2113 patres
529 2061 612 2110 nostri,
631 2061 695 2113 quod
713 2062 739 2102 in
756 2074 784 2103 eo
801 2062 957 2114 reprehende-

112 2125 189 2165 rent.»
203 2125 326 2166 Iesuitae
339 2125 513 2175 responderunt
525 2124 639 2166 facillime
652 2125 744 2166 ostendi
757 2136 840 2166 omnes
849 2126 894 2166 has
904 2137 957 2176 pro-

111 2188 239 2238 positiones
257 2189 350 2229 disertis
368 2189 446 2229 uerbis
464 2201 478 2229 a
495 2189 587 2229 Molina
606 2188 702 2229 concedi
722 2188 762 2240 (cf.
781 2189 955 2238 Seleucensem,

78 2260 79 2263 ’
113 2251 260 2292 Controuers.
277 2252 306 2292 de
321 2252 368 2292 div.
378 2250 437 2302 grat.
446 2263 469 2302 p.
478 2254 545 2300 260s3
561 2253 580 2292 P
596 2252 655 2293 edi
669 2264 692 2292 n.
701 2253 761 2304 576).
777 2278 810 2284 -
824 2250 912 2294 Paulus
927 2252 955 2299 V,

112 2324 167 2353 oum
181 2314 257 2355 finitis
271 2314 499 2366 congregationibus
511 2316 541 2355 ad
555 2315 721 2356 definitionem
735 2315 906 2356 controversiae
919 2327 957 2355 ur-

111 2376 213 2425 geretur,
226 2377 360 2428 respondit:
380 2394 390 2414 «
398 2378 457 2418 Rem
472 2377 571 2418 dilatam
583 2389 648 2418 esse.
659 2409 663 2417 .
673 2410 693 2426 .,
709 2379 773 2428 quod
787 2384 887 2429 utraque
901 2391 956 2430 pars

112 2445 226 2488 conpruat
246 2452 300 2480 curn
320 2440 426 2481 ueritatis
445 2441 574 2481 catholicae
594 2441 711 2491 capitibus
732 2441 861 2492 doceatque
880 2442 957 2490 Deum

111 2503 201 2551 pratiae
219 2515 275 2544 suae
294 2504 402 2555 efficacia
421 2516 464 2544 nos
483 2505 513 2545 ad
533 2505 652 2556 agendum
670 2504 771 2546 excitare
789 2505 814 2546 et
832 2505 908 2547 iacere
928 2506 958 2547 de

97 2562 249 2607 nolentibus
263 2567 369 2609 volentes
387 2568 410 2608 et
428 2567 522 2609 flectere
542 2569 565 2610 et
583 2568 710 2609 immutare
729 2569 856 2609 bominum
874 2569 957 2611 volun-

113 2629 179 2679 tates,
191 2631 223 2671 ·de
240 2644 288 2683 qua
304 2644 329 2673 re
344 2634 370 2673 in
385 2632 429 2673 hac
446 2643 517 2673 causa
533 2633 619 2685 agitur3
637 2634 771 2684 discrepent
787 2633 867 2675 autem
884 2634 957 2686 expli-

113 2695 183 2735 candi
200 2697 289 2737 inodo»
311 2698 338 2748 [P
355 2697 414 2747 583).
431 2723 463 2727 —
479 2698 545 2738 Hane
563 2698 637 2749 igitur
653 2697 740 2738 thesim
758 2698 842 2739 etiarn
861 2700 958 2740 deien-

114 2768 191 2799 sores
207 2762 272 2811 puri
290 2761 451 2802 Molinisrni
472 2760 579 2804 statuunt
597 2763 621 2804 et
638 2773 779 2813 persuasum
797 2762 886 2806 habent
904 2774 957 2804 eam

113 2822 139 2861 in
154 2834 195 2865 suo
210 2825 335 2876 systemate
350 2825 440 2876 integre
455 2827 545 2867 serrari
561 2827 592 2878 (v.
609 2838 633 2867 n.
649 2829 689 2867 640
697 2839 721 2868 ss
735 2830 776 2869 654
783 2828 824 2878 ss).
839 2855 871 2860 -
886 2829 958 2870 Gene-

113 2888 184 2928 ratim
208 2890 237 2930 ab
261 2891 395 2931 omnibus
418 2890 562 2941 theologis
586 2892 755 2933 ultimorum
779 2892 958 2934 saeculorum
1020 2910 1028 2930 x

113 2953 260 2994 unanimiter
274 2955 392 3003 statuitur,
411 2955 430 2995 si
445 2955 550 3006 excipias
565 2968 660 3008 paucos
678 2958 728 3009 qui,
747 2957 849 3009 systema
864 2957 958 2999 molini-
