2214 3350
207 168 210 172 Ι
242 184 375 231 Conspectus
392 182 562 229 chronologicus
581 179 758 226 disputationum
893 175 932 212 117

85 326 87 329 .
109 293 143 334 10
157 292 287 344 Lusitania)
303 292 424 343 professor
437 289 569 340 theologiae
588 287 611 340 (t
628 288 690 338 1600)
708 284 930 327 commentandum

85 371 87 374 ’
117 355 317 407 praelectionibus
328 352 466 404 theologicis
476 351 570 403 partem
582 353 593 391 1
608 350 631 391 S.
645 350 679 391 th.
695 350 718 391 S.
733 349 845 397 Thomae,
858 348 930 388 liber-

117 418 191 460 tatem
207 418 339 458 humanam
358 428 413 457 cum
430 415 513 458 divina
530 412 694 465 praescientia,
715 410 930 462 praedestinatione

117 481 160 522 eto.
174 480 285 522 conciliat
296 492 339 531 per
351 478 474 520 scientiam
487 476 678 528 contingentium
691 475 851 515 condicionum
865 476 930 525 suin

117 554 206 592 rorum,
221 555 293 595 quam
305 543 386 594 postea
400 542 472 596 (1588)
486 543 512 583 in
525 552 570 581 sua
583 538 713 581 Concordia
726 537 794 579 vocat
806 537 930 578 scientiam

117 607 229 646 medinm.
337 607 338 610 ’

84 683 138 722 1573
158 681 184 721 Β.
205 680 323 721 Robe1tus
338 679 534 720 Bellarminus
561 675 660 717 Loocnii
686 675 813 716 efficaciam
840 672 931 724 gratiae

116 754 160 794 per
175 743 282 784 divinam
298 742 479 793 praescientiam
496 738 686 782 condicionatam
702 737 837 789 explicavit,
856 748 930 788 quam

117 806 250 847 doctrinam
263 806 376 853 Loesius
388 807 418 846 ab
431 817 458 845 eo
472 804 556 845 didicit
571 805 601 856 (v.
616 803 785 844 Sctnccmonn
798 812 821 851 p.
835 802 874 841 171
883 799 902 850 s)
912 801 929 840 1.

84 894 138 932 1582
153 892 175 932 d.
191 894 218 932 20
233 892 282 932 lan.
300 892 357 942 (non
371 902 392 930 a.
408 892 470 938 1581;
485 902 508 930 v.
524 888 621 930 Astraia
634 900 657 939 p.
675 888 724 940 130)
742 886 847 937 erumpit
860 886 892 926 iis
903 886 930 926 in

117 954 268 1004 Hispania:
285 951 443 994 salmanticae
456 952 602 993 Prudentius
613 952 645 992 de
656 950 854 999 Montemayor
868 951 891 991 S.
906 950 927 990 J.

85 1041 87 1047 ¹
117 1017 141 1057 in
157 1017 210 1057 actu
226 1016 321 1067 publico
339 1012 841 1065 (111110111001000001010011101100100110
857 1013 929 1052 iiber-

117 1080 189 1121 tatem
207 1080 242 1120 ita
259 1078 367 1129 explicet,
388 1078 415 1118 ut
433 1078 554 1119 decretum
573 1077 615 1118 Dei
634 1076 742 1118 absolute
760 1076 930 1127 praedetermi-

116 1153 178 1183 nans
194 1142 270 1192 neget.
289 1142 365 1190 Quare
380 1153 394 1181 a
410 1140 536 1181 Dominicc
552 1140 648 1182 Bannez
666 1140 693 1180 O.
711 1140 747 1188 P,
766 1139 930 1180 universitatis

117 1206 250 1256 professore
265 1203 387 1255 primario,
405 1202 510 1244 haeresis
526 1202 656 1243 accusatur.

83 1289 450 1340 15813000011001011011010
467 1300 510 1344 sua
525 1288 671 1328 Scholastica
688 1288 857 1327 commentario
874 1288 900 1327 in
917 1289 928 1327 1

116 1354 140 1395 et
152 1357 173 1402 2,
187 1357 200 1394 2
216 1355 240 1395 S.
257 1354 368 1401 Thorace,
385 1353 411 1392 in
427 1352 515 1403 quibus
530 1351 664 1391 continetur
680 1357 782 1401 systema
796 1350 931 1402 praedeter-

116 1417 255 1456 nn‘nctionis
270 1415 406 1468 prasiaca

144 1539 231 1574 1tCirca
247 1539 287 1574 hoc
303 1538 390 1583 tempus
405 1538 483 1581 multa,
501 1547 557 1582 quae
574 1538 642 1573 istum
658 1538 750 1573 modum
766 1537 931 1573 conciliationis
993 1580 995 1582 ‚

81 1584 254 1629 praeparabant,
266 1584 312 1619 1010
324 1584 398 1628 aliquo
409 1584 474 1619 modo
487 1583 602 1628 divulgata
611 1584 682 1619 tuisse
693 1583 798 1619 videntur
809 1583 834 1618 in
844 1591 929 1627 magna

82 1630 146 1675 parte
158 1630 274 1666 Societatis
286 1630 343 1670 Iesu,
355 1630 482 1674 praecipue,
495 1630 520 1664 ut
531 1629 625 1671 videtur,
640 1637 708 1674 opera
720 1631 815 1665 Franc.
830 1627 930 1671 Toleti,

82 1676 214 1720 professoris
233 1674 319 1719 collegii
339 1675 432 1710 romani.
453 1694 477 1699 -
493 1673 612 1719 Hucusque
639 1675 719 1718 Greg:
745 1675 774 1710 de
801 1675 929 1711 Valentia

23 1750 25 1752 ,
82 1721 137 1756 satis
151 1721 297 1756 communiter
312 1720 435 1756 habebatur
452 1720 582 1756 «ltiolinictc
597 1722 648 1755 ante
663 1721 787 1756 1101111001»
804 1719 928 1756 dicebatur-

83 1776 124 1811 que
138 1765 215 1803 01581
227 1765 359 1811 ingolstadii
372 1766 497 1802 defendisse
510 1766 626 1802 scientiam
639 1767 742 1802 mediam.
756 1767 802 1802 Hoc
816 1767 929 1812 posterius

82 1812 172 1847 omnino
191 1812 249 1847 10100
268 1810 318 1854 dici,
339 1811 365 1847 de
383 1812 454 1848 cetero
475 1812 550 1847 autem
570 1811 729 1856 quaestionem,
750 1812 803 1856 quid
823 1812 928 1847 Valentia

83 1857 134 1893 ante
151 1858 270 1893 editionem
285 1858 420 1893 Concordiae
439 1857 535 1892 Molinae
553 1858 657 1900 docuerit,
674 1866 722 1893 esse
739 1858 794 1893 satis
811 1858 928 1903 complica-

81 1904 129 1939 tam
146 1903 241 1939 ostendit
257 1904 290 1938 W.
309 1903 440 1939 Hentrich
458 1904 483 1939 S..
497 1903 625 1947 1.,,1110001
641 1912 685 1939 oon
702 1904 808 1939 Volcacio
825 1905 872 1939 und
889 1904 929 1939 der

81 1948 222 1984 Molinisrnns
242 1948 374 1991 (Innsbruck
392 1947 455 1994 1928).
473 1949 594 1993 Gregorius
613 1949 764 1985 salmanticae
783 1959 796 1985 a
811 1948 927 1994 magistris

83 1995 129 2030 suis
145 2004 170 2030 ex
186 1995 267 2031 Ordine
282 1995 465 2030 Praedicatorum
480 1995 588 2031 didicerat
601 1996 673 2031 Deum
687 1995 758 2031 libera
774 1996 928 2031 condicionate

81 2040 159 2075 futura
172 2041 263 2075 nonnisi
276 2048 363 2075 summa
378 2050 429 2075 cum
443 2040 599 2086 probabilitate
613 2050 753 2085 cognoscere3
768 2042 826 2077 hanc
841 2042 927 2077 senten-

82 2086 138 2121 tiam
154 2085 254 2131 amplexo
274 2087 425 2121 necessarium
443 2087 614 2122 tundamentum
634 2088 756 2123 Molinismi
776 2086 857 2125 deerat.
886 2087 929 2124 Sed

81 2132 128 2166 iam
141 2132 193 2167 ante
207 2132 290 2167 editam
303 2132 448 2168 Concordiam
461 2133 724 2178 praedeterminationem
737 2133 854 2179 physicam
869 2133 929 2170 simi-

82 2176 157 2221 lesque
171 2177 283 2212 doctrinas
297 2176 403 2213 acerrime
415 2179 562 2223 impugnavit.
579 2179 628 2225 Ipse
642 2179 718 2215 autem
731 2187 788 2214 novo
800 2180 866 2214 modo
879 2188 930 2223 gra-

82 2223 137 2258 tiam
148 2223 257 2259 efficacem
266 2232 317 2259 cum
326 2223 396 2260 libero
407 2225 499 2261 arbitrio
510 2225 629 2261 conciliare
637 2225 732 2261 tentavit
745 2226 771 2271 (v.
784 2235 804 2262 n.
817 2226 925 2271 501001).

81 2268 203 2313 Postquam
216 2269 314 2305 Molinae
329 2269 476 2306 Concordiam
493 2270 601 2315 cognovit,
620 2271 745 2307 doctrinam
762 2270 868 2307 scientiae
884 2280 930 2307 me-

83 2313 132 2350 diae
148 2315 177 2350 ad
192 2314 335 2350 excolendum
350 2325 417 2351 suuni
433 2315 530 2361 systema
545 2317 667 2362 assumpsit
683 2316 748 2361 atque
764 2318 789 2352 in
806 2317 929 2362 Congrega-

81 2359 179 2395 tionibus
193 2361 220 2396 de
235 2361 328 2396 Auxiliis
344 2361 449 2398 strenuus
465 2362 567 2398 defensor
582 2363 679 2399 Molinae
695 2365 766 2399 evasit
783 2364 817 2408 (ci.
835 2373 856 2400 0.
873 2362 926 2408 211).

143 2421 152 2442 2
168 2421 228 2456 Haec
247 2420 348 2456 doctrina
365 2429 411 2454 non
430 2419 462 2454 est
479 2428 572 2465 prorsus
589 2427 653 2455 nova.
673 2419 768 2454 Thomas
787 2420 929 2455 Bradwar-

83 2465 145 2501 dinc
162 2466 189 2511 1(†
209 2465 271 2511 1349),
290 2466 320 2501 Dc
339 2474 408 2500 00010
426 2465 466 2501 Dei
486 2467 563 2500 0011110
581 2464 704 2508 Pelopiam,
725 2474 775 2500 cam
794 2465 849 2500 satis
869 2465 930 2501 clare

81 2509 154 2553 habet,
168 2512 284 2547 sedetiam
295 2511 451 2547 necessitatem
462 2511 628 2547 antecedentem
640 2511 743 2547 admittit.
758 2512 789 2547 Ex
803 2512 850 2547 eius
865 2511 928 2547 disci-

81 2556 140 2600 pulis
156 2557 240 2593 saeculi
256 2557 302 2593 XIV
318 2557 339 2591 et
353 2557 389 2592 XV
403 2556 501 2600 quidam,
525 2555 788 2602 praedeterminationem
810 2555 928 2601 physicam

82 2602 231 2645 admittentes,
251 2603 326 2638 tamen
342 2602 469 2638 libertatem
494 2612 507 2638 a
531 2602 663 2638 necessitate
688 2601 776 2638 salvare
800 2602 925 2638 voluerunt.

82 2646 215 2692 Portalie,
232 2648 404 2692 1100001010ηο
423 2648 490 2684 DdTh
507 2650 524 2689 l,
541 2647 589 2685 2538
607 2649 642 2694 (ci.
660 2646 716 2693 2493)
735 2647 799 2684 affert
816 2648 928 2694 Stepha-

82 2700 144 2728 num
162 2695 191 2730 de
210 2694 290 2731 Calvo
310 2693 397 2730 Monte
416 2695 437 2730 01
453 2693 616 2730 Guilelmum
635 2693 665 2729 de
684 2694 767 2730 Fonte
786 2694 898 2738 Frigido
917 2703 929 2729 e

81 2737 124 2773 fine
143 2749 198 2775 saec.
218 2740 271 2781 XIV,
292 2748 385 2783 quorum
402 2739 510 2783 doctrina,
530 2740 666 2775 0000110000
685 2739 807 2783 simillima,
828 2742 856 2777 ab
876 2740 931 2775 aliis
984 2770 986 2774 ,

81 2782 148 2820 huius
165 2786 270 2831 temporis
292 2785 400 2829 theologis
424 2785 512 2821 strenue
535 2786 669 2831 impugnata
691 2786 730 2822 est.
756 2786 828 2822 Banez
845 2786 929 2831 aliique

82 2831 184 2867 auctores
196 2831 280 2867 saeculi
291 2832 338 2867 XVI
348 2832 403 2867 istos
416 2831 501 2867 veteres
512 2841 558 2867 non
570 2831 674 2867 videntur
684 2831 819 2875 cognovisse.
833 2852 857 2858 —
870 2831 928 2869 Cete-

81 2882 132 2909 rum
145 2877 354 2921 praedeterminatio
368 2876 462 2922 physica
474 2878 562 2913 radices
576 2877 685 2922 quasdam
700 2879 724 2913 in
739 2878 840 2914 doctrina
855 2878 928 2915 Sooti

81 2918 163 3000 hagietre
182 2924 204 2958 et
222 2932 236 2958 a
253 2923 363 2959 veteribus
383 2922 510 2959 Scotistis
530 2924 576 2958 iarn
592 2922 756 2968 quadamtenus
776 2924 863 2960 exculta
880 2932 930 2959 esse

81 2972 103 2999 vr
119 2975 174 3003 eur.
