2214 3350
112 139 113 142 Ἰ
169 150 205 186 att·
307 150 361 185 Sect.
382 150 420 185 ΙΙΙ,
440 150 485 185 Art.
505 149 521 184 I.
541 151 572 185 De
588 158 695 204 processu
712 147 877 185 iustificationis
908 183 910 186 ,

237 259 257 297 3.
272 257 355 298 Fidem
369 257 540 304 iustificantern
553 268 582 297 ex
595 256 711 297 sententia
725 257 823 297 Patrum
837 254 887 297 esse
901 256 1013 307 dogma-

167 320 253 361 ticam
269 320 365 362 abunde
382 321 497 371 probatur
513 320 539 359 in
556 325 656 360 tractatu
674 320 709 365 de,
720 319 784 359 Fide.

236 414 257 450 4.
271 412 440 453 absolutam
453 410 560 452 obtentae
575 410 679 451 iustitiae
693 409 898 450 certitudinem
912 409 1013 452 reiciunt

147 517 148 520 ,
167 474 230 515 inter
246 474 305 515 alios
322 475 522 525 Hieronymus,
539 473 568 512 le
583 474 651 513 Ecclc
667 476 688 522 9,
708 477 719 514 1
739 474 767 525 (R
783 473 856 524 1374).
873 500 905 505 -
919 474 1022 523 Augu:

168 537 268 586 atinus,
288 539 323 578 De
341 538 403 588 pers.
423 538 476 578 inst.
498 538 532 585 15,
552 538 579 577 33
600 537 629 588 (R
649 536 726 587 1800):
758 553 767 572 a
776 536 929 586 Quantalibet
948 536 1012 576 enim

167 600 258 641 iustitia
274 601 304 641 sit
319 599 440 651 praeditus
456 599 534 647 horno,
552 598 654 649 cogitare
671 599 747 647 dehet,
765 610 794 640 ne
810 599 903 650 aliquid
919 600 945 640 in
961 598 1010 645 illo,

167 664 232 714 quod
242 664 291 713 ipse
302 675 349 703 non
359 662 431 710 videt,
444 661 579 702 inveniatur
589 673 639 702 esse
649 662 805 712 culpandum,
817 673 872 702 curn
883 675 925 703 rex
936 662 1013 703 iustus
1023 655 1027 708 ¹,

167 726 255 767 sederit
271 726 297 765 in
315 726 427 765 throno.»
445 751 477 756 —
495 724 649 775 Gregorius
667 725 710 774 M„
729 726 803 776 Epist.
824 726 854 766 ed
873 725 1013 777 Greportcm
1061 762 1063 765 .

166 795 302 829 matronam
320 789 348 840 (R
364 788 437 839 2296),
455 799 515 839 quae
533 788 562 828 ah
580 788 631 838 ipso
648 787 757 829 voluerat
773 788 835 828 certo
853 788 943 830 discere
959 799 1012 839 pec-

166 852 218 892 cata
233 850 278 891 sihi
294 851 393 890 dimissa
403 850 465 891 'esse
481 876 513 881 -
528 850 702 898 Bernardus‚
720 850 796 890 Serm.
814 853 824 890 t
843 851 872 891 de
888 850 1009 903 8001000,

166 926 189 954 n.
208 917 219 954 t
239 914 292 964 (mn
309 916 356 962 aaa,
375 914 433 964 100).

165 1045 220 1086 340.
257 1044 295 1086 lv.
315 1044 449 1096 'theologos
473 1044 580 1085 docuisse
597 1045 620 1085 et
637 1044 721 1085 docere
744 1044 806 1084 hanc
830 1044 918 1095 thesim·
941 1056 1010 1085 nemo

157 1107 199 1148 ‘est
211 1102 252 1158 qni
264 1107 340 1158 neget,
353 1107 409 1148 licet
421 1105 567 1158 antiquiores
579 1106 688 1158 exegetae
702 1106 822 1148 interdurn
836 1108 864 1148 de
880 1124 891 1144 o
899 1107 948 1148 sola
960 1107 1010 1148 fide

163 1168 309 1211 iustificante
317 1183 327 1203 »
342 1170 461 1211 incautius
474 1170 610 1219 loquantur,
625 1181 699 1221 quam
712 1171 765 1220 post
777 1170 857 1211 ortum
869 1170 1010 1211 lutheranae

164 1232 268 1274 haeresis
285 1232 392 1284 permitti
409 1233 490 1283 pessit.
515 1232 573 1273 Inde
596 1245 610 1274 a
633 1234 703 1274 Petro
720 1233 853 1273 Lomherdo
879 1233 1010 1285 synthesim

163 1295 284 1337 doctrinae
299 1295 434 1346 patristicae
449 1294 564 1346 perficere
579 1295 657 1336 conati
673 1295 736 1344 sunt;
752 1307 813 1346 quae
828 1295 946 1347 synthesis
960 1307 1009 1337 ma-

163 1359 228 1398 xime
245 1354 354 1409 promota
371 1358 407 1399 est
424 1369 466 1409 per
484 1357 649 1398 Aleacndrum
666 1358 800 1407 Halaesam,
821 1360 863 1408 qui
883 1360 978 1400 schema
996 1363 1010 1400 4

163 1432 290 1462 causarum
312 1420 510 1461 aristotelicarum
533 1420 558 1460 in
581 1419 715 1461 doctrinam
737 1419 914 1462 iustificationis
937 1421 1009 1462 intro-

163 1483 239 1532 duxit,
256 1484 279 1524 et
294 1495 337 1534 per
352 1483 377 1524 S.
396 1483 520 1524 Thomom.
539 1482 577 1523 Sic
592 1483 632 1524 via
648 1483 777 1533 parabatur
794 1484 894 1525 concilio
912 1484 1009 1525 Triden-

163 1547 220 1595 tino,
237 1546 275 1586 cui
290 1547 374 1597 ingens
389 1556 527 1596 progressus
541 1545 683 1587 evolutionis
698 1545 835 1587 doctrinalis
850 1547 950 1588 debetur
967 1548 1006 1599 (of.

161 1609 263 1657 11101000,
280 1610 355 1650 DdTh
371 1611 391 1657 8,
407 1609 510 1660 200000).
525 1634 557 1639 -
571 1609 604 1649 De
620 1608 760 1650 scholastica
775 1609 943 1659 disputatione,
960 1622 1008 1661 qua

161 1672 303 1713 certitudine
320 1671 417 1722 propria
433 1670 571 1712 iustificatio
587 1672 677 1722 absque
694 1672 835 1712 revelatione
853 1673 908 1713 sciri
925 1673 1005 1724 possit,

79 1780 83 1785 ,
161 1748 184 1775 v.
200 1746 272 1785 supra
286 1746 310 1774 n.
326 1736 365 1775 331
381 1734 404 1775 et
417 1734 506 1785 Hesper
520 1745 544 1784 p.
560 1736 680 1775 297-303.
696 1761 728 1765 —
743 1734 766 1775 S.
783 1734 887 1777 Thomas
901 1736 1007 1785 plurima

161 1799 191 1839 de
207 1799 251 1838 hac
267 1809 291 1838 re
308 1797 387 1838 hahet.

223 1889 244 1925 S.
258 1889 286 1926 th.
301 1889 318 1933 1,
330 1889 343 1925 2
353 1898 371 1933 q.
386 1888 421 1924 109
432 1898 451 1923 a.
463 1888 475 1924 6
487 1889 514 1935 (v.
528 1897 549 1923 n.
562 1887 613 1934 223).
626 1907 649 1913 -
659 1897 679 1932 q.
693 1887 728 1923 111
740 1898 758 1926 a.
771 1889 784 1924 2
795 1889 824 1924 00
834 1890 857 1925 2;
873 1890 951 1925 «Deus
962 1898 1008 1925 non
1084 1878 1087 1882 ‘

160 1941 208 1977 sine
220 1940 284 1975 nobis
297 1949 338 1975 nos
350 1939 462 1982 1001111001,
476 1939 529 1984 quia
542 1949 581 1984 per
593 1940 679 1975 motum
691 1940 755 1975 liberi
769 1940 862 1983 arbitrii,
879 1942 932 1977 dum
944 1941 1018 1977 iusti-¹

159 1992 260 2034 ficemur,
276 1992 316 2027 Dei
330 1991 430 2027 iustitiae
445 1991 622 2026 consentimus.»
637 2010 661 2016 -
679 2000 701 2035 q.
714 1990 749 2026 112
769 2001 788 2027 a.
805 1992 818 2027 2
834 1991 861 2036 (V.
878 2001 899 2028 n.
916 1991 968 2039 223).
984 2012 1008 2019 -

160 2053 180 2079 a.
200 2043 223 2079 3:
243 2044 304 2079 Haec
322 2043 465 2088 praeparatio
483 2042 550 2077 hahet
568 2042 724 2079 necessitatem
741 2043 909 2080 infallibilitatis
928 2045 957 2080 00
975 2045 1004 2087 10,

160 2095 190 2131 00
203 2094 392 2140 quodordinatur
405 2103 418 2129 a
430 2095 480 2131 Deo.
495 2113 518 2119 -
530 2103 550 2129 a.
564 2095 587 2131 l:
602 2093 682 2130 Gratia
694 2094 766 2130 maior
778 2095 799 2132 et
812 2095 886 2131 minor
899 2096 1006 2142 dependet

160 2157 175 2183 a
187 2147 275 2183 diversa
286 2145 465 2192 praeparatione,
480 2145 543 2181 cuius
556 2146 614 2181 ratio
627 2146 708 2182 ultima
722 2148 754 2182 est
768 2147 856 2183 diversa
869 2148 1006 2194 dispensatio

159 2199 246 2244 gratiae
261 2207 286 2233 ex
300 2198 363 2243 parte
377 2197 423 2233 Dei.
438 2217 462 2223 -
475 2207 494 2234 a.
510 2198 532 2234 5:
549 2199 592 2233 Per
606 2198 801 2234 revelationem
816 2209 841 2235 ex
857 2199 948 2244 speciali
962 2200 1006 2245 pri-

158 2250 240 2295 vilegio
253 2250 359 2293 habitam,
374 2250 414 2285 000
426 2259 472 2285 non
484 2258 524 2295 per
537 2259 560 2285 00
574 2250 648 2295 ipsum
661 2250 728 2285 homo
741 2251 812 2295 potest
825 2251 1006 2287 certitudine-

158 2301 223 2337 liter
236 2302 291 2337 scire
304 2311 326 2337 se
340 2301 421 2337 habere
434 2302 538 2346 gratiam,
552 2301 618 2346 idque
631 2302 722 2347 propter
735 2301 888 2338 excellentiam
900 2302 1005 2348 principii

159 2353 181 2388 et
198 2353 275 2388 obiecti
291 2353 385 2398 gratiae,
404 2354 462 2397 quod
478 2353 511 2389 est
527 2352 575 2399 ipse
591 2355 656 2390 Deus.
676 2353 908 2391 coniecturaliter
924 2355 949 2390 10
964 2364 1005 2401 per

159 2404 236 2449 aliqua
251 2405 317 2449 signa
332 2405 434 2448 cognosci
449 2404 526 2450 potest,
543 2404 568 2439 in
583 2405 692 2449 quantum
708 2405 772 2441 homo
788 2406 882 2452 percipit
898 2417 921 2443 se
937 2407 1005 2443 00100-

158 2456 203 2492 tari
221 2456 245 2490 in
262 2457 306 2491 Deo
324 2456 345 2491 et
361 2456 501 2492 contemnere
519 2464 556 2491 res
572 2455 686 2492 humanas
703 2466 772 2501 neque
791 2458 823 2493 est
842 2459 943 2494 conscius
962 2459 1004 2494 sibi

158 2507 243 2554 peccati
260 2508 367 2543 mortalis.
387 2527 410 2533 -
427 2508 456 2543 ad
473 2508 495 2544 2;
517 2508 548 2543 De
566 2508 738 2553 perfectionibus
757 2509 888 2553 intellectus,
909 2511 933 2546 ut
952 2512 1004 2545 sunt
1044 2545 1046 2547 ,

158 2651 226 2688 hahet
244 2652 364 2697 patronum
384 2652 497 2688 doctrinae
517 2653 544 2688 de
564 2653 612 2688 sola
630 2652 672 2689 fide
693 2653 831 2689 iustificante.
853 2673 877 2678 —
896 2653 1004 2689 Riviere

160 2699 237 2744 (DdTh
251 2698 268 2742 8,
284 2699 340 2745 2102)
356 2700 480 2735 doctrinam
496 2700 589 2735 Patrum
605 2701 636 2736 sie
652 2700 815 2746 complectitur:
836 2712 846 2732 t<
855 2701 889 2736 En
904 2710 936 2736 un
950 2702 1002 2742 mot,

158 2748 226 2803 toute!
240 2746 254 2801 l'
262 2747 369 2782 ancienne
392 2747 465 2791 Eglise
488 2747 521 2782 est
544 2748 563 2782 d'
571 2748 656 2802 accord,
674 2756 727 2801 sans
743 2748 857 2803 exception
872 2749 897 2782 ni
913 2748 1004 2793 progres

158 2793 384 2885 iteraturus,
396 2795 493 2886 aaut
503 2794 595 2878 astla
602 2794 1005 2879 00000000000010

157 2890 238 2982 32?qu
250 2889 338 2972 fcoeliaci
355 2889 401 2924 doit
417 2899 440 2925 se
457 2889 587 2925 manifester
603 2899 645 2935 par
661 2889 694 2925 les
712 2899 797 2925 oeuvres
814 2891 876 2925 aussi
894 2891 945 2927 bien
961 2899 1003 2934 que
