2214 3350
87 161 88 164 ’
164 175 200 212 534
371 174 425 211 sect.
444 174 479 209 vi.
498 175 529 210 ue
545 172 700 210 distributione
717 172 804 217 gratiae

163 282 336 323 natianismum
352 282 474 332 protessus
489 282 531 323 est.
548 308 580 314 -
595 282 665 333 Apud
681 280 802 323 Calvinum
818 279 927 321 doctrina
942 285 1010 332 praess
1061 338 1063 340 ι

163 345 328 387 destinationis
339 345 375 386 est
386 344 517 397 principale
528 344 712 407 fundamentum
724 344 797 386 totius
808 342 965 396 systematis².
977 367 1009 374 -

163 409 184 460 e)
202 407 326 450 lanseuius
345 409 408 449 circa
425 408 522 460 angelos
539 409 563 449 et
580 407 757 458 protoparentes
774 406 920 448 voluntatem
939 406 1007 458 salvi-

164 472 235 512 ficam
258 472 427 520 universalem,
447 471 635 512 condicionalem
653 471 676 511 et
692 469 869 512 antecedentem
894 469 1005 517 admittit,

163 536 260 586 exque
276 546 361 576 omnes
382 534 518 576 babuerunt
539 533 685 574 adtritorinm
698 533 749 573 sinc
765 546 811 584 qno
828 545 883 583 non,
902 533 966 584 quod
981 533 1007 573 in

163 597 207 638 isto
223 598 308 640 ordine
325 598 500 648 supralapsario
511 596 569 651 ‘erat
584 607 638 637 vere
655 595 780 647 sufficiens.
797 596 844 637 Sed
861 608 904 647 pro
921 595 1007 637 natura

162 660 230 712 lapsa
243 662 307 702 istud
321 661 439 701 auxilium
451 659 551 700 minime
565 659 656 700 sufficit.
671 660 734 699 Deus
748 671 812 700 nuno
826 670 868 710 pro
880 670 924 700 suo
937 659 1006 699 bene-

162 724 248 775 placito
259 728 361 765 amasse
371 722 483 763 damnata
493 733 582 773 paucos
593 721 665 773 eligit,
677 733 737 773 quos
748 722 865 763 adiutorio
877 734 924 774 qno
936 722 1006 762 infal-

162 787 261 828 libiliter
276 787 300 827 et
315 785 496 827 irresistibiliter
513 784 595 834 salven
609 795 692 826 omnes
707 784 768 826 alios
785 785 809 825 in
826 786 910 827 eadem
927 795 1006 826 massa

123 858 125 861 ·
161 848 276 900 relinquit
289 849 315 888 in
330 849 417 890 iustam
432 848 521 899 peccati
537 847 660 898 originalis
674 858 784 898 poenam.
802 847 896 889 Gratiae
908 860 1003 900 parvae,

160 923 221 963 quas
234 911 344 963 reprobis
357 912 404 959 dat,
421 922 468 952 non
484 922 513 951 eii
528 912 590 951 seria
602 910 723 952 uoluntate
739 910 847 952 salvifica
862 910 1012 962 proveniunt

161 986 237 1025 neque
251 974 360 1015 adactus
375 973 490 1014 salutares
504 973 630 1014 sufficiunt.
647 975 672 1015 si
685 985 725 1014 eos
739 974 868 1024 aliquando
884 975 914 1015 ad
930 975 1004 1015 iidem

159 1037 183 1079 et
197 1037 314 1078 iustitiam
331 1032 501 1087 temporariam
518 1036 642 1078 efficaciter
657 1035 732 1085 uocat,
752 1049 782 1078 ue
799 1037 843 1078 hoc
860 1037 959 1088 quidem
976 1048 1005 1078 ex

159 1100 280 1141 voluntate
296 1099 405 1141 salvifica
418 1110 473 1150 erga
489 1099 554 1150 ipsos
569 1099 681 1150 procedit,
698 1101 740 1141 sed
755 1099 786 1140 iii
798 1099 895 1150 propter
910 1100 1002 1147 electos

159 1163 187 1204 ut
200 1163 250 1204 viso
266 1174 350 1203 eorum
363 1174 419 1203 casu
434 1161 570 1203 salutariter
585 1162 631 1203 sibi
646 1161 753 1204 timeant.
771 1162 864 1205 Gratiae
880 1164 911 1204 ad
928 1175 1003 1214 perse-

158 1227 291 1268 verandum
302 1239 357 1268 vere
370 1226 513 1268 sufficientes*
521 1238 570 1267 non
581 1226 743 1268 conceduntur
754 1227 800 1268 nisi
813 1227 1001 1279 praedestinatis.

89 1333 90 1336 ,
160 1292 268 1333 Christus
284 1303 334 1332 non
351 1291 386 1332 est
402 1290 511 1331 mortuus
527 1303 570 1342 pro
588 1291 700 1331 omnibus
716 1291 856 1332 hominibus
875 1293 915 1344 (ct.
933 1304 957 1332 n.
976 1294 1003 1332 83

159 1356 218 1406 541).
243 1357 304 1397 Fusa
328 1356 429 1407 probare
452 1355 552 1396 conatur
575 1355 707 1396 Iansanius
723 1355 856 1405 peccatores
879 1356 1002 1397 induratos
1033 1413 1035 1415 ι

158 1431 237 1461 carere
255 1420 321 1460 omni
337 1418 415 1471 gratia
430 1418 565 1468 sufficiente,
584 1431 631 1470 qua
646 1419 789 1482 moveantur
805 1421 836 1461 ad
852 1421 943 1461 bonum
960 1420 1002 1472 (Dc

157 1488 217 1534 prat.
232 1482 287 1523 Chr.
302 1483 318 1522 l.
333 1485 347 1523 3
360 1493 411 1533 cap.
427 1482 471 1532 10).
488 1504 490 1507 ·

219 1625 334 1662 1instit.
351 1624 430 1670 relig.
446 1625 541 1661 christ.
559 1625 573 1662 l.
589 1625 601 1662 3
615 1634 661 1671 cap.
679 1626 702 1662 21
720 1627 764 1662 «De
780 1626 885 1663 electione
901 1627 998 1667 aeterna,

158 1683 202 1718 qua
216 1675 275 1708 Deus
290 1673 347 1709 aiios
363 1673 392 1709 ad
407 1672 508 1717 salutem,
518 1672 583 1717 *aiios
599 1673 628 1708 ad
643 1673 759 1708 interitum
774 1674 974 1719 praedestinaverit
982 1684 1001 1716 u,-

157 1722 209 1756 ibid.
226 1730 247 1756 n.
265 1721 288 1758 5:
308 1733 319 1753 «
328 1720 558 1756 praedestinationem
573 1729 677 1756 vocamus
694 1720 809 1756 aeternum
826 1722 866 1757 Dei
882 1722 999 1763 decretum,

157 1777 200 1812 quo
215 1768 275 1813 apud
291 1777 314 1803 se
328 1768 472 1803 constitutum
487 1767 572 1810 habuit,
590 1767 643 1811 quid
658 1768 684 1803 de
700 1776 833 1812 unoquoque
848 1768 938 1805 homine
953 1768 1001 1804 fieri

156 1815 226 1851 vellet.
245 1816 295 1851 Nou
312 1815 372 1851 enim
393 1815 443 1861 pari
465 1815 593 1851 condicione
609 1815 712 1850 creantur
730 1825 813 1859 omnes3
831 1818 870 1853 sed
887 1816 938 1853 aliis
955 1816 1001 1852 vita

157 1862 254 1904 aeterna,
274 1862 326 1897 aliis
344 1862 458 1897 damnatio
477 1862 569 1898 aeterna
586 1863 764 1907 praeordinatur.
790 1865 868 1907 Itaque
892 1865 959 1909 prout
976 1864 1002 1900 in

157 1909 290 1945 alterutrum
307 1908 375 1944 finem
390 1909 483 1953 quisque
502 1909 604 1944 conditus
622 1910 661 1952 est,
681 1910 714 1945 ita
731 1910 767 1945 vel
786 1911 815 1946 ad
832 1911 903 1947 vitam
919 1911 953 1947 vel
972 1912 1001 1947 ad

156 1956 249 2004 mortem
265 1957 457 2001 praedestinatum
474 1955 595 1992 dicimus.»
613 1976 635 1982 η
652 1967 673 1992 n.
692 1956 714 1993 7:
737 1957 854 1994 «Dicimus
872 1957 962 1994 aeterno
980 1958 1000 1994 et

155 2004 290 2039 immutabili
302 2003 394 2039 consilio
406 2006 476 2039 Deum
488 2004 556 2040 semel
566 2005 713 2048 constituisse,
728 2014 783 2050 quos
794 2006 847 2041 olim
859 2007 927 2042 semel
939 2016 1000 2043 assu-

155 2060 214 2086 mere
226 2050 292 2087 vellet
304 2051 330 2085 in
342 2050 443 2093 salutem,
459 2060 514 2095 quos
527 2060 618 2087 rursum
630 2052 696 2087 exitio
709 2053 834 2095 devovere.
844 2080 863 2089 ..
880 2063 934 2098 quos
948 2063 999 2090 vero

156 2098 295 2134 damnationi
310 2098 399 2140 addicit,
416 2098 451 2134 bis
465 2099 565 2135 iusto...
581 2099 652 2145 ipsius
666 2099 750 2135 iudicio
764 2100 823 2136 vitae
838 2101 925 2137 aditum
938 2111 1000 2148 prae-

156 2145 255 2180 cludi...
276 2146 388 2190 Reprobas
407 2145 441 2181 vel
461 2156 474 2181 a
494 2145 574 2182 notitia
593 2147 628 2181 sui
647 2146 745 2182 nominis
763 2148 798 2183 vel
818 2158 832 2184 a
851 2148 947 2193 Spiritus
965 2149 999 2184 sui

155 2192 331 2227 sanctificatione
346 2192 487 2234 exc-ludendo,
503 2192 568 2237 quale
581 2195 671 2229 maneat
686 2203 722 2229 eos
737 2194 851 2237 iudicium,
867 2195 917 2232 istis
931 2196 999 2232 veluti

155 2239 213 2274 notis
228 2240 301 2284 aperit
309 2252 319 2271 υ
337 2240 382 2284 (CR
395 2239 425 2282 30,
438 2239 474 2275 683
488 2239 539 2286 686).
555 2249 617 2276 —ca
634 2268 638 2276 .
654 2241 678 2277 23
693 2251 714 2276 n.
732 2242 743 2278 8
758 2242 820 2277 reicit
835 2242 999 2280 distinctionem

154 2286 277 2322 voluntatis
296 2286 419 2333 (positivae)
438 2287 459 2322 et
476 2288 629 2333 permissionis
646 2288 671 2324 in
687 2288 744 2326 Deo:
765 2290 858 2327 «Perire
876 2292 996 2337 impios...

155 2343 194 2370 cur
206 2334 366 2379 permittere
381 2334 470 2379 [Deum]
487 2335 592 2379 dicemus,
605 2336 649 2371 nisi
663 2336 762 2381 quiana
775 2338 851 2374 vulti»
866 2338 894 2375 ih.
911 2339 961 2385 705).
976 2359 1000 2365 —-

155 2381 261 2418 Calvinus
275 2382 484 2428 supralapsarie
498 2383 610 2427 docuerat;
623 2393 643 2420 v.
659 2393 678 2428 g.
692 2385 765 2421 instit.
781 2385 799 2430 3,
814 2386 844 2432 23,
859 2387 871 2423 8
887 2388 923 2432 (ib.
939 2387 995 2434 705);

155 2431 260 2475 «Lapsus
276 2430 309 2465 est
323 2431 382 2465 em'm
397 2431 484 2475 primus
499 2431 572 2473 homo,
590 2431 643 2476 quia
657 2433 767 2469 Dominus
782 2434 815 2470 ita
832 2436 933 2481 expedire
950 2446 998 2472 oen-

154 2478 269 2513 suerat...
285 2477 352 2513 Cadit
366 2477 435 2522 igitur
450 2478 522 2522 bomo,
539 2480 578 2514 Dei
594 2479 733 2524 providentia
747 2481 779 2517 sic
794 2483 938 2520 ordinante.»
956 2484 998 2521 Sed

153 2524 206 2569 quia
221 2525 304 2560 dehac
318 2525 447 2569 quaestione
461 2535 507 2561 non
521 2535 607 2572 semper
621 2528 675 2563 satis
690 2528 750 2564 clare
764 2529 850 2566 locutus
866 2532 920 2574 erat,
936 2533 997 2568 ortae

153 2572 205 2607 sunt
224 2572 289 2608 notae
311 2573 515 2609 controversiae
536 2574 595 2610 inter
616 2575 845 2622 Supralapsarios
866 2580 887 2615 et
909 2579 997 2616 Intra-

153 2619 300 2664 lapsarios.
319 2621 394 2665 Neque
412 2621 514 2666 synodus
530 2622 702 2660 Dordracena
721 2625 748 2671 (a.
768 2624 840 2672 teias)
858 2628 916 2664 hanc
933 2637 997 2672 quae-

153 2668 247 2721 stionem
263 2668 366 2703 dirimere
380 2669 450 2703 voluit
467 2670 493 2714 (v.
511 2670 528 2705 P
544 2670 566 2705 ΙΙ
580 2679 600 2705 n.
616 2670 728 2717 403-de
744 2674 783 2709 sed
796 2674 997 2711 Universalismum

153 2714 270 2749 Arminii
288 2715 364 2751 reiecit
382 2716 410 2760 (v.
430 2725 450 2760 g.
469 2726 516 2762 cap.
539 2716 548 2752 1
569 2727 615 2754 can,
638 2719 667 2763 15;
687 2720 760 2756 reieci.
782 2730 822 2758 err.
844 2722 856 2758 8
877 2723 995 2768 [Miilier,

152 2761 274 2797 Benenato.
290 2771 311 2806 p.
329 2761 364 2800 845
379 2763 441 2809 848]].
458 2783 482 2789 -
497 2764 610 2801 Paulatim
626 2767 693 2802 etiam
710 2768 768 2804 inter
785 2769 919 2807 calvinistes
935 2781 997 2817 prae-

152 2808 272 2844 valuerunt
291 2809 414 2846 mitiores
435 2812 565 2855 sententiae,
585 2814 717 2858 praesertim
737 2815 762 2850 in
780 2816 889 2862 Anglia,
911 2819 950 2854 ubi
970 2820 996 2855 de

152 2857 308 2901 reprobatione
321 2858 416 2902 positiva
431 2868 477 2894 non
491 2859 588 2895 multum
604 2861 710 2898 disserere
728 2864 834 2901 solebant.
851 2885 875 2891 -
890 2866 996 2903 Pietistae

152 2903 172 2939 et
183 2904 331 2939 Methodistae
342 2905 465 2942 doctrinam
477 2908 687 2952 praedestinationis
699 2911 822 2947 omiserunt
835 2913 870 2958 (ci.
878 2913 903 2948 A.
913 2915 994 2959 Lang,

151 2951 210 2987 Zroei
228 2952 421 2997 caloio-Voturiae
438 2964 459 3000 p.
478 2954 502 2990 29
509 2964 531 2991 ss
549 2956 680 3001 [BchlirTh
698 2958 726 3003 15,
746 2959 764 3003 6;
781 2960 901 2997 Giitersloh
919 2961 993 3009 rein).
