<?xml version="1.0" encoding="UTF-8"?>
<!DOCTYPE html PUBLIC "-//W3C//DTD XHTML 1.0 Transitional//EN"
    "http://www.w3.org/TR/xhtml1/DTD/xhtml1-transitional.dtd">
<html xmlns="http://www.w3.org/1999/xhtml" xml:lang="en" lang="en">
 <head>
  <title>
</title>
<meta http-equiv="Content-Type" content="text/html;charset=utf-8" />
  <meta name='ocr-system' content='tesseract 3.04.00' />
  <meta name='ocr-capabilities' content='ocr_page ocr_carea ocr_par ocr_line ocrx_word'/>
</head>
<body>
  <div class='ocr_page' id='page_1' title='image "./MN41637ucmf_2_0553.png"; bbox 0 0 2214 3350; ppageno 0'>
   <div class='ocr_carea' id='block_1_1' title="bbox 229 133 983 198">
    <p class='ocr_par' dir='ltr' id='par_1_1' title="bbox 229 133 983 198">
     <span class='ocr_line' id='line_1_1' title="bbox 229 133 983 198; baseline -0.015 -2"><span class='ocrx_word' id='word_1_1' title='bbox 229 139 230 142; x_wconf 11' lang='grc' dir='ltr'><strong>Ἴ</strong></span> <span class='ocrx_word' id='word_1_2' title='bbox 300 133 826 198; x_wconf 63' lang='grc'>5111111111110111151111151111011311115111115</span> <span class='ocrx_word' id='word_1_3' title='bbox 925 194 927 196; x_wconf 21' lang='lat'><strong><em>¹</em></strong></span> <span class='ocrx_word' id='word_1_4' title='bbox 947 148 983 188; x_wconf 81' lang='lat'>519</span> 
     </span>
    </p>
   </div>
   <div class='ocr_carea' id='block_1_2' title="bbox 132 259 985 1009">
    <p class='ocr_par' dir='ltr' id='par_1_2' title="bbox 132 259 985 1009">
     <span class='ocr_line' id='line_1_2' title="bbox 134 259 980 321; baseline -0.01 -15"><span class='ocrx_word' id='word_1_5' title='bbox 134 264 269 315; x_wconf 77' lang='lat' dir='ltr'>decernere,</span> <span class='ocrx_word' id='word_1_6' title='bbox 284 269 341 318; x_wconf 80' lang='lat' dir='ltr'>qnia</span> <span class='ocrx_word' id='word_1_7' title='bbox 355 266 412 307; x_wconf 95' lang='grc'>511111</span> <span class='ocrx_word' id='word_1_8' title='bbox 426 263 536 321; x_wconf 85' lang='lat' dir='ltr'>efficacia</span> <span class='ocrx_word' id='word_1_9' title='bbox 553 261 716 311; x_wconf 87' lang='lat' dir='ltr'>Praediteotio,</span> <span class='ocrx_word' id='word_1_10' title='bbox 734 272 807 312; x_wconf 83' lang='lat' dir='ltr'>quam</span> <span class='ocrx_word' id='word_1_11' title='bbox 822 259 980 307; x_wconf 86' lang='lat' dir='ltr'>admittimus,</span> 
     </span>
     <span class='ocr_line' id='line_1_3' title="bbox 134 318 981 380; baseline -0.007 -11"><span class='ocrx_word' id='word_1_12' title='bbox 134 329 325 380; x_wconf 85' lang='lat' dir='ltr'>consequitur</span> <span class='ocrx_word' id='word_1_13' title='bbox 340 329 466 371; x_wconf 86' lang='lat' dir='ltr'>scientiam</span> <span class='ocrx_word' id='word_1_14' title='bbox 479 327 586 368; x_wconf 81' lang='lat' dir='ltr'>inediam</span> <span class='ocrx_word' id='word_1_15' title='bbox 603 318 627 367; x_wconf 87' lang='grc'>11</span> <span class='ocrx_word' id='word_1_16' title='bbox 643 325 787 365; x_wconf 85' lang='lat' dir='ltr'>exercetur</span> <span class='ocrx_word' id='word_1_17' title='bbox 781 336 807 364; x_wconf 89' lang='lat'>111</span> <span class='ocrx_word' id='word_1_18' title='bbox 824 324 921 364; x_wconf 79' lang='lat' dir='ltr'>ferendo</span> <span class='ocrx_word' id='word_1_19' title='bbox 940 322 981 363; x_wconf 89' lang='lat' dir='ltr'>illo</span> 
     </span>
     <span class='ocr_line' id='line_1_4' title="bbox 134 384 985 447; baseline -0.011 -14"><span class='ocrx_word' id='word_1_20' title='bbox 134 386 236 441; x_wconf 81' lang='lat' dir='ltr'>decreto,</span> <span class='ocrx_word' id='word_1_21' title='bbox 258 404 312 444; x_wconf 84' lang='lat' dir='ltr'>quo,</span> <span class='ocrx_word' id='word_1_22' title='bbox 334 392 432 434; x_wconf 87' lang='lat' dir='ltr'>scientia</span> <span class='ocrx_word' id='word_1_23' title='bbox 448 390 531 439; x_wconf 85' lang='lat' dir='ltr'>media</span> <span class='ocrx_word' id='word_1_24' title='bbox 552 387 713 447; x_wconf 70' lang='lat' dir='ltr'>praelucente,</span> <span class='ocrx_word' id='word_1_25' title='bbox 732 387 813 436; x_wconf 86' lang='lat' dir='ltr'>electis</span> <span class='ocrx_word' id='word_1_26' title='bbox 831 384 985 432; x_wconf 84' lang='lat' dir='ltr'>destinantur·</span> 
     </span>
     <span class='ocr_line' id='line_1_5' title="bbox 133 449 981 507; baseline -0.008 -11"><span class='ocrx_word' id='word_1_27' title='bbox 133 456 232 506; x_wconf 79' lang='lat' dir='ltr'>gratiae,</span> <span class='ocrx_word' id='word_1_28' title='bbox 246 468 307 507; x_wconf 78' lang='lat' dir='ltr'>anae</span> <span class='ocrx_word' id='word_1_29' title='bbox 319 456 375 497; x_wconf 84' lang='lat' dir='ltr'>sunt</span> <span class='ocrx_word' id='word_1_30' title='bbox 385 455 496 497; x_wconf 85' lang='lat' dir='ltr'>efficaces.</span> <span class='ocrx_word' id='word_1_31' title='bbox 509 455 559 494; x_wconf 90' lang='lat' dir='ltr'>Hoc</span> <span class='ocrx_word' id='word_1_32' title='bbox 572 452 652 494; x_wconf 87' lang='lat' dir='ltr'>autem</span> <span class='ocrx_word' id='word_1_33' title='bbox 663 449 770 492; x_wconf 85' lang='lat' dir='ltr'>tontibus</span> <span class='ocrx_word' id='word_1_34' title='bbox 780 449 900 498; x_wconf 75' lang='lat' dir='ltr'>satisfacit,</span> <span class='ocrx_word' id='word_1_35' title='bbox 915 460 981 500; x_wconf 87' lang='lat' dir='ltr'>prae-</span> 
     </span>
     <span class='ocr_line' id='line_1_6' title="bbox 134 512 981 564; baseline -0.011 -4"><span class='ocrx_word' id='word_1_36' title='bbox 134 518 218 560; x_wconf 87' lang='lat' dir='ltr'>sertim</span> <span class='ocrx_word' id='word_1_37' title='bbox 238 520 257 559; x_wconf 90' lang='lat' dir='ltr'>si</span> <span class='ocrx_word' id='word_1_38' title='bbox 277 520 389 560; x_wconf 86' lang='lat' dir='ltr'>addimus</span> <span class='ocrx_word' id='word_1_39' title='bbox 409 519 434 559; x_wconf 88' lang='lat' dir='ltr'>in</span> <span class='ocrx_word' id='word_1_40' title='bbox 454 517 535 558; x_wconf 87' lang='lat' dir='ltr'>nostro</span> <span class='ocrx_word' id='word_1_41' title='bbox 552 526 685 556; x_wconf 83' lang='lat' dir='ltr'>casucum</span> <span class='ocrx_word' id='word_1_42' title='bbox 704 514 809 564; x_wconf 82' lang='lat' dir='ltr'>quodam</span> <span class='ocrx_word' id='word_1_43' title='bbox 828 512 981 561; x_wconf 87' lang='lat' dir='ltr'>anthropo-</span> 
     </span>
     <span class='ocr_line' id='line_1_7' title="bbox 136 573 982 633; baseline -0.009 -11"><span class='ocrx_word' id='word_1_44' title='bbox 136 581 312 632; x_wconf 85' lang='lat' dir='ltr'>morphismo-</span> <span class='ocrx_word' id='word_1_45' title='bbox 327 592 394 633; x_wconf 91' lang='lat' dir='ltr'>posse</span> <span class='ocrx_word' id='word_1_46' title='bbox 413 581 473 622; x_wconf 89' lang='lat' dir='ltr'>dici:</span> <span class='ocrx_word' id='word_1_47' title='bbox 493 581 557 621; x_wconf 91' lang='lat' dir='ltr'>Deus</span> <span class='ocrx_word' id='word_1_48' title='bbox 576 590 605 619; x_wconf 80' lang='lat' dir='ltr'>err</span> <span class='ocrx_word' id='word_1_49' title='bbox 623 576 720 627; x_wconf 87' lang='lat' dir='ltr'>speciali</span> <span class='ocrx_word' id='word_1_50' title='bbox 739 575 922 627; x_wconf 83' lang='lat' dir='ltr'>praedilectione</span> <span class='ocrx_word' id='word_1_51' title='bbox 942 573 982 615; x_wconf 86' lang='lat' dir='ltr'>dat</span> 
     </span>
     <span class='ocr_line' id='line_1_8' title="bbox 133 638 981 695; baseline -0.009 -10"><span class='ocrx_word' id='word_1_52' title='bbox 133 645 225 695; x_wconf 80' lang='lat' dir='ltr'>gratias</span> <span class='ocrx_word' id='word_1_53' title='bbox 238 645 347 686; x_wconf 82' lang='lat' dir='ltr'>efficaces.</span> <span class='ocrx_word' id='word_1_54' title='bbox 363 646 425 686; x_wconf 86' lang='lat' dir='ltr'>Nam</span> <span class='ocrx_word' id='word_1_55' title='bbox 439 644 481 695; x_wconf 85' lang='lat' dir='ltr'>qui</span> <span class='ocrx_word' id='word_1_56' title='bbox 496 644 539 684; x_wconf 89' lang='lat' dir='ltr'>uni</span> <span class='ocrx_word' id='word_1_57' title='bbox 554 641 647 682; x_wconf 91' lang='lat' dir='ltr'>homini</span> <span class='ocrx_word' id='word_1_58' title='bbox 660 651 718 691; x_wconf 88' lang='lat' dir='ltr'>prae</span> <span class='ocrx_word' id='word_1_59' title='bbox 732 638 806 680; x_wconf 84' lang='lat' dir='ltr'>altero</span> <span class='ocrx_word' id='word_1_60' title='bbox 821 638 899 692; x_wconf 85' lang='lat' dir='ltr'>maius</span> <span class='ocrx_word' id='word_1_61' title='bbox 912 639 981 678; x_wconf 88' lang='lat' dir='ltr'>bene-</span> 
     </span>
     <span class='ocr_line' id='line_1_9' title="bbox 134 701 981 758; baseline -0.011 -10"><span class='ocrx_word' id='word_1_62' title='bbox 134 708 220 748; x_wconf 76' lang='lat' dir='ltr'>ficium</span> <span class='ocrx_word' id='word_1_63' title='bbox 234 709 310 749; x_wconf 88' lang='lat' dir='ltr'>sciens</span> <span class='ocrx_word' id='word_1_64' title='bbox 323 708 345 749; x_wconf 90' lang='lat' dir='ltr'>et</span> <span class='ocrx_word' id='word_1_65' title='bbox 357 708 440 748; x_wconf 89' lang='lat' dir='ltr'>volens</span> <span class='ocrx_word' id='word_1_66' title='bbox 452 706 555 758; x_wconf 81' lang='lat' dir='ltr'>gratuito</span> <span class='ocrx_word' id='word_1_67' title='bbox 570 704 617 754; x_wconf 84' lang='lat' dir='ltr'>dat,</span> <span class='ocrx_word' id='word_1_68' title='bbox 630 703 739 753; x_wconf 83' lang='lat' dir='ltr'>censetur</span> <span class='ocrx_word' id='word_1_69' title='bbox 752 702 841 743; x_wconf 86' lang='lat' dir='ltr'>maiore</span> <span class='ocrx_word' id='word_1_70' title='bbox 855 701 981 742; x_wconf 80' lang='lat' dir='ltr'>affectione</span> 
     </span>
     <span class='ocr_line' id='line_1_10' title="bbox 133 764 981 821; baseline -0.008 -11"><span class='ocrx_word' id='word_1_71' title='bbox 133 782 192 821; x_wconf 81' lang='lat' dir='ltr'>erga</span> <span class='ocrx_word' id='word_1_72' title='bbox 206 770 276 820; x_wconf 87' lang='lat' dir='ltr'>illum</span> <span class='ocrx_word' id='word_1_73' title='bbox 293 767 399 811; x_wconf 74' lang='lat' dir='ltr'>moveri</span> <span class='ocrx_word' id='word_1_74' title='bbox 410 770 527 811; x_wconf 73' lang='lat' dir='ltr'>Similiter</span> <span class='ocrx_word' id='word_1_75' title='bbox 540 769 605 809; x_wconf 88' lang='lat' dir='ltr'>Deus</span> <span class='ocrx_word' id='word_1_76' title='bbox 621 767 730 818; x_wconf 80' lang='lat' dir='ltr'>eligendo</span> <span class='ocrx_word' id='word_1_77' title='bbox 747 778 803 807; x_wconf 87' lang='grc'>111111</span> <span class='ocrx_word' id='word_1_78' title='bbox 819 764 936 813; x_wconf 89' lang='lat' dir='ltr'>ordinem,</span> <span class='ocrx_word' id='word_1_79' title='bbox 956 764 981 803; x_wconf 87' lang='lat' dir='ltr'>in</span> 
     </span>
     <span class='ocr_line' id='line_1_11' title="bbox 133 828 982 884; baseline -0.007 -10"><span class='ocrx_word' id='word_1_80' title='bbox 133 844 184 884; x_wconf 85' lang='lat' dir='ltr'>quo</span> <span class='ocrx_word' id='word_1_81' title='bbox 196 833 293 874; x_wconf 87' lang='lat' dir='ltr'>Petrum</span> <span class='ocrx_word' id='word_1_82' title='bbox 307 844 364 884; x_wconf 86' lang='lat' dir='ltr'>prae</span> <span class='ocrx_word' id='word_1_83' title='bbox 378 833 437 874; x_wconf 84' lang='lat' dir='ltr'>Iuda</span> <span class='ocrx_word' id='word_1_84' title='bbox 452 831 588 873; x_wconf 70' lang='lat' dir='ltr'>salutariter</span> <span class='ocrx_word' id='word_1_85' title='bbox 601 829 755 881; x_wconf 85' lang='lat' dir='ltr'>operaturum</span> <span class='ocrx_word' id='word_1_86' title='bbox 770 830 794 870; x_wconf 89' lang='lat' dir='ltr'>et</span> <span class='ocrx_word' id='word_1_87' title='bbox 805 828 906 880; x_wconf 84' lang='lat' dir='ltr'>gloriam</span> <span class='ocrx_word' id='word_1_88' title='bbox 920 838 982 868; x_wconf 84' lang='lat' dir='ltr'>asse-</span> 
     </span>
     <span class='ocr_line' id='line_1_12' title="bbox 132 889 981 950; baseline -0.007 -14"><span class='ocrx_word' id='word_1_89' title='bbox 132 896 246 950; x_wconf 82' lang='lat' dir='ltr'>cuturum</span> <span class='ocrx_word' id='word_1_90' title='bbox 258 896 386 947; x_wconf 74' lang='lat' dir='ltr'>praevidet,</span> <span class='ocrx_word' id='word_1_91' title='bbox 400 902 507 943; x_wconf 78' lang='lat' dir='ltr'>censetur</span> <span class='ocrx_word' id='word_1_92' title='bbox 519 889 548 935; x_wconf 76' lang='lat' dir='ltr'>en</span> <span class='ocrx_word' id='word_1_93' title='bbox 559 895 681 945; x_wconf 71' lang='lat' dir='ltr'>inaequali</span> <span class='ocrx_word' id='word_1_94' title='bbox 693 893 818 933; x_wconf 79' lang='lat' dir='ltr'>dilectione</span> <span class='ocrx_word' id='word_1_95' title='bbox 829 892 981 932; x_wconf 76' lang='lat' dir='ltr'>antecedente</span> 
     </span>
     <span class='ocr_line' id='line_1_13' title="bbox 134 953 981 1009; baseline -0.007 -9"><span class='ocrx_word' id='word_1_96' title='bbox 134 960 199 1000; x_wconf 83' lang='lat' dir='ltr'>hunc</span> <span class='ocrx_word' id='word_1_97' title='bbox 213 960 322 1000; x_wconf 83' lang='lat' dir='ltr'>ordinem</span> <span class='ocrx_word' id='word_1_98' title='bbox 337 958 434 1009; x_wconf 84' lang='lat' dir='ltr'>elegisse</span> <span class='ocrx_word' id='word_1_99' title='bbox 450 969 506 1008; x_wconf 84' lang='lat' dir='ltr'>prae</span> <span class='ocrx_word' id='word_1_100' title='bbox 519 957 574 1006; x_wconf 87' lang='lat' dir='ltr'>alio,</span> <span class='ocrx_word' id='word_1_101' title='bbox 592 953 633 1007; x_wconf 83' lang='lat' dir='ltr'>qui</span> <span class='ocrx_word' id='word_1_102' title='bbox 648 955 745 997; x_wconf 85' lang='lat' dir='ltr'>beatum</span> <span class='ocrx_word' id='word_1_103' title='bbox 762 955 852 997; x_wconf 87' lang='lat' dir='ltr'>exitum</span> <span class='ocrx_word' id='word_1_104' title='bbox 868 956 941 996; x_wconf 83' lang='lat' dir='ltr'>Iudae</span> <span class='ocrx_word' id='word_1_105' title='bbox 958 953 981 994; x_wconf 86' lang='lat' dir='ltr'>et</span> 
     </span>
    </p>
   </div>
   <div class='ocr_carea' id='block_1_3' title="bbox 54 1006 978 1073">
    <p class='ocr_par' dir='ltr' id='par_1_3' title="bbox 54 1006 978 1073">
     <span class='ocr_line' id='line_1_14' title="bbox 54 1006 978 1073; baseline -0.005 -12"><span class='ocrx_word' id='word_1_106' title='bbox 54 1006 56 1010; x_wconf 43' lang='grc'><strong>”</strong></span> <span class='ocrx_word' id='word_1_107' title='bbox 133 1021 255 1072; x_wconf 77' lang='lat' dir='ltr'>infelicem</span> <span class='ocrx_word' id='word_1_108' title='bbox 275 1022 339 1062; x_wconf 84' lang='lat' dir='ltr'>Petri</span> <span class='ocrx_word' id='word_1_109' title='bbox 360 1013 611 1061; x_wconf 53' lang='lat' dir='ltr'>contineretssTamen</span> <span class='ocrx_word' id='word_1_110' title='bbox 631 1020 658 1060; x_wconf 89' lang='lat' dir='ltr'>ut</span> <span class='ocrx_word' id='word_1_111' title='bbox 677 1019 824 1073; x_wconf 81' lang='lat' dir='ltr'>voluntatem</span> <span class='ocrx_word' id='word_1_112' title='bbox 845 1017 978 1059; x_wconf 79' lang='lat' dir='ltr'>salvificam</span> 
     </span>
    </p>
   </div>
   <div class='ocr_carea' id='block_1_4' title="bbox 133 1075 977 1133">
    <p class='ocr_par' dir='ltr' id='par_1_4' title="bbox 133 1075 977 1133">
     <span class='ocr_line' id='line_1_15' title="bbox 133 1075 977 1133; baseline -0.006 -9"><span class='ocrx_word' id='word_1_113' title='bbox 133 1084 293 1125; x_wconf 87' lang='lat' dir='ltr'>universalem</span> <span class='ocrx_word' id='word_1_114' title='bbox 307 1094 428 1124; x_wconf 85' lang='lat' dir='ltr'>servemus</span> <span class='ocrx_word' id='word_1_115' title='bbox 440 1083 463 1123; x_wconf 83' lang='lat' dir='ltr'>et</span> <span class='ocrx_word' id='word_1_116' title='bbox 475 1082 665 1133; x_wconf 80' lang='lat' dir='ltr'>reprobationem</span> <span class='ocrx_word' id='word_1_117' title='bbox 678 1081 855 1123; x_wconf 85' lang='lat' dir='ltr'>antecedentem</span> <span class='ocrx_word' id='word_1_118' title='bbox 867 1075 977 1128; x_wconf 87' lang='lat' dir='ltr'>vitemus,</span> 
     </span>
    </p>
   </div>
   <div class='ocr_carea' id='block_1_5' title="bbox 57 1143 978 1197">
    <p class='ocr_par' dir='ltr' id='par_1_5' title="bbox 57 1143 978 1197">
     <span class='ocr_line' id='line_1_16' title="bbox 57 1143 978 1197; baseline -0.002 -12"><span class='ocrx_word' id='word_1_119' title='bbox 57 1179 59 1185; x_wconf 80' lang='grc'><strong>,</strong></span> <span class='ocrx_word' id='word_1_120' title='bbox 132 1146 238 1197; x_wconf 81' lang='lat' dir='ltr'>rigorose</span> <span class='ocrx_word' id='word_1_121' title='bbox 255 1146 401 1186; x_wconf 76' lang='lat' dir='ltr'>dicidebet1&#39;</span> <span class='ocrx_word' id='word_1_122' title='bbox 416 1146 480 1186; x_wconf 91' lang='lat' dir='ltr'>Deus</span> <span class='ocrx_word' id='word_1_123' title='bbox 495 1156 542 1185; x_wconf 89' lang='lat' dir='ltr'>non</span> <span class='ocrx_word' id='word_1_124' title='bbox 559 1146 654 1196; x_wconf 81' lang='lat' dir='ltr'>proprie</span> <span class='ocrx_word' id='word_1_125' title='bbox 671 1155 703 1184; x_wconf 85' lang='lat' dir='ltr'>ex</span> <span class='ocrx_word' id='word_1_126' title='bbox 718 1145 835 1194; x_wconf 85' lang='lat' dir='ltr'>praevia</span> <span class='ocrx_word' id='word_1_127' title='bbox 851 1143 978 1194; x_wconf 72' lang='lat' dir='ltr'>praedilec</span> 
     </span>
    </p>
   </div>
   <div class='ocr_carea' id='block_1_6' title="bbox 132 1205 981 1377">
    <p class='ocr_par' dir='ltr' id='par_1_6' title="bbox 133 1205 981 1377">
     <span class='ocr_line' id='line_1_17' title="bbox 133 1205 979 1268; baseline -0.006 -19"><span class='ocrx_word' id='word_1_128' title='bbox 133 1208 205 1257; x_wconf 87' lang='lat' dir='ltr'>tione,</span> <span class='ocrx_word' id='word_1_129' title='bbox 226 1208 267 1248; x_wconf 89' lang='lat' dir='ltr'>sed</span> <span class='ocrx_word' id='word_1_130' title='bbox 282 1208 365 1258; x_wconf 63' lang='lat' dir='ltr'>,ponus</span> <span class='ocrx_word' id='word_1_131' title='bbox 390 1219 452 1262; x_wconf 80' lang='lat' dir='ltr'>curn</span> <span class='ocrx_word' id='word_1_132' title='bbox 473 1207 661 1268; x_wconf 84' lang='lat' dir='ltr'>praedilectione</span> <span class='ocrx_word' id='word_1_133' title='bbox 688 1205 897 1247; x_wconf 76' lang='lat' dir='ltr'>concomitante</span> <span class='ocrx_word' id='word_1_134' title='bbox 924 1217 979 1256; x_wconf 86' lang='lat' dir='ltr'>erga</span> 
     </span>
     <span class='ocr_line' id='line_1_18' title="bbox 133 1268 981 1334; baseline -0.005 -22"><span class='ocrx_word' id='word_1_135' title='bbox 133 1271 232 1312; x_wconf 87' lang='lat' dir='ltr'>Petrum</span> <span class='ocrx_word' id='word_1_136' title='bbox 244 1270 318 1312; x_wconf 84' lang='lat' dir='ltr'>talem</span> <span class='ocrx_word' id='word_1_137' title='bbox 330 1270 401 1321; x_wconf 79' lang='lat' dir='ltr'>elegit</span> <span class='ocrx_word' id='word_1_138' title='bbox 411 1270 521 1311; x_wconf 86' lang='lat' dir='ltr'>ordinem</span> <span class='ocrx_word' id='word_1_139' title='bbox 536 1274 567 1321; x_wconf 79' lang='lat' dir='ltr'>(v.</span> <span class='ocrx_word' id='word_1_140' title='bbox 581 1269 638 1310; x_wconf 78' lang='lat' dir='ltr'>Lali.</span> <span class='ocrx_word' id='word_1_141' title='bbox 650 1281 676 1334; x_wconf 86' lang='grc'>11.</span> <span class='ocrx_word' id='word_1_142' title='bbox 690 1272 731 1310; x_wconf 85' lang='grc'>236</span> <span class='ocrx_word' id='word_1_143' title='bbox 743 1268 787 1310; x_wconf 86' lang='lat' dir='ltr'>fin.</span> <span class='ocrx_word' id='word_1_144' title='bbox 801 1272 840 1311; x_wconf 84' lang='grc'>241</span> <span class='ocrx_word' id='word_1_145' title='bbox 852 1268 900 1309; x_wconf 88' lang='lat' dir='ltr'>obi.</span> <span class='ocrx_word' id='word_1_146' title='bbox 913 1270 981 1317; x_wconf 67' lang='lat'>3-5,</span> 
     </span>
     <span class='ocr_line' id='line_1_19' title="bbox 132 1333 615 1377; baseline 0.002 -2.004"><span class='ocrx_word' id='word_1_147' title='bbox 132 1334 204 1375; x_wconf 80' lang='lat' dir='ltr'>atiter</span> <span class='ocrx_word' id='word_1_148' title='bbox 216 1335 244 1374; x_wconf 91' lang='lat' dir='ltr'>de</span> <span class='ocrx_word' id='word_1_149' title='bbox 257 1334 302 1374; x_wconf 87' lang='lat' dir='ltr'>hac</span> <span class='ocrx_word' id='word_1_150' title='bbox 315 1345 339 1374; x_wconf 88' lang='lat' dir='ltr'>re</span> <span class='ocrx_word' id='word_1_151' title='bbox 351 1334 404 1373; x_wconf 83' lang='lat' dir='ltr'>Ber.</span> <span class='ocrx_word' id='word_1_152' title='bbox 418 1344 442 1373; x_wconf 88' lang='grc'>11.</span> <span class='ocrx_word' id='word_1_153' title='bbox 457 1335 498 1374; x_wconf 82' lang='grc'>637</span> <span class='ocrx_word' id='word_1_154' title='bbox 511 1333 570 1373; x_wconf 86' lang='lat' dir='ltr'>sent</span> <span class='ocrx_word' id='word_1_155' title='bbox 584 1333 615 1377; x_wconf 81' lang='grc'>41</span> 
     </span>
    </p>
   </div>
   <div class='ocr_carea' id='block_1_7' title="bbox 131 1436 982 1748">
    <p class='ocr_par' dir='ltr' id='par_1_7' title="bbox 131 1436 982 1748">
     <span class='ocr_line' id='line_1_20' title="bbox 131 1436 982 1490; baseline -0.011 -5"><span class='ocrx_word' id='word_1_156' title='bbox 131 1442 188 1485; x_wconf 85' lang='grc'><strong>655.</strong></span> <span class='ocrx_word' id='word_1_157' title='bbox 222 1440 349 1488; x_wconf 83' lang='lat' dir='ltr'>Praecipua</span> <span class='ocrx_word' id='word_1_158' title='bbox 367 1436 503 1488; x_wconf 77' lang='lat' dir='ltr'>argumenta</span> <span class='ocrx_word' id='word_1_159' title='bbox 522 1441 705 1478; x_wconf 80' lang='lat' dir='ltr'>adversariorum</span> <span class='ocrx_word' id='word_1_160' title='bbox 724 1442 777 1477; x_wconf 88' lang='lat' dir='ltr'>sunt</span> <span class='ocrx_word' id='word_1_161' title='bbox 798 1442 853 1487; x_wconf 81' lang='lat' dir='ltr'>Rom</span> <span class='ocrx_word' id='word_1_162' title='bbox 873 1441 891 1485; x_wconf 88' lang='lat'>8,</span> <span class='ocrx_word' id='word_1_163' title='bbox 911 1440 982 1490; x_wconf 83' lang='grc'>28-30</span> 
     </span>
     <span class='ocr_line' id='line_1_21' title="bbox 133 1484 979 1540; baseline -0.004 -7"><span class='ocrx_word' id='word_1_164' title='bbox 133 1497 155 1532; x_wconf 91' lang='lat' dir='ltr'>et</span> <span class='ocrx_word' id='word_1_165' title='bbox 175 1496 193 1538; x_wconf 90' lang='grc'>9,</span> <span class='ocrx_word' id='word_1_166' title='bbox 215 1495 279 1533; x_wconf 80' lang='grc'>6-24.</span> <span class='ocrx_word' id='word_1_167' title='bbox 301 1497 402 1532; x_wconf 85' lang='lat' dir='ltr'>Alterum</span> <span class='ocrx_word' id='word_1_168' title='bbox 421 1496 506 1532; x_wconf 82' lang='lat' dir='ltr'>texum</span> <span class='ocrx_word' id='word_1_169' title='bbox 532 1505 562 1532; x_wconf 87' lang='lat' dir='ltr'>n.</span> <span class='ocrx_word' id='word_1_170' title='bbox 577 1494 672 1533; x_wconf 76' lang='lat'>560-562</span> <span class='ocrx_word' id='word_1_171' title='bbox 698 1495 745 1531; x_wconf 89' lang='lat' dir='ltr'>iam</span> <span class='ocrx_word' id='word_1_172' title='bbox 771 1484 804 1531; x_wconf 85' lang='lat' dir='ltr'>ita</span> <span class='ocrx_word' id='word_1_173' title='bbox 830 1495 979 1540; x_wconf 68' lang='lat' dir='ltr'>exposuimus</span> 
     </span>
     <span class='ocr_line' id='line_1_22' title="bbox 133 1542 979 1593; baseline -0.004 -10"><span class='ocrx_word' id='word_1_174' title='bbox 133 1550 158 1583; x_wconf 90' lang='lat' dir='ltr'>ut</span> <span class='ocrx_word' id='word_1_175' title='bbox 174 1542 231 1589; x_wconf 88' lang='lat' dir='ltr'>nihil</span> <span class='ocrx_word' id='word_1_176' title='bbox 246 1548 299 1583; x_wconf 90' lang='lat' dir='ltr'>inde</span> <span class='ocrx_word' id='word_1_177' title='bbox 317 1548 438 1583; x_wconf 83' lang='lat' dir='ltr'>deducatur</span> <span class='ocrx_word' id='word_1_178' title='bbox 456 1548 483 1583; x_wconf 90' lang='lat' dir='ltr'>de</span> <span class='ocrx_word' id='word_1_179' title='bbox 499 1547 603 1593; x_wconf 84' lang='lat' dir='ltr'>praedest</span> <span class='ocrx_word' id='word_1_180' title='bbox 601 1547 704 1583; x_wconf 75' lang='lat' dir='ltr'>irratione</span> <span class='ocrx_word' id='word_1_181' title='bbox 721 1547 751 1582; x_wconf 84' lang='lat' dir='ltr'>ad</span> <span class='ocrx_word' id='word_1_182' title='bbox 767 1546 862 1591; x_wconf 84' lang='lat' dir='ltr'>gloriam</span> <span class='ocrx_word' id='word_1_183' title='bbox 880 1546 979 1592; x_wconf 89' lang='lat' dir='ltr'>praecise</span> 
     </span>
     <span class='ocr_line' id='line_1_23' title="bbox 131 1598 979 1644; baseline -0.001 -10"><span class='ocrx_word' id='word_1_184' title='bbox 131 1600 245 1644; x_wconf 84' lang='lat' dir='ltr'>sumptam</span> <span class='ocrx_word' id='word_1_185' title='bbox 258 1608 328 1644; x_wconf 84' lang='lat' dir='ltr'>neque</span> <span class='ocrx_word' id='word_1_186' title='bbox 340 1600 366 1635; x_wconf 91' lang='lat' dir='ltr'>de</span> <span class='ocrx_word' id='word_1_187' title='bbox 373 1599 469 1638; x_wconf 56' lang='lat' dir='ltr'>,iormali</span> <span class='ocrx_word' id='word_1_188' title='bbox 482 1598 621 1644; x_wconf 87' lang='lat' dir='ltr'>praedefinit</span> <span class='ocrx_word' id='word_1_189' title='bbox 615 1608 665 1635; x_wconf 83' lang='lat' dir='ltr'>ione</span> <span class='ocrx_word' id='word_1_190' title='bbox 679 1607 777 1644; x_wconf 84' lang='lat' dir='ltr'>operum,</span> <span class='ocrx_word' id='word_1_191' title='bbox 793 1599 831 1635; x_wconf 89' lang='lat' dir='ltr'>sed</span> <span class='ocrx_word' id='word_1_192' title='bbox 845 1598 917 1634; x_wconf 88' lang='lat' dir='ltr'>solum</span> <span class='ocrx_word' id='word_1_193' title='bbox 930 1598 979 1633; x_wconf 81' lang='lat' dir='ltr'>etie-</span> 
     </span>
     <span class='ocr_line' id='line_1_24' title="bbox 134 1649 980 1696; baseline -0.001 -11"><span class='ocrx_word' id='word_1_194' title='bbox 134 1651 202 1686; x_wconf 88' lang='lat' dir='ltr'>ratur.</span> <span class='ocrx_word' id='word_1_195' title='bbox 215 1651 311 1696; x_wconf 86' lang='lat' dir='ltr'>speciale</span> <span class='ocrx_word' id='word_1_196' title='bbox 328 1650 465 1693; x_wconf 84' lang='lat' dir='ltr'>beneficium,</span> <span class='ocrx_word' id='word_1_197' title='bbox 485 1651 544 1696; x_wconf 83' lang='lat' dir='ltr'>quod</span> <span class='ocrx_word' id='word_1_198' title='bbox 562 1651 587 1686; x_wconf 85' lang='grc'>111</span> <span class='ocrx_word' id='word_1_199' title='bbox 602 1650 702 1695; x_wconf 81' lang='lat' dir='ltr'>gratuita</span> <span class='ocrx_word' id='word_1_200' title='bbox 719 1650 833 1687; x_wconf 86' lang='lat' dir='ltr'>vocatione</span> <span class='ocrx_word' id='word_1_201' title='bbox 852 1649 935 1686; x_wconf 83' lang='lat' dir='ltr'>efficaci</span> <span class='ocrx_word' id='word_1_202' title='bbox 951 1649 980 1693; x_wconf 88' lang='lat' dir='ltr'>ad</span> 
     </span>
     <span class='ocr_line' id='line_1_25' title="bbox 131 1701 979 1748; baseline -0.001 -11"><span class='ocrx_word' id='word_1_203' title='bbox 131 1702 228 1737; x_wconf 86' lang='lat' dir='ltr'>salutem</span> <span class='ocrx_word' id='word_1_204' title='bbox 242 1701 343 1737; x_wconf 86' lang='lat' dir='ltr'>consistit</span> <span class='ocrx_word' id='word_1_205' title='bbox 358 1702 381 1741; x_wconf 72' lang='lat' dir='ltr'>et,</span> <span class='ocrx_word' id='word_1_206' title='bbox 395 1711 420 1738; x_wconf 93' lang='lat' dir='ltr'>eo</span> <span class='ocrx_word' id='word_1_207' title='bbox 433 1702 484 1748; x_wconf 88' lang='lat' dir='ltr'>ipso</span> <span class='ocrx_word' id='word_1_208' title='bbox 498 1701 695 1748; x_wconf 85' lang='lat' dir='ltr'>praedilectionem</span> <span class='ocrx_word' id='word_1_209' title='bbox 710 1702 824 1746; x_wconf 81' lang='lat' dir='ltr'>quandam</span> <span class='ocrx_word' id='word_1_210' title='bbox 836 1702 940 1737; x_wconf 86' lang='lat' dir='ltr'>continet.</span> <span class='ocrx_word' id='word_1_211' title='bbox 955 1720 979 1726; x_wconf 93' lang='lat'>-</span> 
     </span>
    </p>
   </div>
   <div class='ocr_carea' id='block_1_8' title="bbox 68 1751 979 1797">
    <p class='ocr_par' dir='ltr' id='par_1_8' title="bbox 68 1751 979 1797">
     <span class='ocr_line' id='line_1_26' title="bbox 68 1751 979 1797; baseline -0.002 -7"><span class='ocrx_word' id='word_1_212' title='bbox 68 1752 70 1755; x_wconf 82' lang='lat'>&#39;</span> <span class='ocrx_word' id='word_1_213' title='bbox 134 1752 189 1791; x_wconf 85' lang='lat' dir='ltr'>Rom</span> <span class='ocrx_word' id='word_1_214' title='bbox 203 1752 225 1796; x_wconf 87' lang='grc'>8,</span> <span class='ocrx_word' id='word_1_215' title='bbox 239 1751 320 1788; x_wconf 83' lang='grc'><strong>28-30</strong></span> <span class='ocrx_word' id='word_1_216' title='bbox 333 1762 387 1789; x_wconf 87' lang='lat' dir='ltr'>sane</span> <span class='ocrx_word' id='word_1_217' title='bbox 403 1754 523 1789; x_wconf 80' lang='lat' dir='ltr'>esttextus</span> <span class='ocrx_word' id='word_1_218' title='bbox 540 1762 586 1789; x_wconf 90' lang='lat' dir='ltr'>non</span> <span class='ocrx_word' id='word_1_219' title='bbox 603 1753 656 1789; x_wconf 86' lang='lat' dir='ltr'>solis</span> <span class='ocrx_word' id='word_1_220' title='bbox 674 1753 801 1797; x_wconf 74' lang='lat' dir='ltr'>Molinistis,</span> <span class='ocrx_word' id='word_1_221' title='bbox 820 1755 859 1789; x_wconf 84' lang='lat' dir='ltr'>sed</span> <span class='ocrx_word' id='word_1_222' title='bbox 876 1753 979 1788; x_wconf 86' lang='lat' dir='ltr'>omnibus</span> 
     </span>
    </p>
   </div>
   <div class='ocr_carea' id='block_1_9' title="bbox 129 1804 1016 2989">
    <p class='ocr_par' dir='ltr' id='par_1_9' title="bbox 129 1804 1016 2989">
     <span class='ocr_line' id='line_1_27' title="bbox 131 1804 977 1852; baseline 0.001 -12"><span class='ocrx_word' id='word_1_223' title='bbox 131 1805 227 1849; x_wconf 80' lang='lat' dir='ltr'>exegetis</span> <span class='ocrx_word' id='word_1_224' title='bbox 240 1804 350 1850; x_wconf 85' lang='lat' dir='ltr'>explicatu</span> <span class='ocrx_word' id='word_1_225' title='bbox 362 1804 465 1848; x_wconf 87' lang='lat' dir='ltr'>difficilis;</span> <span class='ocrx_word' id='word_1_226' title='bbox 478 1815 496 1841; x_wconf 84' lang='lat' dir='ltr'>V.</span> <span class='ocrx_word' id='word_1_227' title='bbox 512 1805 682 1841; x_wconf 87' lang='lat' dir='ltr'>commentarios</span> <span class='ocrx_word' id='word_1_228' title='bbox 694 1815 708 1841; x_wconf 90' lang='lat' dir='ltr'>a</span> <span class='ocrx_word' id='word_1_229' title='bbox 722 1805 815 1850; x_wconf 70' lang='lat' dir='ltr'>cornera</span> <span class='ocrx_word' id='word_1_230' title='bbox 827 1805 848 1840; x_wconf 90' lang='lat' dir='ltr'>et</span> <span class='ocrx_word' id='word_1_231' title='bbox 860 1806 977 1852; x_wconf 78' lang='lat' dir='ltr'>Lapranae</span> 
     </span>
     <span class='ocr_line' id='line_1_28' title="bbox 131 1855 977 1906; baseline 0 -14"><span class='ocrx_word' id='word_1_232' title='bbox 131 1856 233 1902; x_wconf 87' lang='lat' dir='ltr'>scripios;</span> <span class='ocrx_word' id='word_1_233' title='bbox 244 1865 311 1902; x_wconf 90' lang='lat' dir='ltr'>porro</span> <span class='ocrx_word' id='word_1_234' title='bbox 323 1857 384 1899; x_wconf 82' lang='lat' dir='ltr'>Prot,</span> <span class='ocrx_word' id='word_1_235' title='bbox 398 1858 467 1903; x_wconf 82' lang='lat' dir='ltr'>11⁰p.</span> <span class='ocrx_word' id='word_1_236' title='bbox 482 1855 728 1900; x_wconf 51' lang='grc'>111-2995111111.</span> <span class='ocrx_word' id='word_1_237' title='bbox 743 1858 791 1892; x_wconf 85' lang='lat' dir='ltr'>Alto</span> <span class='ocrx_word' id='word_1_238' title='bbox 805 1858 827 1894; x_wconf 91' lang='grc' dir='ltr'>Ο.</span> <span class='ocrx_word' id='word_1_239' title='bbox 843 1858 875 1906; x_wconf 82' lang='grc' dir='ltr'>Ρ.,</span> <span class='ocrx_word' id='word_1_240' title='bbox 889 1857 977 1893; x_wconf 87' lang='lat' dir='ltr'>Versets</span> 
     </span>
     <span class='ocr_line' id='line_1_29' title="bbox 131 1907 979 1954; baseline 0.001 -11"><span class='ocrx_word' id='word_1_241' title='bbox 131 1907 203 1944; x_wconf 79' lang='grc'>28-30</span> <span class='ocrx_word' id='word_1_242' title='bbox 214 1908 244 1943; x_wconf 85' lang='lat' dir='ltr'>du</span> <span class='ocrx_word' id='word_1_243' title='bbox 254 1908 317 1953; x_wconf 86' lang='lat' dir='ltr'>chap.</span> <span class='ocrx_word' id='word_1_244' title='bbox 330 1909 382 1944; x_wconf 89' lang='lat' dir='ltr'>VIII</span> <span class='ocrx_word' id='word_1_245' title='bbox 394 1909 423 1944; x_wconf 85' lang='lat' dir='ltr'>ad</span> <span class='ocrx_word' id='word_1_246' title='bbox 433 1909 495 1945; x_wconf 87' lang='lat' dir='ltr'>Rom.</span> <span class='ocrx_word' id='word_1_247' title='bbox 508 1910 540 1944; x_wconf 88' lang='lat' dir='ltr'>La</span> <span class='ocrx_word' id='word_1_248' title='bbox 552 1908 654 1953; x_wconf 87' lang='lat' dir='ltr'>question</span> <span class='ocrx_word' id='word_1_249' title='bbox 665 1909 691 1945; x_wconf 88' lang='lat' dir='ltr'>de</span> <span class='ocrx_word' id='word_1_250' title='bbox 702 1908 725 1944; x_wconf 89' lang='lat' dir='ltr'>la</span> <span class='ocrx_word' id='word_1_251' title='bbox 735 1908 911 1954; x_wconf 82' lang='lat' dir='ltr'>predestination</span> <span class='ocrx_word' id='word_1_252' title='bbox 921 1909 979 1950; x_wconf 85' lang='lat' dir='ltr'>dans</span> 
     </span>
     <span class='ocr_line' id='line_1_30' title="bbox 131 1959 978 2007; baseline 0 -13"><span class='ocrx_word' id='word_1_253' title='bbox 131 1959 192 2004; x_wconf 77' lang='lat' dir='ltr'>l&#39;Ep.</span> <span class='ocrx_word' id='word_1_254' title='bbox 212 1968 256 1995; x_wconf 84' lang='lat' dir='ltr'>aux</span> <span class='ocrx_word' id='word_1_255' title='bbox 274 1960 381 1995; x_wconf 87' lang='lat' dir='ltr'>Romains</span> <span class='ocrx_word' id='word_1_256' title='bbox 401 1960 553 2005; x_wconf 79' lang='lat' dir='ltr'>(RevsePhTh</span> <span class='ocrx_word' id='word_1_257' title='bbox 571 1960 582 1996; x_wconf 78' lang='lat'>7</span> <span class='ocrx_word' id='word_1_258' title='bbox 601 1959 669 2007; x_wconf 86' lang='grc'>[1913]</span> <span class='ocrx_word' id='word_1_259' title='bbox 689 1959 801 2006; x_wconf 79' lang='grc'>2113-273);</span> <span class='ocrx_word' id='word_1_260' title='bbox 818 1960 902 1997; x_wconf 84' lang='lat' dir='ltr'>Enoore</span> <span class='ocrx_word' id='word_1_261' title='bbox 921 1962 978 1996; x_wconf 85' lang='lat' dir='ltr'>Rom</span> 
     </span>
     <span class='ocr_line' id='line_1_31' title="bbox 131 2009 974 2058; baseline 0.001 -12"><span class='ocrx_word' id='word_1_262' title='bbox 131 2011 190 2052; x_wconf 85' lang='lat' dir='ltr'>VIII,</span> <span class='ocrx_word' id='word_1_263' title='bbox 205 2009 276 2046; x_wconf 45' lang='lat' dir='ltr'>rit-30</span> <span class='ocrx_word' id='word_1_264' title='bbox 291 2010 326 2055; x_wconf 86' lang='lat' dir='ltr'>(ib.</span> <span class='ocrx_word' id='word_1_265' title='bbox 343 2010 366 2046; x_wconf 87' lang='grc'>13</span> <span class='ocrx_word' id='word_1_266' title='bbox 380 2010 448 2057; x_wconf 76' lang='grc'>[1921]</span> <span class='ocrx_word' id='word_1_267' title='bbox 464 2010 575 2058; x_wconf 81' lang='lat'>503-505);</span> <span class='ocrx_word' id='word_1_268' title='bbox 589 2012 613 2047; x_wconf 87' lang='lat' dir='ltr'>A.</span> <span class='ocrx_word' id='word_1_269' title='bbox 624 2011 701 2055; x_wconf 79' lang='lat' dir='ltr'>d&#39;Ates,</span> <span class='ocrx_word' id='word_1_270' title='bbox 719 2011 896 2047; x_wconf 80' lang='lat' dir='ltr'>Pre&#39;deaiinaiion</span> <span class='ocrx_word' id='word_1_271' title='bbox 912 2011 974 2056; x_wconf 81' lang='lat' dir='ltr'>(Dici.</span> 
     </span>
     <span class='ocr_line' id='line_1_32' title="bbox 132 2059 979 2109; baseline 0.005 -13"><span class='ocrx_word' id='word_1_272' title='bbox 132 2062 222 2108; x_wconf 81' lang='lat' dir='ltr'>Apolog.</span> <span class='ocrx_word' id='word_1_273' title='bbox 236 2062 255 2104; x_wconf 78' lang='grc'>4,</span> <span class='ocrx_word' id='word_1_274' title='bbox 271 2062 379 2108; x_wconf 73' lang='lat' dir='ltr'>reu—204).</span> <span class='ocrx_word' id='word_1_275' title='bbox 391 2082 415 2088; x_wconf 86' lang='lat'>—-</span> <span class='ocrx_word' id='word_1_276' title='bbox 427 2063 542 2105; x_wconf 86' lang='lat' dir='ltr'>Quaedam</span> <span class='ocrx_word' id='word_1_277' title='bbox 554 2063 670 2100; x_wconf 85' lang='lat' dir='ltr'>notamus:</span> <span class='ocrx_word' id='word_1_278' title='bbox 682 2059 710 2099; x_wconf 80' lang='lat' dir='ltr'>V.</span> <span class='ocrx_word' id='word_1_279' title='bbox 725 2063 750 2100; x_wconf 82' lang='grc'>28</span> <span class='ocrx_word' id='word_1_280' title='bbox 764 2064 832 2109; x_wconf 76' lang='grc' dir='ltr'><strong><em>κλητοί</em></strong></span> <span class='ocrx_word' id='word_1_281' title='bbox 848 2065 908 2109; x_wconf 87' lang='lat' dir='ltr'>apud</span> <span class='ocrx_word' id='word_1_282' title='bbox 921 2065 979 2100; x_wconf 89' lang='lat' dir='ltr'>Pau-</span> 
     </span>
     <span class='ocr_line' id='line_1_33' title="bbox 130 2113 978 2164; baseline 0.004 -16"><span class='ocrx_word' id='word_1_283' title='bbox 130 2113 179 2148; x_wconf 88' lang='lat' dir='ltr'>lum</span> <span class='ocrx_word' id='word_1_284' title='bbox 190 2122 276 2159; x_wconf 90' lang='lat' dir='ltr'>semper</span> <span class='ocrx_word' id='word_1_285' title='bbox 288 2113 352 2151; x_wconf 89' lang='lat' dir='ltr'>dicit:</span> <span class='ocrx_word' id='word_1_286' title='bbox 368 2114 489 2159; x_wconf 68' lang='lat' dir='ltr'>efficaciter</span> <span class='ocrx_word' id='word_1_287' title='bbox 500 2115 573 2150; x_wconf 86' lang='lat' dir='ltr'>vocati</span> <span class='ocrx_word' id='word_1_288' title='bbox 586 2114 742 2164; x_wconf 78' lang='grc' dir='ltr'>(511111Μ122,</span> <span class='ocrx_word' id='word_1_289' title='bbox 756 2115 796 2161; x_wconf 83' lang='grc'>14);</span> <span class='ocrx_word' id='word_1_290' title='bbox 815 2115 865 2152; x_wconf 76' lang='grc' dir='ltr'><em>κατὰ</em></span> <span class='ocrx_word' id='word_1_291' title='bbox 882 2114 978 2160; x_wconf 72' lang='grc' dir='ltr'>πρόθεσιν</span> 
     </span>
     <span class='ocr_line' id='line_1_34' title="bbox 131 2165 979 2212; baseline 0.001 -12"><span class='ocrx_word' id='word_1_292' title='bbox 131 2174 178 2200; x_wconf 91' lang='lat' dir='ltr'>non</span> <span class='ocrx_word' id='word_1_293' title='bbox 194 2165 310 2209; x_wconf 85' lang='lat' dir='ltr'>restringit</span> <span class='ocrx_word' id='word_1_294' title='bbox 327 2175 446 2201; x_wconf 87' lang='lat' dir='ltr'>numerum</span> <span class='ocrx_word' id='word_1_295' title='bbox 463 2167 598 2211; x_wconf 87' lang='lat' dir='ltr'>vocatorum,</span> <span class='ocrx_word' id='word_1_296' title='bbox 618 2167 656 2203; x_wconf 89' lang='lat' dir='ltr'>sed</span> <span class='ocrx_word' id='word_1_297' title='bbox 673 2166 733 2203; x_wconf 90' lang='lat' dir='ltr'>valet</span> <span class='ocrx_word' id='word_1_298' title='bbox 751 2168 778 2203; x_wconf 87' lang='lat' dir='ltr'>de</span> <span class='ocrx_word' id='word_1_299' title='bbox 796 2167 905 2212; x_wconf 80' lang='lat' dir='ltr'>omnihus,</span> <span class='ocrx_word' id='word_1_300' title='bbox 924 2175 979 2212; x_wconf 82' lang='lat' dir='ltr'>quos</span> 
     </span>
     <span class='ocr_line' id='line_1_35' title="bbox 131 2216 978 2264; baseline 0 -12"><span class='ocrx_word' id='word_1_301' title='bbox 131 2218 190 2252; x_wconf 91' lang='lat' dir='ltr'>Deus</span> <span class='ocrx_word' id='word_1_302' title='bbox 204 2216 320 2253; x_wconf 86' lang='lat' dir='ltr'>efficaciter</span> <span class='ocrx_word' id='word_1_303' title='bbox 333 2218 363 2253; x_wconf 88' lang='lat' dir='ltr'>ad</span> <span class='ocrx_word' id='word_1_304' title='bbox 374 2217 441 2254; x_wconf 88' lang='lat' dir='ltr'>fidem</span> <span class='ocrx_word' id='word_1_305' title='bbox 454 2219 475 2253; x_wconf 89' lang='lat' dir='ltr'>et</span> <span class='ocrx_word' id='word_1_306' title='bbox 488 2218 668 2254; x_wconf 86' lang='lat' dir='ltr'>iustificationem</span> <span class='ocrx_word' id='word_1_307' title='bbox 681 2217 773 2254; x_wconf 86' lang='lat' dir='ltr'>vocavit.</span> <span class='ocrx_word' id='word_1_308' title='bbox 789 2219 847 2254; x_wconf 92' lang='lat' dir='ltr'>Nam</span> <span class='ocrx_word' id='word_1_309' title='bbox 860 2217 978 2264; x_wconf 85' lang='lat' dir='ltr'>Apostolus</span> 
     </span>
     <span class='ocr_line' id='line_1_36' title="bbox 130 2268 974 2314; baseline 0.001 -11"><span class='ocrx_word' id='word_1_310' title='bbox 130 2268 156 2303; x_wconf 90' lang='lat' dir='ltr'>in</span> <span class='ocrx_word' id='word_1_311' title='bbox 166 2268 209 2304; x_wconf 89' lang='lat' dir='ltr'>hac</span> <span class='ocrx_word' id='word_1_312' title='bbox 220 2269 325 2314; x_wconf 90' lang='lat' dir='ltr'>pericopa</span> <span class='ocrx_word' id='word_1_313' title='bbox 337 2278 409 2314; x_wconf 90' lang='lat' dir='ltr'>spem</span> <span class='ocrx_word' id='word_1_314' title='bbox 419 2268 520 2305; x_wconf 89' lang='lat' dir='ltr'>fidelium</span> <span class='ocrx_word' id='word_1_315' title='bbox 529 2270 625 2306; x_wconf 85' lang='lat' dir='ltr'>excitare</span> <span class='ocrx_word' id='word_1_316' title='bbox 637 2269 690 2306; x_wconf 91' lang='lat' dir='ltr'>vult.</span> <span class='ocrx_word' id='word_1_317' title='bbox 705 2270 781 2314; x_wconf 84' lang='lat' dir='ltr'>Inepte</span> <span class='ocrx_word' id='word_1_318' title='bbox 794 2271 869 2306; x_wconf 90' lang='lat' dir='ltr'>autem</span> <span class='ocrx_word' id='word_1_319' title='bbox 882 2270 974 2306; x_wconf 87' lang='lat' dir='ltr'>diceret:</span> 
     </span>
     <span class='ocr_line' id='line_1_37' title="bbox 131 2320 978 2367; baseline 0.002 -13"><span class='ocrx_word' id='word_1_320' title='bbox 131 2320 227 2362; x_wconf 89' lang='lat' dir='ltr'>Omnes</span> <span class='ocrx_word' id='word_1_321' title='bbox 243 2320 327 2356; x_wconf 85' lang='lat' dir='ltr'>debetis</span> <span class='ocrx_word' id='word_1_322' title='bbox 342 2330 440 2366; x_wconf 85' lang='lat' dir='ltr'>sperare,</span> <span class='ocrx_word' id='word_1_323' title='bbox 458 2322 511 2366; x_wconf 84' lang='lat' dir='ltr'>quia</span> <span class='ocrx_word' id='word_1_324' title='bbox 527 2321 654 2357; x_wconf 88' lang='lat' dir='ltr'>nonnulli</span> <span class='ocrx_word' id='word_1_325' title='bbox 670 2331 696 2357; x_wconf 85' lang='lat' dir='ltr'>ex</span> <span class='ocrx_word' id='word_1_326' title='bbox 711 2322 773 2357; x_wconf 87' lang='lat' dir='ltr'>vobis</span> <span class='ocrx_word' id='word_1_327' title='bbox 790 2323 842 2357; x_wconf 85' lang='lat' dir='ltr'>sunt</span> <span class='ocrx_word' id='word_1_328' title='bbox 858 2321 978 2367; x_wconf 85' lang='lat' dir='ltr'>praedesti-</span> 
     </span>
     <span class='ocr_line' id='line_1_38' title="bbox 130 2373 978 2419; baseline -0.001 -11"><span class='ocrx_word' id='word_1_329' title='bbox 130 2373 180 2408; x_wconf 88' lang='lat' dir='ltr'>nati</span> <span class='ocrx_word' id='word_1_330' title='bbox 197 2373 226 2408; x_wconf 86' lang='lat' dir='ltr'>ad</span> <span class='ocrx_word' id='word_1_331' title='bbox 243 2373 343 2418; x_wconf 86' lang='lat' dir='ltr'>gloriam.</span> <span class='ocrx_word' id='word_1_332' title='bbox 363 2374 387 2410; x_wconf 91' lang='lat' dir='ltr'>V.</span> <span class='ocrx_word' id='word_1_333' title='bbox 406 2373 448 2410; x_wconf 86' lang='grc'>295</span> <span class='ocrx_word' id='word_1_334' title='bbox 466 2374 626 2409; x_wconf 85' lang='lat' dir='ltr'>enumerantur</span> <span class='ocrx_word' id='word_1_335' title='bbox 643 2374 761 2417; x_wconf 77' lang='lat' dir='ltr'>quinque</span> <span class='ocrx_word' id='word_1_336' title='bbox 778 2373 978 2419; x_wconf 82' lang='lat' dir='ltr'>Deioperatio-</span> 
     </span>
     <span class='ocr_line' id='line_1_39' title="bbox 131 2423 977 2471; baseline 0.004 -13"><span class='ocrx_word' id='word_1_337' title='bbox 131 2433 177 2463; x_wconf 87' lang='lat' dir='ltr'>nes</span> <span class='ocrx_word' id='word_1_338' title='bbox 188 2424 213 2458; x_wconf 91' lang='lat' dir='ltr'>in</span> <span class='ocrx_word' id='word_1_339' title='bbox 224 2425 323 2459; x_wconf 89' lang='lat' dir='ltr'>iavorem</span> <span class='ocrx_word' id='word_1_340' title='bbox 335 2431 419 2467; x_wconf 85' lang='lat' dir='ltr'>eorum,</span> <span class='ocrx_word' id='word_1_341' title='bbox 432 2426 471 2470; x_wconf 86' lang='lat' dir='ltr'>qui</span> <span class='ocrx_word' id='word_1_342' title='bbox 483 2423 606 2469; x_wconf 82' lang='lat' dir='ltr'>secundum</span> <span class='ocrx_word' id='word_1_343' title='bbox 616 2423 755 2471; x_wconf 86' lang='lat' dir='ltr'>propositum</span> <span class='ocrx_word' id='word_1_344' title='bbox 766 2425 838 2461; x_wconf 83' lang='lat' dir='ltr'>vocati</span> <span class='ocrx_word' id='word_1_345' title='bbox 850 2426 908 2461; x_wconf 87' lang='lat' dir='ltr'>sunt.</span> <span class='ocrx_word' id='word_1_346' title='bbox 924 2426 977 2461; x_wconf 90' lang='lat' dir='ltr'>Tres</span> 
     </span>
     <span class='ocr_line' id='line_1_40' title="bbox 130 2473 978 2521; baseline 0.001 -11"><span class='ocrx_word' id='word_1_347' title='bbox 130 2475 264 2521; x_wconf 84' lang='lat' dir='ltr'>posteriores</span> <span class='ocrx_word' id='word_1_348' title='bbox 278 2485 324 2511; x_wconf 89' lang='lat' dir='ltr'>non</span> <span class='ocrx_word' id='word_1_349' title='bbox 336 2476 451 2512; x_wconf 85' lang='lat' dir='ltr'>iacessunt</span> <span class='ocrx_word' id='word_1_350' title='bbox 465 2476 628 2515; x_wconf 86' lang='lat' dir='ltr'>difficultatem:</span> <span class='ocrx_word' id='word_1_351' title='bbox 645 2473 753 2512; x_wconf 86' lang='lat' dir='ltr'>vocavit</span> <span class='ocrx_word' id='word_1_352' title='bbox 767 2478 796 2512; x_wconf 88' lang='lat' dir='ltr'>ad</span> <span class='ocrx_word' id='word_1_353' title='bbox 809 2476 882 2521; x_wconf 71' lang='lat' dir='ltr'>fidem,</span> <span class='ocrx_word' id='word_1_354' title='bbox 897 2474 978 2513; x_wconf 63' lang='lat' dir='ltr'>iustiss</span> 
     </span>
     <span class='ocr_line' id='line_1_41' title="bbox 132 2523 978 2574; baseline 0.001 -11"><span class='ocrx_word' id='word_1_355' title='bbox 132 2523 230 2563; x_wconf 77' lang='lat' dir='ltr'>i&#39;icavit</span> <span class='ocrx_word' id='word_1_356' title='bbox 244 2536 285 2572; x_wconf 89' lang='lat' dir='ltr'>per</span> <span class='ocrx_word' id='word_1_357' title='bbox 300 2528 397 2571; x_wconf 86' lang='lat' dir='ltr'>gratiam</span> <span class='ocrx_word' id='word_1_358' title='bbox 413 2529 597 2573; x_wconf 67' lang='lat' dir='ltr'>sanctificantenn</span> <span class='ocrx_word' id='word_1_359' title='bbox 614 2528 786 2574; x_wconf 79' lang='lat' dir='ltr'>glorificavit</span> <span class='ocrx_word' id='word_1_360' title='bbox 800 2528 978 2574; x_wconf 89' lang='lat' dir='ltr'>probabilissime</span> 
     </span>
     <span class='ocr_line' id='line_1_42' title="bbox 132 2578 977 2626; baseline 0.001 -13"><span class='ocrx_word' id='word_1_361' title='bbox 132 2578 227 2614; x_wconf 84' lang='lat' dir='ltr'>refertur</span> <span class='ocrx_word' id='word_1_362' title='bbox 242 2578 271 2613; x_wconf 86' lang='lat' dir='ltr'>ad</span> <span class='ocrx_word' id='word_1_363' title='bbox 286 2578 447 2615; x_wconf 87' lang='lat' dir='ltr'>beatitudinem</span> <span class='ocrx_word' id='word_1_364' title='bbox 461 2580 579 2616; x_wconf 87' lang='lat' dir='ltr'>caelestem</span> <span class='ocrx_word' id='word_1_365' title='bbox 594 2579 681 2616; x_wconf 89' lang='lat' dir='ltr'>inclusa</span> <span class='ocrx_word' id='word_1_366' title='bbox 696 2578 856 2623; x_wconf 79' lang='lat' dir='ltr'>glorificatione</span> <span class='ocrx_word' id='word_1_367' title='bbox 871 2580 977 2626; x_wconf 88' lang='lat' dir='ltr'>corporis,</span> 
     </span>
     <span class='ocr_line' id='line_1_43' title="bbox 129 2629 977 2675; baseline 0.005 -11"><span class='ocrx_word' id='word_1_368' title='bbox 129 2639 176 2674; x_wconf 85' lang='lat' dir='ltr'>qua</span> <span class='ocrx_word' id='word_1_369' title='bbox 188 2630 260 2664; x_wconf 89' lang='lat' dir='ltr'>maior</span> <span class='ocrx_word' id='word_1_370' title='bbox 272 2638 322 2665; x_wconf 91' lang='lat' dir='ltr'>cum</span> <span class='ocrx_word' id='word_1_371' title='bbox 336 2629 423 2666; x_wconf 88' lang='lat' dir='ltr'>Christo</span> <span class='ocrx_word' id='word_1_372' title='bbox 437 2630 561 2675; x_wconf 83' lang='lat' dir='ltr'>glorificato</span> <span class='ocrx_word' id='word_1_373' title='bbox 572 2631 716 2667; x_wconf 74' lang='lat' dir='ltr'>conformitas</span> <span class='ocrx_word' id='word_1_374' title='bbox 730 2630 813 2666; x_wconf 88' lang='lat' dir='ltr'>obtinet</span> <span class='ocrx_word' id='word_1_375' title='bbox 814 2640 847 2667; x_wconf 90' lang='lat' dir='ltr'>ur.</span> <span class='ocrx_word' id='word_1_376' title='bbox 863 2632 923 2668; x_wconf 90' lang='lat' dir='ltr'>Licet</span> <span class='ocrx_word' id='word_1_377' title='bbox 936 2631 977 2668; x_wconf 93' lang='lat' dir='ltr'>hoc</span> 
     </span>
     <span class='ocr_line' id='line_1_44' title="bbox 129 2682 1016 2769; baseline 0.001 -52"><span class='ocrx_word' id='word_1_378' title='bbox 129 2684 270 2769; x_wconf 83' lang='lat' dir='ltr'>temporeu</span> <span class='ocrx_word' id='word_1_379' title='bbox 246 2683 270 2717; x_wconf 87' lang='lat' dir='ltr'>iu</span> <span class='ocrx_word' id='word_1_380' title='bbox 271 2682 321 2717; x_wconf 87' lang='lat' dir='ltr'>turo</span> <span class='ocrx_word' id='word_1_381' title='bbox 338 2683 469 2718; x_wconf 86' lang='lat' dir='ltr'>eventurum</span> <span class='ocrx_word' id='word_1_382' title='bbox 480 2683 521 2726; x_wconf 84' lang='lat' dir='ltr'>sit,</span> <span class='ocrx_word' id='word_1_383' title='bbox 539 2683 647 2732; x_wconf 89' lang='lat' dir='ltr'>retinetur</span> <span class='ocrx_word' id='word_1_384' title='bbox 669 2683 746 2718; x_wconf 86' lang='lat' dir='ltr'>tamen</span> <span class='ocrx_word' id='word_1_385' title='bbox 768 2683 864 2720; x_wconf 62' lang='lat' dir='ltr'>aot-istas</span> <span class='ocrx_word' id='word_1_386' title='bbox 887 2684 977 2730; x_wconf 87' lang='lat' dir='ltr'>propter</span> <span class='ocrx_word' id='word_1_387' title='bbox 1014 2696 1016 2700; x_wconf 71' lang='lat'>,</span> 
     </span>
     <span class='ocr_line' id='line_1_45' title="bbox 130 2733 979 2781; baseline 0 -11"><span class='ocrx_word' id='word_1_388' title='bbox 130 2735 186 2771; x_wconf 85' lang='lat' dir='ltr'>certi</span> <span class='ocrx_word' id='word_1_389' title='bbox 179 2734 288 2770; x_wconf 85' lang='lat' dir='ltr'>itudinein</span> <span class='ocrx_word' id='word_1_390' title='bbox 304 2733 479 2779; x_wconf 85' lang='lat' dir='ltr'>exspectationis.</span> <span class='ocrx_word' id='word_1_391' title='bbox 498 2736 572 2780; x_wconf 87' lang='lat' dir='ltr'>Magis</span> <span class='ocrx_word' id='word_1_392' title='bbox 588 2735 699 2781; x_wconf 88' lang='lat' dir='ltr'>disputari</span> <span class='ocrx_word' id='word_1_393' title='bbox 714 2735 786 2780; x_wconf 89' lang='lat' dir='ltr'>potest</span> <span class='ocrx_word' id='word_1_394' title='bbox 801 2736 828 2772; x_wconf 91' lang='lat' dir='ltr'>de</span> <span class='ocrx_word' id='word_1_395' title='bbox 843 2744 911 2772; x_wconf 88' lang='lat' dir='ltr'>sensu</span> <span class='ocrx_word' id='word_1_396' title='bbox 927 2736 979 2772; x_wconf 91' lang='lat' dir='ltr'>duo-</span> 
     </span>
     <span class='ocr_line' id='line_1_46' title="bbox 129 2786 979 2832; baseline 0 -11"><span class='ocrx_word' id='word_1_397' title='bbox 129 2795 182 2821; x_wconf 89' lang='lat' dir='ltr'>rum</span> <span class='ocrx_word' id='word_1_398' title='bbox 199 2787 300 2832; x_wconf 87' lang='lat' dir='ltr'>priorum</span> <span class='ocrx_word' id='word_1_399' title='bbox 315 2786 467 2820; x_wconf 88' lang='lat' dir='ltr'>terminorum.</span> <span class='ocrx_word' id='word_1_400' title='bbox 501 2786 598 2832; x_wconf 73' lang='grc' dir='ltr'><em>Προέγνω</em></span> <span class='ocrx_word' id='word_1_401' title='bbox 629 2796 679 2823; x_wconf 90' lang='lat' dir='ltr'>cum</span> <span class='ocrx_word' id='word_1_402' title='bbox 702 2787 807 2823; x_wconf 84' lang='lat' dir='ltr'>Patribus</span> <span class='ocrx_word' id='word_1_403' title='bbox 832 2789 918 2832; x_wconf 83' lang='lat' dir='ltr'>graecis</span> <span class='ocrx_word' id='word_1_404' title='bbox 943 2788 979 2823; x_wconf 88' lang='lat' dir='ltr'>sat</span> 
     </span>
     <span class='ocr_line' id='line_1_47' title="bbox 132 2837 978 2886; baseline 0 -13"><span class='ocrx_word' id='word_1_405' title='bbox 132 2838 209 2874; x_wconf 87' lang='lat' dir='ltr'>multis</span> <span class='ocrx_word' id='word_1_406' title='bbox 222 2839 244 2875; x_wconf 89' lang='lat' dir='ltr'>S.</span> <span class='ocrx_word' id='word_1_407' title='bbox 260 2837 426 2882; x_wconf 77' lang='lat' dir='ltr'>Ambrosius,</span> <span class='ocrx_word' id='word_1_408' title='bbox 441 2838 472 2874; x_wconf 89' lang='lat' dir='ltr'>De</span> <span class='ocrx_word' id='word_1_409' title='bbox 486 2838 529 2883; x_wconf 77' lang='lat' dir='ltr'>fide</span> <span class='ocrx_word' id='word_1_410' title='bbox 543 2839 573 2874; x_wconf 86' lang='lat' dir='ltr'>ad</span> <span class='ocrx_word' id='word_1_411' title='bbox 587 2839 720 2875; x_wconf 80' lang='lat' dir='ltr'>Gratianum</span> <span class='ocrx_word' id='word_1_412' title='bbox 732 2840 750 2883; x_wconf 85' lang='lat'>5,</span> <span class='ocrx_word' id='word_1_413' title='bbox 764 2839 782 2883; x_wconf 83' lang='grc'>6,</span> <span class='ocrx_word' id='word_1_414' title='bbox 797 2839 820 2876; x_wconf 83' lang='grc'>83</span> <span class='ocrx_word' id='word_1_415' title='bbox 833 2841 862 2886; x_wconf 72' lang='lat' dir='ltr'>(R</span> <span class='ocrx_word' id='word_1_416' title='bbox 876 2839 931 2886; x_wconf 76' lang='lat'>1272)</span> <span class='ocrx_word' id='word_1_417' title='bbox 947 2840 978 2874; x_wconf 93' lang='lat' dir='ltr'>sic</span> 
     </span>
     <span class='ocr_line' id='line_1_48' title="bbox 131 2888 979 2937; baseline 0 -12"><span class='ocrx_word' id='word_1_418' title='bbox 131 2889 238 2935; x_wconf 81' lang='lat' dir='ltr'>explicat:</span> <span class='ocrx_word' id='word_1_419' title='bbox 261 2890 329 2925; x_wconf 84' lang='lat' dir='ltr'>«Non</span> <span class='ocrx_word' id='word_1_420' title='bbox 347 2889 406 2925; x_wconf 88' lang='lat' dir='ltr'>enim</span> <span class='ocrx_word' id='word_1_421' title='bbox 424 2889 491 2925; x_wconf 83' lang='lat' dir='ltr'>antea</span> <span class='ocrx_word' id='word_1_422' title='bbox 506 2888 689 2935; x_wconf 70' lang='lat' dir='ltr'>praedestinavit,</span> <span class='ocrx_word' id='word_1_423' title='bbox 709 2901 776 2936; x_wconf 85' lang='lat' dir='ltr'>quam</span> <span class='ocrx_word' id='word_1_424' title='bbox 795 2891 923 2937; x_wconf 72' lang='lat' dir='ltr'>praesciret,¹</span> <span class='ocrx_word' id='word_1_425' title='bbox 939 2890 979 2926; x_wconf 88' lang='lat' dir='ltr'>sed</span> 
     </span>
     <span class='ocr_line' id='line_1_49' title="bbox 131 2941 977 2989; baseline -0.005 -12"><span class='ocrx_word' id='word_1_426' title='bbox 131 2951 227 2987; x_wconf 88' lang='lat' dir='ltr'>quorum</span> <span class='ocrx_word' id='word_1_427' title='bbox 245 2942 350 2978; x_wconf 61' lang='lat' dir='ltr'>‘merita</span> <span class='ocrx_word' id='word_1_428' title='bbox 373 2941 534 2987; x_wconf 88' lang='lat' dir='ltr'>praescivit,</span> <span class='ocrx_word' id='word_1_429' title='bbox 561 2951 637 2979; x_wconf 90' lang='lat' dir='ltr'>eorum</span> <span class='ocrx_word' id='word_1_430' title='bbox 655 2944 757 2988; x_wconf 86' lang='lat' dir='ltr'>praemia</span> <span class='ocrx_word' id='word_1_431' title='bbox 775 2941 977 2989; x_wconf 69' lang='lat' dir='ltr'>praedestinavit„</span> 
     </span>
    </p>
   </div>
   <div class='ocr_carea' id='block_1_10' title="bbox 0 0 1112 3350">
    <p class='ocr_par' dir='ltr' id='par_1_10' title="bbox 0 0 1112 3350">
     <span class='ocr_line' id='line_1_50' title="bbox 0 0 1112 3350; baseline 0 1"><span class='ocrx_word' id='word_1_432' title='bbox 0 0 1112 3350; x_wconf 95' lang='lat' dir='ltr'> </span> 
     </span>
    </p>
   </div>
  </div>
 </body>
</html>
