2214 3350
248 149 324 185 Thesis
338 143 362 185 8,
370 149 488 196 Dispositio
502 149 599 194 positiva
613 149 634 185 et
647 151 753 193 negativa
889 150 925 187 157

74 263 132 304 235,
168 262 253 304 Patres
266 264 329 305 ante
341 263 534 314 Augustinum
546 264 651 304 maxime
664 264 811 313 voluntatem
822 266 866 306 Dei
878 266 924 305 sul-

77 325 175 376 oificam
198 327 338 368 extollunt1.
365 328 502 368 Secundum
527 326 622 366 eosdem
641 337 690 366 non
708 327 805 367 omnino
824 329 923 378 perinde

76 390 118 438 est,
132 389 214 430 utrum
227 391 297 431 bomo
309 391 363 432 ante
377 389 451 430 iidem
465 390 562 430 honeste
574 390 640 430 vivat
653 401 683 430 an
697 390 722 429 in
735 390 837 440 peccatis
849 392 923 432 obdu-

77 454 159 495 rescat.
184 454 230 495 Sed
252 455 374 496 initurum
394 467 456 506 parc
476 455 616 506 negativam
637 467 652 495 a
672 454 775 505 positivo
796 466 845 495 non
866 456 923 497 satis

75 519 202 570 segregant
222 520 261 570 (ci.
283 531 305 560 n.
326 523 353 561 98
373 519 514 571 Apolcpetus
533 520 558 561 et
576 519 719 570 &reportem
737 520 815 571 aaa).
835 520 925 560 Dicunt

74 583 150 624 solem
163 583 266 624 iustitiae
279 585 392 625 omnibus
403 583 482 625 ortum
495 595 553 632 esse,
568 584 692 626 bominem
705 595 762 626 uero
774 596 841 635 posse
855 596 924 636 gene-

75 648 122 688 rali
139 647 258 689 beneficio
274 660 298 690 se
315 649 396 700 ipsum
413 649 533 697 fraudare,
554 649 580 690 ut
597 650 618 689 si
635 650 692 699 quis
708 648 796 690 clausis
813 650 924 706 fenestris

77 713 157 753 radios
174 713 230 773 solis
247 713 357 754 excludat
377 713 533 765 (Ambrosiam,
552 713 581 753 ln
597 714 628 754 Pa
642 716 688 754 448
705 716 726 762 8,
745 716 772 754 57
791 715 821 772 [R
840 715 922 773 1313]).

76 777 248 818 praeformatio
262 779 380 829 quaedam
394 778 506 829 principii
522 778 624 819 habetur
637 778 702 830 apud
717 778 860 819 Isidorum
874 779 923 819 Pe-

76 839 223 889 lusiotam,
241 841 315 892 Epist.
334 845 355 890 5,
374 843 416 882 459
435 841 491 892 (Mn
509 843 544 890 78,
564 842 641 892 1594lz
655 848 689 894 τῷ
695 843 743 896 γὰρ
751 844 826 883 πάντα
835 843 923 896 rctaup'

73 905 161 944 ἑαυτοῦ
173 903 299 959 utppoovn
308 906 414 957 εὐμενῶς
424 906 530 945 ἐπινεύει.
546 927 577 933 -
592 905 727 945 Alexander
743 905 797 946 Hal.
817 906 838 956 (3
855 918 877 957 q.
896 907 922 946 61

76 977 109 1006 m.
127 968 138 1006 1
155 966 294 1018 10121911)
318 967 442 1018 tamquam
465 966 495 1007 ab
518 966 640 1017 Origene
656 968 747 1009 dictum
765 969 847 1009 aitert:
877 968 924 1009 «Si

74 1029 240 1079 obtulerimus,
268 1042 329 1081 quae
355 1043 385 1072 ex
411 1030 480 1071 nobis
506 1031 569 1080 sunt,
597 1043 772 1083 consequemur
798 1045 832 1082 ea,
860 1044 923 1084 quae

61 1094 119 1135 'Dei
134 1094 196 1135 sunt.
205 1112 216 1132 n

91 1202 93 1208 v
145 1172 169 1226 '‘S.
189 1183 337 1237 Augustinus
357 1184 424 1225 initio
443 1184 550 1235 aliquam
568 1184 723 1235 positivam
742 1184 922 1236 dispositionem

74 1249 145 1290 liberi
164 1248 258 1290 arbitrii
278 1250 378 1290 asseruit
399 1249 432 1301 (n.
453 1250 513 1301 204);
533 1250 574 1290 sed
594 1248 652 1290 inde
671 1261 686 1290 a
705 1249 799 1297 Quaeri.
821 1249 869 1290 dio,
891 1251 922 1290 ud

73 1313 161 1365 Simpl.
181 1326 210 1355 ne
228 1313 390 1365 negativam
407 1314 506 1365 quidem
524 1314 620 1356 videtur
636 1325 771 1365 agnoscere3
790 1314 848 1355 ibid.
869 1316 889 1363 1,
909 1318 923 1355 2

73 1391 99 1419 n.
117 1382 155 1420 22:
176 1380 240 1419 Deus
256 1390 304 1420 non
320 1379 387 1430 eligit
405 1390 479 1430 «prae
496 1379 642 1430 quibusdam
658 1378 822 1429 peccatoribus
839 1379 921 1420 castio-

74 1455 113 1484 res
120 1457 140 1492 »ς
160 1444 260 1494 quidam
281 1461 290 1480 (ι
299 1444 325 1483 in
343 1443 462 1494 coniugali
482 1443 588 1484 castitate
606 1443 713 1484 viventes
734 1444 785 1485 sine
806 1443 920 1494 querela»

74 1509 173 1549 manent
187 1508 298 1549 baeretici
313 1508 351 1550 vel
365 1508 452 1559 pagani
466 1508 505 1549 vel
520 1508 545 1548 in
559 1520 615 1549 vera
629 1509 734 1549 Ecclesia
749 1508 782 1550 sic
797 1508 878 1559 tepidi,
895 1509 922 1550 ut

72 1584 90 1614 a
104 1573 269 1614 meretricibus
283 1573 307 1614 et
322 1573 480 1614 histrionibus
495 1572 575 1615 subito
589 1574 709 1615 conversis
724 1574 838 1615 omnibus
853 1585 922 1625 supe-

75 1638 159 1678 rentur
172 1636 309 1679 virtutibus.
325 1662 356 1669 —-
369 1638 404 1677 De
418 1649 482 1689 pecc.
499 1648 559 1678 mer.
576 1644 672 1678 errem.
689 1640 709 1687 1,
725 1641 761 1687 22,
778 1641 803 1679 31
822 1639 854 1690 (n.
872 1641 921 1686 101;

71 1703 105 1743 ci.
123 1704 141 1743 P
158 1703 221 1753 136):
241 1703 269 1742 In
285 1696 326 1743 1110
343 1702 451 1753 exemplo
467 1703 547 1751 homo,
572 1703 613 1753 qui
639 1719 649 1738 ιι
656 1703 686 1743 ab
704 1702 801 1744 ineunte
818 1702 921 1753 pueritia

75 1767 210 1815 modestior,
231 1766 382 1818 ingeniosior,
402 1766 579 1817 temperantior,
599 1779 629 1808 ex
648 1778 736 1818 magna
755 1767 822 1818 parte
840 1766 921 1809 libidi-

72 1843 134 1872 num
145 1832 238 1873 victor»
251 1832 294 1872 etc.
308 1831 374 1880 vivit,
388 1842 435 1872 non
447 1831 533 1883 accipit
544 1831 646 1882 gratiam
659 1831 726 1880 ildeb
738 1844 752 1872 e
764 1831 846 1873 contra
858 1831 922 1873 alius

77 1897 179 1939 «tardus
198 1897 300 1949 ingenio,
323 1896 465 1937 libidinibus
485 1896 586 1944 deditus,
610 1895 710 1947 flagitiis
729 1896 753 1938 et
774 1896 921 1937 iecinoribus

72 1962 198 2013 coopertus
206 1975 216 1995 n
229 1961 352 2010 adsidam,
364 1960 566 2009 testificationem,
577 1959 752 2002 beatitudinem
763 1961 878 2012 pervenit.
890 1985 922 1991 -

74 2027 185 2067 Libenter
206 2026 370 2067 omnimodam
391 2025 480 2082 gratiae
502 2024 655 2075 gratuitatem
677 2025 807 2075 exemplo
829 2026 921 2066 inian-

74 2091 145 2132 tium
166 2090 276 2139 illustra-t,
298 2091 340 2142 qui
360 2090 447 2142 partim
466 2089 587 2140 baptismo
608 2089 739 2139 salvantur,
761 2090 848 2142 partim
870 2091 920 2132 sine

72 2156 195 2208 baptismo
209 2156 362 2196 damnantur.
380 2155 408 2195 In
423 2154 460 2195 bis
476 2152 548 2195 omne
565 2154 702 2204 discrimen,
719 2155 792 2197 etiam
808 2167 838 2197 ex
853 2156 922 2207 parte

71 2220 237 2272 dispositionis
248 2220 377 2271 negativae,
391 2219 462 2260 deest.
474 2245 507 2250 —-
519 2219 565 2260 Sed
578 2220 602 2260 S.
611 2219 761 2271 Augustinus
773 2221 851 2262 senior
863 2221 921 2261 haec

73 2284 198 2327 sentiendo
215 2285 302 2326 seriam
319 2284 466 2324 voluntatem
483 2283 619 2334 salvificum
635 2285 797 2325 universalem
814 2296 862 2326 non
880 2296 921 2337 po-

74 2350 121 2390 tuit
131 2350 247 2391 sustinere
261 2349 300 2401 (01.
313 2348 347 2390 th.
360 2351 423 2389 2511.
435 2348 566 2398 cao-682).
579 2375 611 2380 -
623 2349 712 2390 Auctor
723 2348 779 2390 libri
791 2349 829 2391 De
840 2361 921 2391 voca-

72 2414 151 2454 tione
166 2414 294 2465 gentium
308 2413 331 2453 et
345 2411 454 2452 nonnulii
469 2412 512 2453 alii
528 2413 669 2464 discipuli
685 2415 709 2455 S.
726 2413 853 2464 Augustini
870 2425 921 2455 sen-

74 2479 175 2519 tentiam
203 2478 310 2519 eiusdem
340 2477 457 2528 intricant,
488 2477 754 2518 Praedestinatiani
782 2490 839 2519 vero
868 2489 921 2520 eam

72 2555 149 2594 usque
160 2543 191 2584 ad
202 2543 309 2594 apertam
319 2540 436 2582 baeresim
447 2542 599 2593 exaggerant.
611 2568 643 2574 -
654 2542 753 2583 Saeculo
764 2544 794 2584 IX
806 2543 829 2584 et
838 2544 921 2585 adver-

75 2607 131 2649 sarii
149 2607 315 2649 Godescalci
331 2607 452 2647 eteorum
469 2606 771 2658 impugnatoresmediam
787 2608 852 2649 viam
870 2620 921 2650 suc-

73 2683 141 2713 cessu
155 2684 203 2713 non
217 2673 274 2713 satis
287 2670 350 2712 felici
364 2672 483 2722 quaerunt
498 2673 529 2724 (v.
545 2683 610 2713 conc.
626 2672 786 2713 Curisiuceasc
799 2674 823 2714 et
838 2673 921 2714 Veien-

73 2737 153 2777 tinum
170 2738 212 2796 [Dc
228 2740 269 2777 316
276 2747 299 2777 ss
313 2735 412 2794 320ss]).

73 2935 96 2969 et
112 2936 126 2970 C
141 2892 148 2913 ¹
164 2892 190 2946 V
204 2891 234 2929 th.
248 2890 271 2927 25
283 2899 304 2926 n.
317 2889 354 2925 679
365 2888 386 2924 et
397 2898 466 2934 opera
477 2887 645 2933 ibid.⁵laudata,
658 2890 790 2936 praesertim
802 2890 922 2935 Patientia

128 2945 218 2980 aperan.
