2214 3350
133 136 173 172 ,310
227 171 233 176 ,
258 134 311 173 Sect.
325 136 363 171 ΙΙΙ.
378 135 423 177 Art.
438 135 465 171 ΙΙ.
479 136 510 170 De
522 135 586 170 donis
598 135 623 170 in
634 131 793 177 iustificatione,
803 132 861 169 datis

136 255 195 283 num
211 253 377 294 prorumpens.
395 269 426 274 -
442 242 580 293 inteltepere
596 241 694 292 quidem
711 252 758 281 non
775 242 980 292 possumuspas'a

136 307 189 355 tice,
203 306 308 356 possitne
320 306 428 347 creatura
440 305 569 353 rationalis,
584 303 795 356 supernaturaliter
807 303 904 359 elevata,
918 304 979 351 hanc

135 369 321 419 intellectualem
337 369 498 418 moralemque
515 367 610 408 divinae
624 367 725 407 ‘naturae
741 365 910 417 perfectionem
925 378 980 407 vere

135 432 159 472 et
172 432 306 475 formaliter
319 432 461 483 participare
477 432 507 482 (v.
522 442 546 471 n.
561 431 621 481 287);
637 429 685 478 secl,
700 429 783 480 positis
796 429 979 470 limitationibus

135 495 166 535 ad
180 495 362 536 excludendum⁴
371 495 470 535 modum
484 493 578 534 divinae
593 492 721 533 infinitatis
735 492 880 541 necessariis,
896 492 979 533 saltem

135 569 185 597 non
199 559 308 598 uidemus
323 557 513 608 repapnantiam.
529 583 560 587 —
574 556 694 597 Revelatio
709 567 752 596 nos
767 556 834 596 docet
848 556 924 606 sinam
939 567 979 603 no-

136 620 213 661 strum
232 620 435 671 supernaturalem
455 618 679 659 reveraconsistere
699 619 725 658 in
742 618 783 658 tali
802 617 864 659 vitae
884 618 978 659 divinae

135 683 323 734 participatione.
348 683 437 723 Eadem
460 681 570 722 revelatio
594 682 657 722 dona
678 683 773 732 pratiae
791 691 860 729 saepe
884 681 979 721 exhibet

136 746 259 797 tamquam
278 756 357 786 semen
375 745 464 796 gloriae
484 744 532 785 sive
551 744 677 795 farinulam
703 744 778 795 ipsius
802 745 979 784 inchoationem

135 811 170 861 (n.
187 811 247 861 270).
265 810 324 850 Hinc
341 810 401 850 illud
417 811 514 856 donum,
538 821 585 859 quo
607 808 708 850 essentia
730 809 823 850 animae
847 808 979 849 formaliter

135 875 242 916 elevatur
256 875 286 915 ad
301 874 445 915 consortium
461 874 554 914 divinae
571 874 669 914 naturae
685 884 726 914 seu
741 885 787 924 quo
803 873 885 913 anima
900 873 978 924 imago

135 938 323 990 supernaturalis
340 939 382 979 Dei
398 937 504 986 efficitur,
522 938 611 989 optime
628 950 654 979 eo
671 937 809 988 explicatur,
828 938 855 978 ut
871 938 977 979 animam

135 1003 268 1044 formaliter
285 1003 376 1043 elevare
395 1002 488 1044 dicatur
504 1004 535 1043 ad
553 1014 606 1043 earn
625 1001 793 1054 perfectionem
812 1008 911 1042 naturae
930 1003 978 1043 Deo

134 1069 265 1119 propriam,
282 1079 342 1118 quae
357 1068 392 1108 est
407 1068 591 1108 fundamentum
607 1066 758 1118 perfectionis
774 1066 940 1107 intellectualis
956 1068 979 1108 et

133 1133 232 1173 moralis
242 1134 290 1174 Deo
302 1133 420 1182 propriae.
432 1158 464 1163 -
475 1132 593 1181 Quoniam
605 1132 663 1172 finis
675 1131 744 1172 valde
756 1131 912 1173 essentialiter
924 1143 977 1172 con-

134 1197 196 1238 sistit
212 1198 237 1238 in
254 1197 344 1238 visione
359 1197 402 1238 Dei
419 1197 442 1238 et
457 1196 556 1247 reliqua,
574 1208 635 1247 quae
652 1197 683 1236 ad
699 1196 845 1237 voluntatem
863 1196 974 1246 spectant,

134 1262 189 1302 inde
205 1261 390 1302 connaturaliter
404 1260 492 1308 fluunt,
508 1272 556 1300 non
571 1259 654 1311 placet,
671 1261 735 1311 quod
748 1261 850 1312 Ripalda
865 1262 909 1301 hoc
923 1273 976 1302 con-

92 1365 94 1367 ,
135 1326 236 1367 sortium
253 1326 322 1366 unice
339 1325 406 1376 ponit
423 1326 448 1365 in
466 1325 551 1365 natura
568 1325 595 1365 ut
613 1324 711 1365 radicali
730 1324 847 1375 principio
868 1326 978 1365 bonitatis

132 1388 239 1429 nieralis.
259 1390 307 1429 Hoc
326 1388 470 1428 elementum
489 1387 570 1438 utique
589 1388 727 1428 addendum
746 1387 786 1428 est.

132 1525 186 1566 417.
218 1526 298 1561 *Gratia
314 1524 456 1560 sanctificans
472 1523 584 1559 hominem
600 1524 690 1570 physice
708 1524 729 1560 et
744 1523 889 1559 habitualiter
905 1524 975 1560 elevat

132 1579 165 1614 ad
190 1573 311 1614 ordinem
336 1575 452 1613 visionis
477 1578 625 1613 intuitivae
650 1578 690 1612 Dei
716 1587 766 1612 cum
791 1577 975 1622 correspondente

131 1641 206 1667 amore
231 1632 252 1667 et
275 1632 362 1676 gaudio.
385 1631 436 1667 Non
454 1629 564 1666 actualem
581 1630 692 1667 visionem
714 1632 734 1665 et
758 1631 905 1676 proximam
930 1631 980 1666 eius

130 1683 281 1732 pot-entiam
305 1682 389 1728 (lumen
405 1682 497 1729 gloriae)
522 1683 612 1718 confert.
639 1682 761 1718 «Nondum
785 1683 896 1728 apparuit,
922 1684 975 1727 quid

132 1733 234 1772 erimus»
249 1737 267 1782 (1
280 1737 303 1771 Ic
315 1736 333 1778 3,
346 1737 372 1782 2).
385 1737 465 1772 Gratia
476 1737 508 1771 est
519 1736 654 1781 principium
666 1735 790 1771 ultimum
802 1746 842 1772 seu
854 1736 975 1773 radicale

131 1790 190 1825 vitae
203 1790 286 1825 beatae.
301 1790 351 1825 Non
362 1799 401 1835 per
414 1789 504 1825 modum
516 1789 579 1824 actus
591 1790 683 1825 secundi
696 1799 735 1825 nec
747 1799 786 1835 per
798 1790 889 1825 modum
901 1792 976 1835 poten-

132 1843 177 1878 tiae
190 1844 309 1888 proximae,
325 1843 415 1892 sedper
429 1842 519 1878 modam
531 1844 626 1878 naturae
640 1843 728 1878 tantam
741 1844 779 1879 dat
792 1843 881 1879 animae
895 1844 976 1888 periec-

132 1897 221 1932 tionem.
233 1897 267 1931 Ex
277 1896 359 1931 natura
370 1906 410 1941 per
421 1906 443 1932 se
455 1897 566 1941 potentiae
578 1896 691 1941 proximae
704 1897 725 1932 et
737 1897 838 1932 activitar
851 1905 977 1942 correspon-

133 1948 187 1983 dens
200 1948 277 1993 sponte
288 1947 366 1983 linunt.
383 1949 425 1984 Sed
437 1947 526 1983 interim
538 1948 638 1982 nondum
650 1948 732 1992 omnia,
746 1957 802 1992 quae
815 1948 921 1983 naturam
933 1949 988 1998 dei-⁶

131 2001 225 2036 licatam
239 2001 411 2044 consequuntur,
428 2000 480 2036 actu
495 2001 544 2035 dari
558 2001 657 2046 possunt.
675 2002 747 2036 Donec
762 2003 833 2037 statas
849 2002 898 2037 eine
913 2001 975 2037 finia-

129 2055 175 2102 tur,
190 2054 276 2089 homini
290 2054 451 2089 ambulandum
465 2054 498 2088 est
511 2063 550 2098 per
562 2054 629 2098 fidem
643 2055 664 2089 et
677 2063 723 2089 non
736 2063 775 2099 per
789 2055 885 2100 speciem
900 2056 920 2101 (2
934 2056 975 2091 Cor

132 2108 150 2150 5,
167 2107 194 2152 7).
213 2107 256 2143 Sed
270 2106 308 2142 ubi
324 2107 421 2152 primum
436 2107 487 2142 finis
503 2107 570 2142 buius
587 2108 658 2143 status
674 2107 758 2142 venerit
777 2107 806 2152 (et
821 2109 875 2144 obex
891 2118 974 2153 poenae

127 2160 267 2205 temporalis,
287 2160 306 2195 si
325 2160 390 2204 adsit,
409 2160 506 2196 remotus
524 2161 608 2207 inerit),
629 2159 706 2196 statim
723 2160 851 2206 implebitur
869 2161 914 2198 ista
932 2163 974 2198 exi-

131 2213 338 2258 gentia‘naturalis,
355 2215 375 2250 et
390 2214 473 2250 lumine
488 2214 572 2258 gloriae
587 2215 661 2249 intuso
677 2215 739 2250 actus
753 2214 845 2250 visionis
860 2215 973 2251 beatificae

128 2267 254 2309 habebitur.
276 2267 353 2303 Gratia
372 2268 442 2312 igitur
462 2268 499 2302 dat
519 2268 667 2312 aptitudinem
687 2268 708 2303 et
729 2269 862 2313 eniaentiam
881 2269 973 2305 visionis

131 2320 253 2355 radicalem
266 2320 331 2365 atque
345 2323 458 2364 remotam,
473 2322 486 2356 i.
502 2331 518 2356 e.
534 2321 627 2366 physica
641 2321 723 2357 entitas
735 2323 821 2366 gratiae
836 2331 880 2366 qua
892 2323 975 2359 natura

132 2374 337 2419 superioreontert
355 2374 493 2409 substantiae
514 2375 602 2423 animae
623 2383 672 2410 eam
691 2375 808 2420 physicam
827 2376 848 2410 et
868 2376 975 2412 moralem

130 2428 294 2472 perfectionem,
308 2428 344 2462 cui
358 2428 533 2463 corrnataraliter
546 2428 679 2473 respondeat
692 2429 748 2463 visio
761 2428 869 2472 beatifica,
885 2430 974 2474 physice

131 2480 215 2516 lumine
234 2480 318 2525 gloriae
337 2480 456 2517 efficienda.
476 2481 509 2516 Ea
527 2481 602 2516 autem
620 2482 726 2526 perfectio
745 2484 845 2525 natmae,
866 2484 901 2517 cui
920 2484 974 2519 tarn-

132 2543 200 2578 quam
218 2533 323 2579 perfectio
342 2534 466 2569 intellectas
484 2531 640 2579 correspondet
658 2534 714 2569 visio
733 2536 772 2570 Dei
791 2532 902 2579 intuitiva,
924 2536 975 2572 soli

129 2588 244 2622 naturae
265 2587 373 2623 divinae
394 2587 528 2623 naturaliter
547 2588 656 2633 competit.
678 2588 793 2630 creatura,
815 2597 855 2633 per
875 2590 972 2633 gratiam

130 2641 188 2675 hanc
206 2640 363 2685 perfectionem
382 2641 549 2677 accidentaliter
566 2641 711 2686 participans,
732 2651 756 2677 eo
775 2642 823 2687 ipso
842 2641 933 2686 physice
953 2645 973 2678 et

131 2694 256 2741 formaliter
271 2694 348 2730 effecta
369 2696 401 2743 est
423 2695 645 2740 supernaturalis
666 2696 754 2739 imago
775 2697 870 2730 naturae
887 2697 974 2732 divinae

132 2748 205 2792 quoad
216 2748 311 2792 gradum
322 2748 527 2791 intellectualitatis,
542 2749 562 2784 et
574 2750 599 2784 in
610 2749 652 2785 hac
664 2749 750 2784 ratione
762 2749 868 2793 imaginis
881 2750 974 2786 dicimus

131 2801 252 2836 consistere
268 2800 324 2836 illud
341 2802 476 2837 consortium
493 2802 586 2838 formale
603 2802 697 2838 naturae
715 2802 810 2845 divinae,
828 2803 886 2845 quod
903 2804 974 2839 tontes

131 2855 220 2889 animae
239 2854 311 2889 iustae
330 2855 460 2891 attribuunt.
482 2855 515 2890 Ad
533 2856 746 2890 consummationem
765 2856 897 2900 perducetur
916 2850 974 2893 idem

132 2908 269 2955 consortium
282 2907 382 2953 lumi-ne
397 2909 501 2953 gloriae
516 2909 540 2951 et
555 2908 659 2944 actuali
674 2909 720 2944 Dei
735 2910 848 2945 visione.
865 2929 888 2935 -
903 2910 974 2946 Simili
