2214 3350
286 225 363 261 Thesis
380 225 396 262 9.
414 226 477 260 Dona
494 221 624 267 simpliciter
641 218 822 265 supernaturalia
943 214 978 250 195

131 333 232 385 requirit
254 333 367 374 virtutem
383 333 407 374 et
422 331 515 372 motum
539 340 612 380 supra
636 327 747 368 naturam
771 338 800 366 ex
822 325 922 376 gratial.
946 347 978 353 —-

131 397 279 449 Magister,
296 396 362 437 Seni.
379 397 395 436 l.
411 399 425 437 2
440 395 463 435 d.
481 396 501 442 3,
519 393 621 444 gratiam
637 391 660 432 et
674 389 775 431 virtutes
791 389 930 439 angelorum
945 387 976 428 ab

131 471 213 501 eorum
228 459 313 500 natura
330 457 462 510 distinguit
480 457 503 497 d.
520 458 559 497 24:
579 456 626 496 Per
641 453 742 505 gratiam
759 450 885 493 creationis
899 451 977 491 Adam

130 522 222 575 poterat
236 521 305 571 stare,
321 522 424 563 sednon
439 519 490 561 sine
505 518 553 560 alia
566 517 645 570 gratia
658 516 745 557 mereri
760 514 870 562 salutem,
886 513 978 565 poterat

130 587 190 627 bene
206 585 287 626 vivere
303 585 408 636 quodam
425 584 504 631 modo,
524 582 564 623 sed
582 592 632 622 non
650 578 806 631 spiritualiter
822 577 910 625 vivere,
929 587 978 628 quo

129 649 204 689 vitam
217 648 348 689 mereretur
360 647 490 694 aeternam
502 646 533 686 ct.
548 646 571 685 d.
585 647 613 685 26
625 646 660 684 29.
674 669 706 674 -
717 640 852 683 Alexander
866 638 976 680 liniensis

130 705 212 753 multa
222 712 253 752 de
269 712 313 752 hac
329 710 430 751 materia
444 708 524 757 habet
540 721 562 749 u.
581 719 603 758 g.
621 706 646 747 S.
664 706 697 747 th.
715 708 729 746 2
744 717 767 756 q.
785 707 811 744 9l
828 715 860 743 m.
879 706 890 744 1
907 715 929 743 a.
946 705 972 743 3:

131 774 259 823 «Quodam
269 774 339 814 modo
350 773 499 824 peperoli...
511 771 592 812 omnia
604 769 665 811 iacta
675 781 689 809 a
700 770 748 809 Deo
759 768 796 808 illi
807 768 863 808 sunt
872 765 975 816 accepta3

80 860 81 863 =
129 827 268 888 spectatiore
282 837 355 877 modo
369 836 392 876 et
406 834 530 886 propriore
545 833 654 875 creatura
668 830 800 879 rationalis,
817 830 842 869 in
859 829 976 880 quantum

128 900 164 941 est
174 900 283 940 creatura
292 899 440 946 huiusmodi;
451 896 622 948 specialissime
633 896 682 936 sive
691 893 858 946 propriissime
869 890 977 933 creatura

129 961 259 1010 rationalis,
274 961 299 1001 in
312 962 429 1012 quantum
443 960 594 1001 consecratur
606 960 662 1007 Deo,
676 959 704 999 ut
717 957 748 998 sit
760 957 812 997 eius
825 953 974 1006 templum,

129 1025 257 1076 adoptatur
275 1025 301 1064 in
320 1023 418 1064 tilium
437 1024 461 1064 et
480 1021 583 1063 sumitur
601 1022 627 1062 in
648 1030 791 1072 sponsam.
813 1019 876 1076 Haec
894 1019 974 1060 autem

129 1088 268 1129 sublimatio
281 1087 403 1128 creaturae
417 1086 542 1127 rationalis
554 1085 591 1126 est
605 1096 677 1134 supra
691 1083 801 1124 naturale
817 1082 975 1133 complemen-

129 1157 187 1199 tum,
204 1151 226 1191 et
240 1150 294 1191 ideo
307 1161 350 1190 nec
364 1147 509 1190 consecratio
522 1159 565 1188 neo
579 1146 676 1197 adoptio
688 1157 732 1188 nec
746 1144 878 1196 assumptio
893 1145 974 1185 huius

128 1214 193 1255 modi
212 1214 242 1254 fit
260 1224 303 1264 per
321 1212 427 1263 aliquam
446 1210 616 1262 proprietatem
635 1211 741 1258 naturae,
763 1210 804 1249 sed
822 1220 866 1259 per
884 1208 975 1248 donum

129 1276 312 1327 superadditum
329 1281 436 1324 naturae,
458 1284 599 1315 consecrans
616 1273 731 1320 animam,
752 1272 780 1312 ut
799 1270 829 1312 sit
848 1271 973 1322 templum,

128 1339 265 1381 assimilans
280 1329 336 1387 Deo,
355 1338 383 1379 ut
398 1338 428 1378 sit
443 1337 512 1377 iilius
527 1336 577 1378 sive
593 1334 653 1385 tilia,
672 1335 842 1376 confoederans
859 1334 909 1375 Deo
925 1333 974 1375 sive

128 1401 214 1442 uniens
226 1413 270 1452 per
282 1399 474 1442 conformitatem
487 1398 624 1448 voluntatis,
640 1399 666 1439 ut
679 1398 709 1440 sit
722 1408 816 1448 sponsa.
832 1397 881 1438 Hoc
894 1396 974 1438 autem

127 1466 158 1506 iit
171 1477 185 1505 a
199 1465 249 1505 Deo
264 1463 385 1505 mediante
400 1462 476 1514 gratia
491 1461 586 1513 gratum
602 1461 711 1502 iaciente.
720 1462 748 1496 »²
763 1487 795 1492 —
810 1458 834 1501 S.
852 1460 974 1501 Bonaven=

128 1529 182 1569 tura
198 1528 379 1579 1111211295.
395 1529 406 1566 1
422 1537 445 1577 q.
462 1519 482 1574 1;
498 1526 528 1565 ct.
543 1525 632 1564 Brevit.
648 1527 668 1573 5,
686 1525 707 1576 1)
723 1524 824 1565 eandem
840 1522 974 1564 doctrinam

127 1591 156 1631 de
171 1590 267 1640 templo,
283 1588 343 1637 filio,
360 1598 446 1639 sponsa
460 1587 551 1638 profert
566 1586 692 1637 additque:
713 1597 792 1637 «quem
807 1585 905 1636 quidem
921 1597 974 1626 con-

126 1651 226 1693 veniunt
245 1651 267 1692 ei
286 1662 335 1691 non
355 1650 487 1691 secundum
507 1649 604 1700 tropum
624 1649 666 1690 aut
685 1649 910 1700 transumptionem,
932 1649 974 1690 sed

127 1714 258 1755 secundum
272 1713 396 1754 veritatem
409 1713 451 1753 aut
463 1711 661 1763 proprietatem.»
676 1713 752 1753 Porro
765 1712 836 1763 negat
849 1724 879 1753 ex
893 1712 973 1763 poten-

99 1830 100 1833 ¹
127 1776 161 1817 tia
178 1775 339 1817 oboedientiae
358 1776 415 1816 oriri
435 1774 579 1826 carpentium
597 1775 725 1816 creaturae.
746 1776 808 1815 1111
827 1776 850 1815 d.
872 1778 898 1816 18
917 1786 938 1815 a.
960 1777 972 1815 1

126 1851 150 1890 q.
168 1842 193 1879 2:
221 1839 302 1879 «Haec
326 1838 377 1896 [ubi
395 1839 430 1878 est
447 1838 497 1878 sola
514 1837 619 1888 potentia
637 1837 807 1887 oboedientiae,
831 1851 855 1877 v.
875 1848 897 1886 g.
917 1849 972 1879 oum

126 1901 196 1942 multi
219 1912 293 1952 panes
316 1900 508 1951 multiplicantur
531 1911 560 1940 ex
583 1911 644 1950 pane
668 1900 726 1959 uno]
751 1901 815 1942 fiunt
840 1901 972 1942 secundum

127 1964 229 2004 rationes
247 1965 360 2012 causales,
381 1975 440 2015 quas
458 1963 522 2004 Deus
539 1963 643 2004 servavit
661 1963 686 2004 in
705 1975 749 2004 sua
766 1963 895 2013 voluntate,
915 1964 973 2015 quia

126 2038 174 2068 non
189 2026 254 2067 fiunt
268 2026 401 2067 secundum
415 2024 559 2077 exigentiam
575 2025 703 2074 creaturae,
720 2027 762 2067 sed
778 2027 910 2068 secundum
925 2026 973 2068 exi-

126 2089 229 2140 gentiam
247 2088 409 2140 dispositionis
425 2088 560 2129 aeternae.»

126 2214 181 2255 283.
218 2212 243 2255 S.
266 2213 370 2255 Thomas
391 2214 416 2253 in
436 2213 549 2254 omnibus
570 2214 683 2264 operibus
703 2214 765 2255 hanc
787 2215 972 2265 supernaturali.
1025 2223 1027 2226 ’

126 2277 198 2317 tatem
213 2277 304 2328 gratiae
318 2276 342 2317 et
356 2275 446 2328 gloriae
460 2277 570 2327 explicite
587 2277 661 2318 docet.
678 2276 706 2318 In
722 2278 736 2318 2
753 2279 776 2318 d.
793 2280 820 2319 26
836 2290 858 2330 q.
877 2282 888 2319 1
904 2289 925 2319 a.
942 2282 968 2320 3:

125 2339 221 2380 Nullius
231 2340 337 2390 operatio
350 2351 423 2390 supra
435 2339 572 2380 facultatem
584 2340 683 2381 naturae
695 2340 816 2391 operantis
828 2341 970 2383 extenditur.

126 2403 151 2443 Si
167 2402 308 2451 extenditur,
325 2403 423 2453 oportet,
440 2403 504 2452 quod
519 2402 591 2444 etiam
606 2403 692 2458 natura
707 2404 885 2454 quodammodo
900 2416 972 2456 supra

185 2540 324 2583 1Scheeten,
339 2541 415 2583 Dogm.
431 2539 459 2581 II,
474 2548 495 2573 n.
510 2539 556 2575 694:
575 2551 585 2571 κ
594 2539 737 2584 Ueberhaupt
751 2538 836 2573 scheint
850 2539 885 2574 die
899 2540 971 2584 Frage

125 2586 184 2621 nach
200 2586 251 2621 dem
267 2585 413 2622 Unterschied
429 2585 476 2620 und
493 2585 542 2620 dem
559 2585 687 2621 Vernaltnis
704 2586 742 2620 des
759 2584 905 2621 Natiirlichen
921 2595 972 2621 zum

126 2631 351 2667 Uebernatiirlichen.
361 2658 380 2665 ..
398 2631 438 2666 seit
452 2631 518 2674 Hugo
534 2630 570 2665 ein
585 2630 737 2675 Hauptthema
754 2631 792 2665 der
807 2631 891 2675 jungeri
908 2631 972 2667 Scho-

124 2676 192 2712 lastik
203 2686 305 2721 gewesen
314 2687 342 2712 zu
352 2677 406 2712 sein.
416 2690 426 2709 u
436 2696 460 2701 -
467 2677 502 2712 Cf.
513 2678 536 2712 A.
549 2677 675 2722 Landprat:
690 2677 815 2713 Scliolastik
825 2678 837 2713 4
849 2676 913 2724 (1929)
926 2678 969 2713 155,

186 2738 483 2774 2Μ11111511ε11ε1111011511
505 2739 684 2783 supernaturalis
708 2737 837 2774 elevationis
862 2738 971 2783 attingere

124 2783 218 2825 videtur,
230 2783 459 2829 quandoaq.61m.1⁴
470 2784 534 2820 dicit:
549 2785 659 2827 Quoniam
670 2794 736 2830 super
747 2786 822 2821 omnia
834 2786 897 2821 debet
908 2785 972 2830 diligi

125 2837 237 2864 summum
255 2831 344 2873 honum,
365 2830 468 2865 creatura
487 2831 562 2865 autem
580 2830 698 2866 rationalis
718 2831 745 2865 de
763 2830 845 2866 virtute
865 2840 907 2867 sua
926 2841 972 2866 non

125 2875 196 2918 potest
211 2876 333 2920 quidquam
349 2884 434 2910 summe
449 2875 484 2910 vel
500 2877 549 2919 plus
567 2885 634 2921 quom
650 2886 672 2912 se
689 2877 786 2920 dilipere,
807 2886 914 2913 «necesse
930 2877 970 2918 est,

126 2921 184 2964 quod
199 2921 265 2957 detur
280 2923 299 2958 ei
315 2923 404 2963 donum,
422 2930 464 2966 quo
481 2921 577 2957 elevetur
593 2932 662 2968 supra
678 2933 726 2958 seu.
746 2924 766 2959 S.
785 2923 899 2959 Thomas
917 2923 942 2968 (1,
959 2924 971 2959 2

126 2974 144 3009 q.
164 2966 198 3003 109
214 2977 233 3005 a.
252 2967 271 3013 3)
289 2969 347 3003 hanc
364 2968 473 3003 rationem
489 2969 579 3003 nonnisi
595 2978 636 3013 pro
653 2970 735 3004 natura
753 2971 857 3014 corrupta
874 2970 971 3005 admittit

126 3012 146 3046 et
160 3021 225 3048 exea
238 3014 394 3049 necessitatem
408 3013 493 3057 gratiae
509 3015 617 3058 sanantis,
633 3024 679 3050 uon
693 3015 808 3061 elevantis,
824 3016 918 3052 deducit.
