2214 3350
181 128 217 166 240
322 129 376 165 sect.
395 129 434 164 111.
453 127 499 164 Art.
518 129 534 163 1.
552 128 583 163 ne
598 126 883 173 processurusnfieauonis
914 98 947 132 7'

179 245 236 281 quae
255 236 330 272 omnia
348 246 362 273 a
380 236 509 273 Tridentino
526 236 634 281 requisita
650 234 751 271 includit.
772 235 807 271 Sic
824 236 941 280 Laaraaae
961 234 983 280 (1.
1003 244 1020 271 c,

179 298 199 335 p.
215 288 272 335 tam:
288 288 375 325 Paulus
388 288 497 333 intellegit
511 287 628 330 hominem,
645 287 683 332 qui
698 287 789 324 eredens
804 287 871 322 simul
885 287 996 333 practices
1011 285 1022 323 e

179 339 222 376 fide
236 350 279 376 sua
290 341 461 386 consequentias
475 339 568 382 deducit,
584 339 622 384 qui
636 338 775 384 evangelium
789 339 835 374 toto
850 340 915 375 corde
929 338 1023 385 amplec-

179 392 241 434 titur,
257 393 411 428 remissionem
424 392 564 438 peccatorum
578 391 696 434 desiderat,
712 391 822 438 iustitiam
837 401 851 427 a
865 392 910 427 Deo
924 391 1023 427 oblatam

125 446 127 449 “
180 444 272 489 appetit,
289 443 355 480 fidem
371 454 410 490 per
426 443 542 480 caritatem
558 443 631 479 reddit
647 443 767 479 actuosam.
787 443 893 480 Similiter
909 445 964 479 Prot
983 442 1023 489 (ΙΙτ

179 495 306 594 ἓξὲξ),2οἕ3)
320 496 361 540 351,
387 497 512 531 Bartmann
539 494 560 540 (l.
582 505 598 532 c.
618 505 639 541 p.
661 495 716 541 47)1,
737 495 882 540 *Lemoaayer
909 495 984 541 (DdTh
1004 494 1022 538 8,

179 650 235 692 337.
271 654 291 691 3.
311 650 504 691 Fundamentum
524 649 671 705 reliquarum
690 650 873 701 dispositionum
893 651 928 692 est
946 650 1022 691 fides

179 713 274 765 proprie
291 713 354 754 dicta
370 713 394 754 et
411 712 581 763 dogmatica.
601 712 661 759 Rom
680 716 699 762 l,
719 715 775 754 liis:
798 713 869 755 «Non
887 714 952 755 enim
970 724 1021 754 eru-

179 777 248 817 besco
265 776 423 826 evangeliunn
441 774 517 824 virtus
535 776 599 816 enim
615 775 658 817 Dei
676 775 711 817 est
728 773 754 816 in
771 776 872 817 salutem
889 776 956 817 omni
974 787 1021 818 cre-

179 839 252 887 denti,
268 839 354 879 Iudaeo
368 839 475 890 primum
488 838 512 879 et
525 839 620 879 Graeco.
636 838 728 880 lust'tia
741 839 806 880 enim
820 840 863 881 Dei
877 840 903 881 in
916 851 943 881 eo
958 850 1021 881 reve·
1040 842 1042 844 ’

176 901 241 942 latur
255 912 284 942 ex
300 900 348 942 fide
365 902 391 942 in
406 902 488 942 iidem.
498 902 526 937 »²
544 902 693 956 Edaype'tlaa
709 903 774 952 apud
790 903 893 943 Paulum
909 904 944 944 est
961 902 1022 943 fides

176 963 292 1004 abiectior
315 963 364 1005 sive
389 974 482 1005 summa
505 962 633 1005 veritatum
649 967 723 1007 πίστει
751 965 766 1005 1.
785 977 805 1006 e.
825 965 873 1007 iide
891 965 1021 1007 subiectior

176 1027 404 1079 amplectendarum.
417 1030 498 1078 Πίστις
509 1030 533 1071 vi
547 1030 611 1070 vocis
625 1029 697 1071 etiam
711 1029 787 1079 potest
801 1040 850 1071 esse
865 1030 963 1081 fiducia,
977 1030 1020 1070 'sed

177 1092 197 1133 si
210 1092 289 1143 agitur
301 1093 330 1134 de
343 1092 392 1134 fide
404 1094 431 1133 in
443 1093 601 1144 eaaaaclium,
615 1093 650 1134 est
661 1093 699 1135 vel
713 1092 845 1134 formaliter
859 1091 1020 1144 dogmatica
1067 1127 1069 1135 ,

176 1154 214 1195 vel
227 1154 310 1196 saltem
322 1155 542 1204 fundamentaliter,
556 1156 612 1207 quia
626 1167 723 1207 semper
731 1167 840 1196 assensus
853 1154 1020 1197 intellectualis

103 1238 111 1251 ω
175 1217 211 1259 est
227 1218 419 1269 fundamentum,
437 1218 510 1260 etiam
527 1219 622 1269 quando
640 1218 759 1260 obiectum
777 1219 833 1259 sunt
850 1219 1019 1270 promissiones

175 1281 278 1322 divinae.
297 1281 453 1333 Evangelium
472 1281 546 1332 igitur
563 1282 612 1323 fide
630 1281 763 1333 dogmatica
781 1282 916 1333 susceptum
936 1282 967 1333 (et
985 1279 1018 1321 sic

108 1362 110 1365 ⁴
175 1343 291 1384 fiduciam
305 1343 411 1385 excitans
425 1344 496 1395 atque
511 1344 542 1385 ad
557 1343 736 1396 consequentias
751 1344 866 1395 practicas
882 1344 1015 1395 impellens)

174 1405 288 1447 virtutem
301 1404 420 1458 operandi
432 1406 534 1448 salutem
547 1418 562 1448 a
576 1407 624 1448 Deo
639 1406 730 1459 accepit
744 1407 767 1449 et
781 1406 887 1449 eiusdem
902 1406 1017 1448 iustitiam

175 1470 309 1512 salvificam
326 1470 464 1512 manifestat
482 1471 538 1522 (qua
554 1469 605 1521 ipse
622 1470 698 1511 iustus
715 1470 789 1514 estet
806 1470 927 1511 credentes
943 1469 1018 1511 iustos

175 1533 241 1583 iacit;
255 1534 285 1574 ci.
301 1545 324 1574 n.
339 1534 398 1585 318).
413 1532 536 1573 -Etiam
549 1532 574 1572 in
589 1532 697 1584 exempla
711 1532 821 1573 Abrahae
836 1532 905 1583 iides,
920 1545 981 1585 quae
996 1532 1017 1574 ei

174 1596 282 1647 reputata
294 1596 370 1638 estad
382 1595 497 1638 iustitiam
512 1595 581 1648 (Rom
592 1598 612 1645 4,
625 1597 656 1647 3),
670 1596 705 1637 est
716 1595 927 1646 fundamentaliter
940 1607 1017 1637 assen-

173 1670 214 1698 sas
230 1659 377 1710 doponattcas
392 1660 418 1699 in
433 1658 556 1700 veritatem
573 1658 669 1700 divinae
684 1658 860 1710 promissionis:
883 1676 893 1696 a
901 1658 962 1709 Quia
977 1670 1016 1710 pa-

88 1756 97 1764 „
173 1723 234 1764 trem
245 1722 377 1764 multarum
389 1722 496 1774 gentium
508 1721 576 1773 posui
588 1721 610 1763 te
618 1738 628 1759 »
644 1723 674 1775 (v.
688 1721 733 1773 17),
745 1733 774 1763 ex
785 1734 832 1773 quo
843 1722 897 1763 actu
909 1722 1016 1773 sequitur

171 1784 271 1836 fiducia.
286 1784 324 1826 Sic
337 1785 459 1826 Abraham
472 1784 507 1825 est
520 1785 641 1836 exemplar
655 1784 731 1833 nobis,
748 1785 853 1836 «quibus
866 1784 1016 1835 reputabitur

173 1848 213 1907 [ad
229 1847 354 1907 iustitiam]
371 1847 522 1902 credentibus
537 1847 563 1887 in
578 1858 641 1897 eum,
659 1848 700 1899 qui
717 1847 838 1889 suscitavit
854 1848 932 1889 lesum
949 1847 1015 1890 Chri-

173 1912 236 1953 stum
254 1910 384 1952 Dominum
402 1910 511 1952 nastrum
528 1922 542 1950 a
559 1910 667 1959 mortuis,
688 1910 729 1962 qui
748 1909 849 1951 traditus
867 1911 902 1951 est
919 1910 1015 1962 propter

172 1974 259 2016 delicta
277 1974 357 2015 nostra
375 1974 398 2015 et
416 1972 545 2014 resurrexit
562 1972 658 2024 propter
677 1972 871 2013 iustificationem
889 1973 1013 2015 nostram»

174 2040 205 2090 (v.
222 2037 268 2088 24).
285 2037 328 2077 Hic
344 2036 463 2077 indicatur
478 2035 597 2076 obiectum
613 2035 679 2084 fidei,
697 2035 761 2084 quod
777 2035 880 2077 ostendit
895 2048 948 2077 eam
965 2047 1014 2077 esse

233 2175 241 2196 1
255 2174 303 2209 «Er
316 2175 366 2220 [der
377 2173 561 2218 rechtiertigende
571 2173 666 2218 Glauhe]
680 2173 709 2210 ist
721 2173 769 2209 eine
782 2174 825 2210 den
836 2183 921 2219 ganzen
933 2175 1014 2210 innern

171 2220 291 2257 Menschen
309 2221 333 2255 in
351 2220 468 2266 Ansprueh
487 2220 609 2256 nehmende
629 2220 724 2256 sittliche
744 2219 855 2265 Leistung,
876 2220 947 2256 warin
966 2221 1014 2256 sich

170 2266 214 2302 alle
232 2266 340 2311 geistigen
363 2268 474 2303 Potenzen
491 2266 538 2301 und
554 2266 623 2310 guten
647 2266 819 2312 Eigenschaiten
837 2268 876 2303 des
895 2266 1014 2303 Menschen

170 2313 283 2356 beteligen
301 2314 391 2348 kdnnen
410 2312 456 2348 und
475 2314 571 2351 miissen,
593 2313 623 2347 Er
642 2312 671 2348 ist
691 2313 730 2348 der
750 2313 856 2357 Inbegriit
876 2312 931 2348 aller
950 2314 1013 2358 jener

154 2358 283 2395 .sittlichen
301 2359 446 2403 Tatigkeiten,
466 2357 524 2394 ohne
542 2358 624 2394 welche
644 2359 684 2395 das
704 2355 765 2400 δὸξαν
779 2358 856 2396 διδόναι
868 2361 896 2406 τῴ
909 2362 957 2408 θεῷ,
978 2358 1013 2394 die

170 2405 299 2448 gehorsame
326 2404 499 2448 Unterweriung
524 2404 590 2439 unter
616 2404 650 2440 die
677 2404 828 2449 Otienbarung
848 2406 929 2447 Gottes,
950 2405 1013 2440 nicht

170 2450 267 2494 nidglich
280 2450 314 2487 ist.
330 2451 405 2486 Daher
419 2450 559 2486 umschliesst
574 2460 597 2486 er
612 2450 669 2486 auch
684 2450 727 2486 alle
741 2451 885 2487 verwandten
899 2452 961 2495 Akte,
978 2451 1013 2487 die

170 2496 280 2531 entweder
296 2496 320 2531 in
336 2497 375 2532 der
392 2497 568 2532 vollkommenen
593 2497 657 2539 πίστις
680 2495 749 2532 sehon
765 2497 879 2533 enthalten
895 2499 945 2533 sind
961 2497 1013 2532 oder

170 2541 227 2577 dach
243 2542 307 2578 unter
324 2543 374 2578 dem
391 2542 488 2577 Einfiuss
506 2542 545 2577 der
561 2543 637 2578 Gnade
655 2543 703 2579 sich
721 2543 803 2578 daraus
821 2543 1009 2580 entwickeln...:

169 2587 333 2632 Anerkennung
357 2589 396 2624 der
421 2589 514 2632 eigenen
538 2588 718 2634 Siindhaltigkeit
737 2589 783 2624 und
802 2590 840 2625 der
858 2589 1010 2634 Uniahiglreit

169 2642 211 2668 aus
227 2633 274 2668 sich
288 2634 359 2670 selber
373 2634 462 2678 gerecht
477 2643 505 2669 zu
519 2634 608 2670 werden
625 2634 689 2680 (Ram
704 2634 721 2677 7,
738 2634 795 2679 aas),
812 2635 969 2681 Hinwendung
985 2645 1012 2671 zu

168 2679 220 2715 Gott
233 2679 257 2713 in
270 2680 383 2724 Hoffnung
396 2681 442 2716 und
455 2680 579 2715 Vertrauen
594 2679 657 2725 (Rom
671 2680 688 2724 8,
703 2681 734 2723 21;
750 2680 778 2723 10,
795 2680 851 2725 125),
866 2682 955 2718 Abliehr
967 2690 1012 2716 von

168 2726 208 2761 der
223 2724 296 2760 Stinde
310 2727 357 2761 und
371 2726 496 2763 Sehnsucht
510 2726 567 2761 nach
582 2727 620 2762 der
636 2727 711 2763 Gnade
728 2727 791 2772 (Rom
806 2727 823 2771 7,
839 2728 878 2773 24).
888 2741 899 2760 »

229 2788 238 2808 2
254 2787 345 2823 Videtur
364 2798 409 2824 «ex
425 2789 467 2824 tide
483 2789 508 2823 in
524 2787 590 2824 iidem
597 2802 608 2821 n
626 2789 685 2825 idem
701 2789 872 2825 hebraismus
889 2799 936 2827 esse
954 2790 1012 2826 sicut

169 2843 214 2869 «ex
230 2833 312 2869 virtute
329 2835 354 2869 in
369 2835 501 2877 virtutem»,
527 2844 571 2870 «ex
587 2836 657 2870 morte
675 2837 699 2871 in
715 2835 835 2878 mortem»,
862 2846 907 2873 «ex
923 2837 970 2873 vita
987 2836 1011 2871 in

167 2879 263 2922 vitam»,
284 2879 313 2914 ad
333 2880 501 2925 exprimendum
521 2880 617 2924 aliquem
638 2882 768 2916 continuam
787 2889 940 2926 progressam:
966 2894 977 2914 a
986 2891 1011 2917 ex

166 2924 210 2961 fide
224 2925 330 2971 perpetuo
346 2928 474 2962 crescente»
493 2926 624 2972 (Lapranqe,
643 2928 724 2963 Comm.
741 2937 762 2972 p.
779 2927 818 2973 20).
