2214 3350
176 176 211 213 172
246 150 247 153 Ἴ
310 177 364 213 Sect.
380 177 408 214 11.»
423 176 468 212 Art.
484 176 511 214 II.
527 177 557 212 De
571 173 783 220 supernaturalitate
797 166 884 218 gratiae

173 283 283 325 naturale
304 284 383 335 quoad
404 285 504 325 modum
525 295 539 324 a
559 282 682 323 nonnullis
701 282 799 323 vocatur
820 279 1021 332 praeternatu-

174 347 245 395 rale;
261 347 303 388 alii
318 348 361 388 snb
376 349 422 389 1111
436 358 490 389 voce
505 346 602 397 aliquod
617 345 796 396 supematunale
812 344 943 385 seeundum
958 342 1020 395 quid

174 410 323 461 intellegunt.
342 412 383 452 De·
394 407 559 460 terminologia
576 420 599 449 v.
618 408 704 460 Schifs.
724 420 749 448 n.
769 408 792 447 7:
813 450 814 453 ,

174 535 229 578 257.
267 538 302 577 En
320 535 388 577 dictis
408 535 471 586 patet
489 536 514 574 in
534 534 627 582 natura,
647 544 707 584 quae
726 533 817 574 donum
837 532 1020 584 supernaturale

173 599 265 651 recipit,
279 610 327 639 non
338 610 388 640 esse
400 596 530 649 potentiam
543 598 651 645 activam,
666 607 728 648 quae
739 607 882 647 quacunque
894 594 1021 636 efficientia.

174 662 278 703 naturali
295 660 369 713 possit
385 660 447 701 illud
465 660 555 701 donum
573 661 622 705 sire
640 658 782 710 exigentiam
801 658 852 699 eius
870 669 1018 709 comparare,

174 736 251 776 neque
265 723 394 776 potentiam
407 725 535 774 passivam
552 734 612 774 quae
626 722 704 772 exigat
718 721 876 763 actuationem
890 733 933 773 per
947 721 1019 763 cella

173 788 263 829 tionem
277 787 383 828 eiusdem
399 786 462 827 doni.
479 785 586 827 Habetur
599 785 679 827 tamen
694 786 811 836 quaedam
828 784 944 836 capacitas
959 784 1019 825 rect

173 850 255 900 piendi
271 850 294 891 11
309 850 387 901 quoad
403 848 520 890 nonnulla
535 848 727 900 supernaturalia
742 848 813 889 etiam
830 848 947 899 quaedam
963 859 1015 900 pos-

172 912 274 952 1111111111
289 912 332 953 sul)
347 912 451 953 motione
466 911 509 952 Dei
524 911 630 952 indebita
644 911 789 951 instrument
781 910 858 951 11111111
874 910 1019 963 cooperandi

172 975 202 1016 ad
216 974 397 1026 productionem
411 974 470 1016 entis
486 973 680 1025 supernaturalis.
697 974 763 1015 Talis
776 973 905 1025 potentia
917 974 1019 1015 vocatur

172 1035 406 1094 oboedientialis‚
423 1034 448 1079 et
461 1037 559 1088 quidem
575 1036 692 1089 quatenus
708 1036 798 1087 recipit,
816 1036 941 1088 passiva,
958 1047 1018 1089 qua-

172 1101 241 1141 tenus
257 1100 402 1152 cooperatur,
420 1100 513 1142 activa
529 1101 560 1152 (v.
577 1111 601 1140 n.
618 1101 677 1151 525).
693 1100 794 1151 -Ipsa
809 1111 858 1140 non
872 1099 908 1141 est
922 1099 1014 1151 aliquid

172 1164 234 1204 reate
258 1170 357 1204 1111111111
381 1164 570 1214 superadditum,
597 1175 673 1215 neque
690 1163 726 1204 est
744 1175 837 1204 merum
856 1174 897 1204 ens
916 1162 1018 1204 rationis-

172 1227 221 1268 siue
242 1238 308 1267 1111111
329 1226 553 1277 nori-repupnantta
577 1227 618 1267 sed
639 1225 747 1267 consistit
768 1226 793 1266 in
816 1226 877 1276 ipsa
900 1226 1013 1272 natura,

172 1290 243 1340 prout
259 1290 309 1330 eius
325 1290 407 1330 notae
423 1289 515 1330 reales
530 1300 580 1329 non
595 1290 731 1339 repugnant
746 1288 808 1329 notis
825 1288 886 1329 entis
903 1300 1017 1340 superna-

171 1353 302 1401 turaliav
336 1353 430 1393 ¹home
445 1353 516 1393 habet
529 1352 659 1403 potentiam
675 1351 833 1393 oboedientia
834 1364 872 1392 ern
888 1353 918 1393 ad
933 1352 1014 1393 aetum

172 1414 308 1464 salutarem,
318 1365 390 1465 Dlapis
410 1426 458 1455 non
478 1415 555 1462 hahet
577 1426 633 1455 narn
652 1415 718 1456 actus
739 1414 790 1455 salu
791 1414 848 1455 teris
868 1427 914 1466 qua
934 1413 1017 1456 vitalis

170 1478 196 1518 in
209 1478 323 1529 conceptu
335 1478 452 1529 repugnat
464 1477 512 1518 11111
524 1489 572 1518 non
584 1476 681 1527 viventi,
694 1489 744 1518 non
755 1478 873 1529 repugnat
884 1478 931 1519 enti
945 1478 1016 1518 ratio-

171 1541 220 1581 nali
235 1541 260 1582 et
274 1541 355 1581 libero.

169 1666 223 1709 258.
258 1669 374 1704 Terminus
390 1681 400 1701 a
408 1668 507 1714 potentia
519 1668 687 1704 oboedientialis
695 1681 705 1701 1)
720 1678 734 1704 a
748 1658 893 1704 Scholasticis
903 1668 1015 1704 formatus

169 1720 203 1756 est
215 1720 278 1756 iuxta
291 1720 415 1756 doctrinam
429 1720 450 1757 S.
464 1720 621 1765 Augustini,
635 1721 665 1756 Da
681 1719 732 1756 Gen.
750 1721 778 1755 ad
792 1720 832 1756 1111,
847 1720 865 1763 9,
882 1719 909 1763 17,
924 1720 949 1758 32
964 1721 1015 1767 (ML

169 1771 199 1814 34,
215 1770 259 1815 4063
275 1772 294 1807 R
311 1771 378 1815 1703):
397 1772 513 1808 Elementa
530 1772 631 1808 «habent
648 1771 762 1808 definitam
777 1772 823 1807 vim
840 1772 1016 1817 qualitatemque-

169 1834 239 1867 suam,
256 1824 309 1869 quid
322 1825 494 1869 unumquodque
507 1824 582 1860 valeat
595 1823 629 1859 vel
643 1833 689 1859 non
702 1823 782 1866 valeat,
799 1824 852 1869 quid
867 1824 892 1859 de
906 1833 949 1869 quo
963 1823 1011 1860 fieri

168 1877 238 1922 possit
255 1876 289 1912 vel
305 1885 351 1911 non
365 1876 476 1922 possit...
502 1877 576 1922 Supra
596 1875 656 1911 hunc
680 1875 755 1911 autem
777 1875 862 1911 metum
879 1885 1014 1921 cursumque

168 1937 244 1964 rerum
260 1928 386 1964 naturalem
402 1928 499 1973 potestas
516 1927 626 1964 Creatoris
642 1928 708 1963 hahet
725 1928 785 1972 apud
801 1937 834 1964 se:
853 1936 917 1973 possa
934 1928 960 1964 de
977 1928 1015 1963 his-

169 1980 273 2015 omnibus
288 1979 361 2015 tacere
378 1980 447 2022 aliud,
465 1988 532 2024 quam
549 1988 626 2014 eorum
643 1979 707 2024 quasi
724 1978 842 2015 seminales
859 1980 957 2016 rationes
974 1980 1012 2016 ha-

168 2032 227 2074 bent,
242 2032 377 2067 nontamen
390 2032 420 2075 id,
436 2032 493 2076 quod
507 2040 552 2066 non
565 2031 590 2066 111
603 2031 634 2067 eis
648 2031 729 2076 posuit,
744 2031 769 2066 ut
783 2031 810 2068 de
823 2031 859 2067 his
872 2031 920 2067 fieri
934 2032 969 2068 vel
982 2033 1010 2068 ah

168 2084 217 2130 ipso
227 2083 325 2129 possit».
341 2082 406 2119 Tales
419 2082 516 2118 rationes
531 2093 545 2119 a
556 2084 601 2119 Deo
614 2082 698 2119 inditae
712 2083 764 2118 sunt
776 2093 795 2119 v.
812 2092 832 2128 g,
849 2084 953 2128 «modus,
969 2093 1014 2129 quo

168 2136 210 2171 illa
224 2135 295 2171 herba
311 2135 342 2170 sic
358 2134 476 2179 germinat,
493 2134 533 2170 illa
550 2135 588 2177 sic,
606 2134 646 2171 illa
662 2135 725 2171 aetas
742 2135 807 2181 parit,
825 2135 866 2171 illa
882 2144 927 2171 non
943 2137 1013 2182 parit,

168 2187 234 2222 homo
249 2187 310 2231 loqui
324 2186 402 2232 potest,
419 2196 485 2232 pecus
500 2195 545 2222 non
559 2187 643 2233 potest.
652 2214 671 2222 ..
689 2188 718 2223 Ut
735 2187 809 2234 autem
824 2187 950 2232 lignum...
969 2189 1013 2224 ari-

169 2239 263 2274 dum...
283 2238 371 2283 repente
391 2238 523 2282 floreat...,
544 2239 570 2274 111
588 2248 628 2285 per
647 2239 762 2275 iuventam
781 2239 864 2275 sterilis
883 2239 968 2276 femina
986 2241 1012 2275 in·

168 2290 258 2326 senecta
270 2290 350 2335 pariat,
366 2290 392 2325 ut
407 2289 472 2326 asina
485 2290 596 2336 loquatur,
605 2317 610 2325 .
619 2317 638 2330 .,
655 2291 715 2327 dedit
730 2291 818 2336 quidem
833 2291 927 2335 naturis,
936 2320 940 2328 .
950 2320 969 2329 ..
986 2293 1013 2328 ut
1058 2300 1062 2303 ·

168 2351 194 2377 ex
210 2342 242 2377 eis
259 2342 279 2377 et
295 2342 349 2377 haec
365 2340 415 2377 fieri
430 2343 526 2387 possent,
536 2370 539 2378 .
549 2369 568 2378 ..
586 2343 740 2379 verumtamen
757 2343 801 2378 alio
818 2342 883 2379 modo
901 2343 967 2387 dedit,
985 2345 1012 2380 ut

168 2402 213 2429 non
230 2394 285 2430 haec
302 2394 410 2432 haberent
427 2395 451 2430 in
468 2395 531 2430 motu
548 2394 653 2438 1111111111,
674 2396 712 2431 sed
730 2395 755 2430 in
772 2404 804 2440 eo,
824 2404 866 2440 quo
884 2394 917 2431 ita
935 2397 1013 2433 ereata,

167 2446 247 2487 essent,
264 2446 289 2481 111
305 2455 381 2482 eorum
398 2447 480 2482 natura
495 2446 632 2482 voluntati
648 2446 798 2492 potentiori
816 2447 933 2493 amplius
950 2448 1013 2484 sub-⁷

167 2497 298 2533 iaceret.»
321 2517 345 2524 -
368 2498 474 2535 Similiter
498 2499 518 2535 S.
536 2499 687 2543 Anselmus,
713 2498 743 2534 Dc
761 2507 820 2534 conc.
839 2499 893 2544 vira,
919 2508 966 2546 cap.
986 2500 1010 2536 11

168 2549 217 2594 (ML
225 2549 265 2591 158,
274 2550 331 2596 1451)
341 2550 458 2595 distinguit
468 2550 578 2596 triplicem
588 2560 678 2586 cursum
689 2560 775 2588 rerum:
790 2551 922 2596 naturalem,
934 2551 1013 2587 volun--

166 2601 256 2643 tarium,
270 2601 401 2639 mirabilem.
416 2622 439 2627 —
453 2603 474 2638 S.
489 2603 612 2646 Thomas,
626 2604 647 2640 S.
665 2604 694 2639 th.
710 2602 723 2638 3
736 2612 754 2648 q.
771 2603 781 2639 1
796 2612 815 2638 a.
831 2601 843 2638 3
857 2604 886 2639 ad
898 2602 916 2645 3,
933 2603 1012 2639 distin--

166 2652 215 2696 guit
226 2652 336 2697 duplicem
346 2653 469 2700 potentiam
480 2655 594 2700 passivam
604 2655 629 2689 111
639 2654 723 2691 natura
734 2655 840 2698 humana,
852 2654 922 2691 unam
934 2664 1009 2692 secun-

166 2704 220 2739 dum
239 2704 338 2740 ordinem
355 2705 467 2750 potentiae
484 2706 603 2750 naturalis,
622 2715 678 2752 quae
698 2716 712 2742 a
729 2708 773 2743 Deo
792 2715 878 2752 semper
896 2707 1010 2753 impletur,

167 2757 236 2794 aliam
255 2758 376 2794 secundum
395 2758 495 2794 ordinem
514 2758 602 2793 divinae
621 2759 740 2802 potentiae,
760 2758 796 2793 cui
816 2759 887 2794 omnis
906 2760 1008 2795 creatura

167 2809 254 2845 obocdit
269 2808 396 2845 adnutum.
411 2828 437 2840 -a
450 2809 462 2845 3
476 2818 495 2855 q.
512 2809 536 2845 11·
549 2819 570 2849 a,
586 2809 596 2846 1
611 2810 636 2846 in
650 2810 750 2847 humana
764 2811 786 2846 11
800 2810 825 2846 in
838 2810 935 2856 qualibet
950 2820 1012 2848 crea·

165 2861 217 2896 tura
235 2860 329 2896 eandem
346 2861 456 2907 duplicem
474 2861 597 2907 potentiam
620 2859 735 2907 passivam
759 2862 867 2907 agnostin
886 2863 958 2899 altera
976 2865 1009 2899 est

166 2922 224 2958 «per
242 2912 430 2958 comparationem
452 2914 482 2949 ad
505 2922 574 2958 agens
590 2913 694 2959 primum,
713 2914 772 2960 quod
793 2915 865 2960 potest
888 2915 1010 2960 quamlibet

164 2964 292 3000 creaturam
303 2963 407 3000 reducere
418 2965 443 3000 in
454 2965 528 3002 actum
540 2965 637 3010 aliquem
649 2966 751 3001 altiorem
762 2966 820 3011 actu,
833 2967 858 3002 in
869 2976 933 3012 quem
946 2967 1011 3003 redu—
