2214 3350
153 96 206 152 ι218
231 159 232 162 ¹
309 116 362 151 Sect.
382 116 421 150 ΙΙΙ.
441 115 486 150 Art.
506 116 522 150 l.
542 116 573 151 De
590 123 695 160 processu
712 112 877 149 iustificationis

169 217 272 268 gratiam,
300 224 338 259 «si
361 223 438 259 tamen
463 223 604 259 continuatus
622 222 647 256 in
663 221 707 257 fine
724 220 853 266 perficiatur
870 231 910 267 per
928 219 1016 266 gratiae

167 276 303 310 infusionem
311 288 329 311 n.
347 275 467 321 (Quoniam
481 284 567 320 semper
581 274 643 309 docet
657 273 742 308 motum
755 273 820 309 liberi
835 273 923 308 arbitrii
937 273 1013 319 utpote

169 326 376 372 spiritualem‘esse
395 327 568 368 instaurationi,
595 325 650 360 haee
676 325 813 360 continuatio
838 324 912 370 potius
931 324 1015 361 intelle-

169 378 242 423 genda
251 378 339 415 videtur
350 379 492 414 conformiter
502 378 531 413 ad
540 377 589 412 1112
600 377 619 412 d.
632 378 643 413 5
654 387 673 422 q.
686 377 695 412 1
707 387 726 413 a.
740 377 750 412 1
762 377 782 413 11
792 377 819 412 lii
830 378 840 413 l
851 377 871 414 d.
885 376 908 413 17
917 376 1017 422 qia&

167 430 284 475 tamquam
298 430 399 475 repetitio
415 431 484 472 actus,
501 430 568 465 donec
582 428 675 464 ultimus
691 429 760 472 actus,
777 428 802 463 in
815 428 897 464 virtute
913 429 1012 464 omnium

166 482 268 527 priorum
281 492 356 527 agens,
371 482 400 517 sit
413 480 527 527 dispositio
541 480 684 523 necessitans,
699 480 797 526 tempore
810 480 878 515 simul
891 489 941 516 cum
954 480 1012 515 intu-

169 533 230 569 sione
246 534 339 578 gratiae,
357 534 378 569 et
394 534 425 568 sic
441 532 480 567 fiat
496 532 558 567 aetus
574 532 649 576 gratia
665 533 686 567 et
701 532 794 567 caritate
811 532 936 578 formatur.)
954 533 1014 577 Ergo

167 584 264 621 Thomas
283 586 319 621 hic
338 585 400 620 docet
419 584 508 629 quidem
535 584 763 619 «formationem»
790 583 857 619 huius
884 584 946 620 actus
972 593 1014 630 per

168 637 266 681 gratiam
282 635 425 680 habitualem,
445 635 484 671 sed
500 644 546 671 non
563 644 664 681 expresse
682 635 729 671 eius
747 645 786 681 per
805 636 898 672 eandem
915 636 1013 679 gratiam

167 688 361 724 effectioneml.
389 705 413 712 -
438 686 472 723 De
484 696 531 722 ver.
543 696 564 732 q.
576 686 606 722 28
619 686 705 722 asin
732 696 822 732 corpore
850 687 940 723 articuli
967 696 1013 721 non

166 739 264 784 loquitur
283 740 327 774 nisi
346 739 372 774 de
390 739 507 784 prioritate
527 738 613 783 gratiae
632 739 658 773 in
677 739 754 775 ordine
772 748 855 775 causae
874 739 1009 774 formalis.

168 792 210 828 Sed
223 792 252 827 ad
264 791 276 826 4
288 791 313 826 iri
325 791 393 826 coritr.
409 790 476 826 etiam
490 790 589 835 aliquam
603 790 785 826 efficientiam
799 791 885 835 gratiae
899 791 924 825 111
937 791 1012 827 actum

166 842 270 878 concedit.
292 842 422 878 clarissime
443 842 547 888 proponit
568 842 766 877 difficultatem
788 843 865 879 exinde
886 843 1007 878 orituram:

168 894 282 939 «Effectus
303 902 382 928 causae
404 894 521 938 efficientis
541 902 664 938 numquam
684 895 716 929 est
736 894 851 939 dispositio
871 895 900 930 ad
920 904 1011 930 causam

167 944 305 990 efficientem,
322 943 375 990 quia
388 945 413 980 in
426 946 464 980 via
478 945 551 981 motus
566 945 666 990 sequitur
681 946 816 990 efficientem,
832 956 883 982 cum
897 946 973 982 tamen
987 947 1012 981 in

165 999 241 1034 eadem
254 998 293 1033 via
307 998 422 1043 dispositio
435 998 554 1043 praecedat
568 997 597 1039 id,
614 998 643 1033 ad
657 998 715 1042 quod
729 998 832 1043 disponit.
850 999 892 1034 Sed
907 999 1009 1034 contritio

164 1050 267 1086 sehabet
282 1050 311 1085 ad
325 1049 422 1093 praciam
436 1049 494 1084 sicut
507 1049 597 1084 efiectus
612 1058 693 1085 causae
708 1049 822 1085 efficientis
836 1051 865 1086 ad
880 1059 944 1085 suam
959 1060 1010 1086 cau-

165 1111 214 1137 sam
232 1101 367 1137 efficientem.
387 1101 446 1145 Ergo
466 1101 568 1137 contritio
587 1110 633 1136 non
651 1102 684 1137 est
703 1101 818 1147 dispositio
837 1102 866 1137 ad
885 1102 1009 1146 gratiam.»

164 1154 229 1189 Ratio
244 1153 359 1188 minoris
375 1153 418 1189 est:
439 1165 450 1185 «
458 1152 554 1188 Habitus
570 1153 591 1188 et
606 1153 706 1198 potentia
722 1154 752 1189 ad
767 1154 826 1189 idem
842 1163 912 1197 genus
927 1163 1010 1189 causae

163 1205 340 1240 reducuntur...
358 1204 400 1240 Sed
413 1204 514 1250 potentia
529 1205 561 1239 est
576 1213 645 1240 causa
660 1204 722 1240 actus
737 1205 762 1239 in
775 1213 855 1249 genere
870 1214 951 1241 causae
966 1206 1009 1241 effi-

163 1256 247 1292 cientis.
267 1256 325 1301 Ergo
343 1256 365 1292 et
381 1255 498 1292 habitus.»
517 1256 682 1302 Respondet:
705 1257 786 1293 «Sicut
804 1256 867 1292 actus
884 1256 1010 1292 formaliter

162 1308 247 1354 perficit
262 1308 391 1354 potentiam,
408 1308 442 1344 ita
456 1308 486 1349 id,
503 1308 562 1352 quod
577 1318 603 1343 ex
618 1308 697 1343 habitu
711 1308 846 1352 relinquitur
861 1309 885 1344 in
901 1309 958 1352 actu,
976 1310 1009 1345 est

163 1360 255 1404 formale
269 1360 370 1405 respectu
383 1360 521 1395 substantiae
535 1360 604 1403 aeine,
618 1369 686 1404 quam
698 1360 798 1405 potentia
809 1361 929 1404 ministrat3
943 1361 964 1397 et
977 1362 1009 1397 sic

162 1412 253 1447 habitus
272 1412 305 1447 est
322 1411 416 1446 formale
434 1411 570 1457 principium
589 1411 652 1446 actus
671 1411 768 1455 formati,
788 1413 889 1456 quemvis
908 1414 1010 1457 respectu

164 1463 304 1506 formationis
320 1464 401 1498 habeat
416 1463 525 1498 rationem
541 1471 621 1498 causae
639 1462 783 1507 efficientis.»
805 1466 856 1500 Non
869 1465 939 1507 video,
957 1474 1008 1509 quo-

161 1515 227 1550 modo
244 1515 276 1550 sic
293 1514 411 1550 difficultas
429 1514 503 1550 soluta
520 1515 554 1550 sit.
574 1516 632 1550 Nam
649 1515 700 1550 licet
717 1515 809 1551 habitus
825 1516 854 1551 sit
871 1516 1006 1561 principium

161 1565 254 1602 formale
270 1566 338 1608 actus,
355 1566 474 1601 dummodo
489 1566 570 1602 etiam
584 1566 614 1601 sit
627 1566 763 1612 principium
778 1567 915 1610 efficiens,
931 1569 1007 1604 manet

162 1618 324 1659 inconcussum,
346 1618 405 1662 quod
424 1617 514 1652 eftectus
533 1627 579 1653 non
597 1617 670 1664 potest
689 1628 736 1654 esse
757 1618 872 1664 dispositio
893 1620 922 1655 ad
941 1628 1007 1655 suum

161 1669 297 1715 principium
312 1668 413 1706 efficiens

159 1787 216 1828 344.
247 1788 274 1822 In
290 1786 311 1826 S.
323 1785 353 1822 th.
367 1787 410 1831 1,2
429 1788 449 1824 S.
468 1788 564 1823 Thomas
579 1797 645 1834 saepe
660 1789 735 1825 monet
750 1798 825 1825 vocem
841 1789 927 1834 gratiae
942 1799 1007 1836 posse

161 1838 287 1883 significare
306 1839 326 1874 et
345 1839 506 1875 «habituale
525 1840 622 1875 donum
640 1840 704 1876 nobis
723 1840 830 1877 divinitus
849 1841 964 1876 inditum»
985 1842 1006 1877 et

162 1891 282 1925 «divinum
301 1890 443 1933 auxilium,
464 1892 521 1936 quod
540 1900 580 1927 nos
605 1892 691 1927 movet
715 1893 745 1927 ad
768 1893 823 1928 bene
847 1893 966 1928 volendum
985 1895 1006 1929 et

161 1942 291 1986 agendum»
309 1942 335 1987 (q.
352 1941 387 1977 111
401 1952 421 1978 a.
436 1942 456 1985 2;
470 1952 490 1980 v,
507 1943 574 1978 etiam
588 1952 607 1987 q.
625 1942 693 1979 10911.
709 1943 746 1979 61
762 1944 782 1979 11
797 1945 825 1979 ad
839 1943 851 1979 3
864 1953 882 1987 s;
898 1954 917 1981 a.
934 1944 1005 1981 7111

160 1994 189 2028 ad
204 1992 220 2035 1;
235 2003 254 2028 a.
271 1992 289 2035 8;
303 2002 322 2038 q.
338 1993 374 2029 110
388 2003 407 2029 a.
422 1994 475 2038 aq.
492 1993 528 2030 112
541 2004 560 2030 a.
576 1993 595 2037 23
610 2004 629 2030 a.
645 1995 682 2031 31
697 1996 760 2031 etad
775 1994 801 2042 1).
818 1996 904 2032 Tribuit
918 1997 1005 2041 gratiae

159 2044 270 2080 habituali
285 2054 303 2089 q.
321 2044 356 2081 112
371 2056 390 2081 a.
406 2045 418 2081 2
432 2046 462 2081 acl
477 2047 487 2083 1
502 2055 552 2082 eum
567 2046 676 2081 influxum
690 2047 715 2082 in
730 2048 805 2082 actum
819 2047 917 2093 proxime
933 2048 1005 2094 dispo-

158 2097 253 2140 nentem,
267 2106 309 2142 quo
319 2097 355 2132 hic
367 2097 440 2133 evadit
451 2097 577 2133 meritorius
588 2098 681 2143 gloriae,
693 2108 711 2143 q.
725 2098 760 2135 113
771 2109 790 2135 a.
804 2099 899 2145 3potius
911 2100 1003 2136 innuere

157 2149 245 2185 videtur
261 2150 347 2184 motum
364 2149 429 2184 liberi
447 2149 534 2184 arbitrii
558 2158 603 2184 riori
626 2150 743 2194 procedere
763 2150 885 2195 efficienter
903 2161 928 2187 ex
946 2152 1005 2187 dono

158 2200 280 2238 habituali:
302 2202 361 2237 Deus
380 2201 432 2236 «ita
450 2201 548 2237 infundit
568 2202 651 2237 donum
669 2202 756 2247 gratiae
775 2202 924 2247 tusdritanus,
946 2204 1004 2249 quod

159 2252 226 2287 etiam
248 2252 329 2287 simul
352 2262 409 2287 cum
431 2252 480 2288 hoc
502 2254 589 2288 movet
610 2254 705 2289 liberum
728 2254 846 2289 arbitrium
869 2256 898 2290 ad
921 2255 1002 2290 donum

157 2306 243 2350 gratiae
263 2306 451 2351 acceptandum»;
477 2305 516 2340 sed
535 2314 553 2341 a.
575 2304 586 2341 7
605 2305 669 2342 dicit:
699 2306 773 2341 «Tota
792 2305 919 2342 iustificatio
938 2307 1002 2352 impii

158 2357 297 2401 originaliter
312 2357 412 2392 consistit
427 2356 452 2391 in
466 2356 553 2401 gratiae
568 2357 686 2393 infusione.
703 2358 753 2392 Per
769 2367 825 2393 eam
840 2358 900 2393 enim
916 2358 1004 2395 1111111-

156 2417 207 2442 rum
220 2408 337 2444 arbitrium
350 2408 451 2443 movetur
464 2408 485 2443 et
497 2408 563 2454 culpa
576 2409 723 2444 remittitur.»
736 2429 761 2434 υ-
772 2410 803 2445 De
817 2410 894 2446 ordine
907 2411 1001 2446 naturae

156 2460 214 2494 inter
232 2460 277 2494 ista
295 2460 405 2504 quattuor,
422 2469 482 2509 *quae
501 2461 535 2499 ad,
547 2460 728 2497 iustificationem
747 2462 888 2503 concurrunt,
910 2472 934 2498 ex
953 2471 1002 2507 pro-

218 2586 226 2606 1
239 2585 381 2621 Prioritatem
394 2586 494 2630 aliquam
506 2586 530 2620 in
542 2587 619 2622 ordine
632 2596 713 2623 causae
726 2586 840 2622 efficientis
852 2597 883 2632 qc.
899 2588 909 2623 1
922 2587 1002 2622 solum-

156 2631 221 2666 modo
235 2630 260 2664 in
274 2630 314 2665 hoc
328 2631 393 2674 videt,
411 2632 469 2676 quod
483 2632 556 2667 forma
569 2633 679 2677 producta
693 2634 725 2668 est
740 2633 862 2668 similitudo
877 2633 962 2669 tonnae
977 2634 1002 2668 in
1053 2662 1055 2665 .

155 2677 204 2722 ipso
219 2676 299 2720 agente
315 2678 446 2718 exsistentis,
462 2686 501 2722 per
516 2686 583 2721 quam
599 2687 667 2722 agens
683 2678 735 2722 agit,
752 2678 766 2716 i.
783 2688 800 2714 e.
817 2679 841 2713 in
856 2679 931 2714 nostro
947 2688 1001 2714 casu

155 2723 230 2767 gratia
244 2722 366 2758 habitualis
381 2724 413 2758 est
428 2723 551 2759 similitudo
565 2724 611 2767 Dei,
628 2724 666 2768 qui
681 2734 729 2760 eam
744 2724 846 2769 producit
861 2726 882 2759 et
896 2726 921 2760 ut
937 2734 1001 2761 omne

155 2779 224 2813 agens
238 2769 286 2813 agit
300 2769 342 2804 sihi
357 2770 434 2805 simile.
452 2770 543 2814 Proprie
557 2769 667 2814 loquendo
681 2779 727 2805 non
741 2770 816 2815 gratia
830 2770 952 2806 habitualis
968 2773 1001 2807 est

155 2816 238 2851 natura
251 2814 314 2860 prior
328 2816 379 2850 actu
394 2815 523 2860 dispositive
539 2816 603 2859 quasi
618 2825 687 2851 causa
702 2825 753 2851 eum
768 2815 863 2858 eliciens,
881 2817 919 2852 sed
933 2818 998 2860 Deus,

154 2862 286 2906 prototypus
297 2861 383 2904 gratiae
395 2861 423 2896 ab
435 2861 483 2906 ipso
496 2861 628 2904 efficiendae,
642 2862 675 2896 est
686 2861 746 2906 prior
759 2870 826 2905 quam
837 2862 918 2897 ultima
929 2863 1001 2908 dispo-

155 2908 206 2943 sitio
223 2916 305 2942 causae
321 2906 451 2942 materialis.
