2214 3350
316 152 393 188 Thesis
408 151 425 198 1.
443 151 510 186 actus
525 149 659 185 naturaliter
675 147 762 183 honesti
942 146 970 182 73·

117 262 170 312 122.
197 261 284 308 Proh.
324 261 342 302 l.
356 258 471 309 Ecclesia.
486 257 599 299 Doctrina
610 256 737 305 Ecclesiae,
751 268 813 308 quae
824 269 854 297 ex
866 257 964 297 damna-

116 331 179 373 tione
195 328 247 369 Bari
263 328 287 368 et
302 325 490 367 Iansenistarurn
505 323 605 375 eruitur,
623 327 718 362 costroe
735 321 865 363 sententiae
880 322 968 362 valde*

116 393 193 436 lavet
212 393 235 433 et
254 403 309 432 cum
329 389 446 432 sententia
471 388 613 439 rigidiorem
639 387 855 438 Aaqasa‘neasiam
881 397 964 437 aegre

116 453 300 500 conciliatur¹
322 457 343 507 a)
365 455 441 494 Plena
460 454 605 504 incapacitas
626 452 757 493 voluntatis
776 451 883 491 hominis
900 450 963 502 'lapsi

116 524 146 564 ad
161 532 231 562 ornate
248 521 337 561 conam
352 520 449 560 reicitur
464 529 532 569 prop.
550 520 577 559 at
593 517 655 557 Bali
675 518 717 568 (Da
733 518 810 567 illm:
832 517 963 557 «Liberum

116 586 243 629 arbitrium
260 585 311 626 sine
328 585 417 636 gratiae
435 583 478 623 Dei
496 583 615 624 adiutorio
638 582 735 622 nonnisi
759 582 790 622 ad
814 582 962 642 peccandum

115 652 178 693 valet
185 668 204 699 n,
220 650 291 701 atque
303 661 369 700 prop.
384 648 473 689 21139
487 648 635 696 Qnesnelli
651 648 694 698 (Dr,
709 648 762 687 1352
777 646 850 696 1339).
866 646 964 687 Senten-

115 717 228 765 naccae
240 714 316 754 libero
327 713 425 753 arbitrio
439 712 540 752 maiores
553 713 614 752 vires
627 711 749 758 adscribit,
763 723 777 751 a
790 710 852 751 notis
864 709 963 751 iniurio-

115 781 148 821 sis
166 778 303 820 vindicatur
321 789 387 829 prop.
408 777 471 817 Bali
490 779 518 816 37
536 779 622 817 28—30
643 778 686 828 (Dr
707 778 761 816 1037
780 776 911 827 roas-30).
932 801 964 805 —

114 844 139 894 b)
158 845 233 884 Porro
249 843 353 883 Ecclesia
369 842 502 883 doctrinam
519 842 631 882 haianam
648 841 673 881 et
689 839 855 881 iansenianam
874 841 903 894 da
921 841 963 880 da-

113 908 171 959 plici
187 918 267 947 amore
283 906 387 948 caritatis
404 907 428 947 et
443 897 581 957 cupiditatis
603 906 636 946 ita
658 906 746 952 reiecit,
772 906 798 945 ut
821 906 876 946 inde
895 906 962 956 sequi

109 968 223 1013 'rideatur
244 982 300 1012 vera
323 970 452 1021 potentia
473 971 592 1021 physica
616 971 642 1010 et
664 970 837 1011 antecedens
859 970 964 1010 alicuius

114 1037 202 1076 amoris
214 1035 353 1076 naturaliter
366 1036 465 1084 lacerasti,
479 1035 521 1086 qui
533 1048 562 1076 ex
574 1036 624 1076 solo
634 1036 711 1077 libero
723 1036 883 1081 arbitriosine
895 1036 962 1076 omni

114 1100 190 1152 gratia
211 1100 297 1141 Christi
317 1101 436 1151 procedat.
463 1100 525 1140 Bali
545 1112 612 1151 prop.
633 1103 660 1140 38
688 1101 730 1151 (Da
749 1101 827 1152 1038l:
859 1099 963 1141 «Omnis

2 1151 5 1198 ἕ
50 1181 51 1187 ’
113 1177 181 1205 amor
204 1165 326 1206 creaturae<
349 1165 471 1205 rationalis
497 1166 539 1206 ant
561 1165 647 1206 vitiosa
671 1166 707 1206 est
731 1165 893 1216 cupiditas...
920 1166 963 1206 aut

113 1229 247 1284 laudabilis
265 1229 307 1269 illa
331 1229 424 1278 caritas,
444 1242 490 1280 qua
509 1242 552 1280 per
570 1228 688 1281 Spiritum
714 1229 828 1271 Sanctum
847 1229 872 1270 in
892 1231 964 1271 corde

113 1285 205 1334 diffusa
217 1294 281 1334 Deus
294 1293 394 1334 amatur.
404 1312 414 1330 1>
431 1294 503 1334 Baius
517 1294 639 1335 caritatem
653 1295 730 1336 voluit
744 1294 850 1346 intellegi
864 1307 961 1336 omnem

113 1368 218 1398 amorem
234 1358 276 1398 Dei
293 1358 507 1408 supernaturalem,
525 1358 596 1399 atiani
611 1361 788 1409 imperfectam.
806 1361 867 1411 Ergo
884 1360 961 1401 Eccle-

112 1422 147 1462 sia
159 1422 239 1471 exigit,
252 1423 279 1462 ut
290 1423 431 1472 agnoscatur
442 1423 531 1473 aliquis
542 1435 610 1464 amor
621 1423 743 1473 honestus,
757 1425 799 1475 qui
812 1436 854 1475 per
867 1425 960 1466 nullam

113 1485 319 1536 supernaturalem
337 1485 488 1527 dilectionem
506 1488 532 1527 in
550 1488 627 1528 Deum
646 1488 723 1529 finem
741 1488 855 1530 ultimum
874 1491 961 1532 refera-

113 1550 160 1596 tur;
177 1561 226 1599 quo
241 1561 321 1590 amore
344 1552 417 1591 homo
434 1563 462 1591 ex
479 1552 559 1592 mente
575 1553 695 1594 Ecclesiae
718 1565 775 1595 sane
798 1566 847 1595 non
870 1556 959 1605 peccat.

112 1614 182 1662 Prop.
200 1616 226 1653 31
242 1613 306 1654 1136
325 1614 366 1664 (Dz
384 1617 437 1655 1034
454 1617 531 1666 10361ῑ
552 1616 671 1665 Doctrina,
690 1629 750 1667 quae
768 1631 876 1659 amorem
892 1626 977 1672 nata-f

111 1676 194 1724 ratem,
211 1677 225 1716 i.
242 1688 261 1716 e.
278 1689 307 1718 111
321 1678 414 1718 virilius
428 1678 526 1720 naturae
542 1681 687 1721 exorientem
704 1682 728 1722 in
744 1683 822 1723 Deum
838 1684 960 1725 auctorem

112 1740 210 1780 naturae
235 1740 323 1789 statuit,
350 1743 432 1783 contra
457 1743 590 1785 calumnias
617 1746 762 1786 defenditur.
789 1773 821 1778 -
847 1748 965 1789 Doctores-

112 1804 293 1845 lovanienses
311 1806 336 1845 111
355 1808 497 1856 oonrpendio
514 1808 642 1857 doctrinae,
664 1811 728 1861 quod
747 1823 769 1851 a.
790 1814 844 1853 1586
863 1808 960 1854 hortan-

112 1868 177 1908 tibus
193 1868 278 1910 nuntie
296 1869 425 1920 apostolico
442 1872 464 1912 et
482 1872 660 1924 archiepiscope
684 1875 851 1919 mechliniensi
877 1880 960 1919 contra

112 1943 204 1973 errores
219 1933 318 1974 baianos
335 1935 449 1985 fecerunt,
468 1948 578 1988 expresse
597 1950 705 1979 cruorem
722 1942 832 1982 arcadium
849 1954 963 1993 agnosce--

110 1996 169 2036 bant
192 1998 391 2050 (portianos).
414 2026 446 2031 -—
466 2002 537 2052 Prop.
560 2004 591 2044 ab
607 2004 687 2044 Alex.
706 2006 760 2046 Vlll
778 2008 860 2047 damn
884 2010 898 2049 7
917 2009 959 2060 (Dr

112 2061 188 2112 1297);
218 2061 321 2103 «Omnis
337 2064 445 2105 humana
461 2065 524 2107 actio
540 2067 672 2109 deliberata
688 2070 724 2110 est
740 2070 784 2111 Dei
809 2071 905 2114 dilectio
922 2075 959 2114 vel

111 2125 215 2165 mundi»
235 2127 258 2167 et
277 2129 448 2186 corisequenter
465 2132 508 2172 ¹avut
527 2132 613 2173 caritas
631 2134 711 2175 Patris
729 2137 771 2177 aut
791 2137 855 2178 mala
875 2150 959 2179 concu-

111 2187 227 2238 piscentia
243 2191 328 2232 carnis.
346 2218 378 2223 —
395 2194 499 2242 Quesa.
519 2208 586 2247 prop.
606 2201 633 2239 44
653 2200 695 2250 (ΒΖ
714 2201 790 2252 1394);
815 2203 885 2243 «Non
904 2204 960 2244 sunt

111 2253 158 2293 nisi
177 2254 223 2293 dao
243 2266 341 2305 accarca,
359 2289 425 2299 .....
445 2271 512 2300 amor
537 2262 587 2311 Dei,
614 2265 657 2314 qui
682 2266 764 2307 omnia
788 2267 838 2318 agit
862 2269 963 2319 propter·

71 2323 73 2327 ·
110 2316 195 2365 Deum,
216 2350 282 2360 .....
300 2321 323 2361 11
340 2334 414 2371 amor,
434 2335 482 2375 quo
498 2336 543 2366 nos
559 2327 624 2377 ipsos
640 2341 668 2369 ac
686 2333 806 2372 mundum
825 2332 956 2383 diligimus,

110 2381 159 2430 qui,
175 2384 238 2432 quod
252 2385 284 2424 ad
298 2385 374 2427 Deum
390 2388 543 2431 referendum
557 2392 598 2440 est,
615 2404 663 2433 non
679 2394 751 2435 refert
765 2397 789 2436 et
802 2397 899 2447 propter
914 2398 958 2439 hoc

111 2445 190 2494 ipsum
211 2447 240 2488 iit
259 2450 363 2490 malcan
385 2477 417 2482 -
436 2453 540 2495 Pistor.
562 2468 629 2508 prop.
651 2461 679 2499 24
702 2460 743 2510 <Du
766 2463 842 2512 1521);
867 2463 958 2513 Negare

110 2508 210 2557 affectus
225 2513 316 2553 medios
330 2526 344 2555 a
358 2517 445 2556 natura
459 2518 511 2568 ipsa
526 2520 610 2561 insitos
624 2523 708 2574 serapte
723 2525 810 2565 natura
825 2526 959 2568 laudabiles

109 2572 147 2611 vel
168 2574 318 2617 ditectionem
339 2579 471 2620 ltrtmauatn
492 2582 589 2633 licitam,
613 2597 674 2636 quae
696 2599 743 2628 non
765 2591 956 2640 reprehenditur,

109 2635 144 2677 est
157 2639 272 2681 sententia
286 2642 353 2691 falsa,
368 2643 429 2685 alias
443 2646 563 2688 damnata.
577 2675 608 2680 —-
621 2650 691 2692 Hisce
705 2653 817 2694 omnihus
831 2667 879 2695 non
893 2656 958 2697 vide-

110 2701 150 2740 tur
174 2703 231 2744 satis
255 2706 384 2748 conformis
410 2709 518 2752 doctrina
544 2713 765 2766 Augustiuensium‚
794 2731 824 2760 ne
849 2705 958 2772 mitigata

110 2766 207 2815 quidem
225 2769 274 2818 illa,
294 2782 354 2821 quae
377 2773 445 2814 docet
461 2776 511 2817 sine
529 2778 621 2820 auxilio
644 2781 735 2831 gratiae
750 2785 855 2835 practice
873 2786 958 2826 saltem

109 2839 181 2935 omng
202 2843 261 2902 opus
283 2834 373 2876 honuni
395 2838 454 2879 vitio
476 2840 607 2890 philautiae
631 2846 712 2887 statim
735 2849 884 2900 exsurgentis
907 2862 962 2901 pes-⁴

110 2904 163 2933 sum
182 2906 224 2935 arr.
735 2923 736 2927 ¹
