2214 3350
256 148 407 196 corollarium.
418 161 486 195 Vires
501 159 597 194 morales
611 159 632 193 et
646 157 752 202 physicae
787 203 788 206 Ἰ
893 155 927 190 117

150 270 219 309 Pars
233 269 262 308 ΙΙ.
279 268 342 310 Deus
356 279 386 309 ne
400 268 552 309 obduratis
565 267 663 318 uiridem
679 264 843 315 peccatoribus
858 266 926 306 dene-

80 332 121 384 gat
131 331 232 383 gratiam
244 332 332 372 remote
345 331 498 372 sufficientem
513 329 554 383 (th.
568 332 614 381 25).
628 330 690 381 Ergo
702 340 728 369 eo
741 328 823 368 minus
834 327 926 369 dilectis

81 395 131 436 suis
147 395 205 446 liliis
223 395 349 445 denegabit
365 394 482 435 auxilium
500 394 529 435 ad
547 392 697 434 retinendam
715 391 831 431 iustitiam
849 395 925 431 neees-
942 411 943 414 ¹

76 457 179 500 sarium.
197 481 228 486 -
246 457 421 508 Consequenter
437 457 467 498 ad
485 455 682 497 iustificationem
699 453 774 504 gratis
790 464 926 494 concessam

78 522 144 562 Deus
161 520 244 571 utique
270 520 338 560 debet
362 531 417 561 suae
443 519 579 571 sapientiae,
599 516 700 559 bonitati
719 517 742 558 et
760 514 879 564 fidelitati,
900 516 927 555 ut

80 583 159 624 media
172 582 241 634 plene
255 582 393 623 sufficientia
405 583 436 623 ad
450 581 640 623 coiiserrandnm
655 580 743 620 statum
757 578 846 630 gratiae
860 590 926 629 prae-

79 647 141 694 beat,
157 646 274 697 quamdiu
289 646 361 686 homo
375 657 423 686 non
437 644 542 696 graviter
555 645 617 685 desit
633 642 714 685 officio.
733 642 779 690 Sed
795 642 841 682 hoc
857 642 925 692 quasi

79 707 280 759 complementum
299 702 475 748 iustificationis
492 707 645 759 eternitatem
664 705 771 746 eiusdem
788 705 923 755 participet,

79 771 140 813 sicut
151 771 233 811 omnia
244 771 328 812 merita
341 771 363 811 et
375 772 481 822 praemia
493 769 685 822 supernaturalia
697 769 813 810 rationem
826 767 925 819 gratuiti

79 835 182 875 retinent
201 835 239 885 (cf.
258 846 281 874 n.
300 837 320 882 5,
340 835 370 885 3).
389 860 420 865 -
437 835 500 875 Deus
517 834 594 884 potest
611 833 747 884 praecipere
762 832 788 873 ‘et
806 829 925 882 sapienter

47 938 50 943 ,
78 896 202 949 praecipit,
229 896 256 937 ut
282 897 324 937 hoc
351 897 468 937 auxilium
495 896 606 947 precihus
633 897 668 936 alt
683 895 740 946 'ipso
768 894 925 946 impetremus

80 961 120 1012 (cf.
137 971 161 999 n.
179 960 237 1011 161).
537 959 539 961 ’
579 961 581 964 ’
732 960 734 963 ’

100 1115 101 1118 ’
152 1118 350 1164 Corollarfnm
366 1120 405 1163 lae
420 1119 570 1164 sectionis.
594 1118 677 1159 Gratia
690 1118 782 1159 confert
795 1117 858 1159 vires
873 1127 925 1158 cum

65 1179 179 1225 morales
199 1184 249 1224 tum
266 1183 376 1236 physicas
394 1183 424 1223 ad
440 1182 540 1223 honeste
557 1184 581 1223 et
597 1180 735 1223 salutariter
752 1180 879 1232 agendum.

138 1299 156 1333 P
171 1298 249 1334 45-48.
267 1318 292 1325 κ
306 1297 376 1334 Palm.
394 1298 425 1332 th.
444 1297 467 1333 14
474 1306 490 1332 s.

78 1395 131 1436 186.
168 1396 185 1434 Ι.
207 1395 293 1436 Fontes
311 1383 425 1436 exhibent
443 1395 574 1435 naturam
595 1395 749 1435 hinnanam
768 1394 879 1444 lapsam
900 1394 924 1434 et

75 1456 306 1508 graciacesttutem
324 1459 448 1508 tamquam
465 1457 587 1506 moraliter
605 1457 767 1509 impotentem,
787 1457 920 1504 infirmam,

75 1520 223 1571 languidam,
240 1520 349 1571 sopitam,
364 1525 465 1571 pronam
480 1521 511 1561 ad
525 1520 625 1570 malum,
642 1518 762 1561 difficilem
776 1521 807 1561 ad
821 1521 920 1568 bonurn,

76 1583 101 1623 in
118 1584 252 1625 vehementi
275 1595 357 1634 pugna
379 1585 492 1625 adversus
515 1595 619 1632 carnem,
644 1584 771 1632 mundum,
797 1583 921 1625 diabolum

76 1646 146 1686 facile
164 1647 366 1694 succumbentem,
385 1645 506 1696 gratiam
524 1657 581 1687 vero
599 1647 626 1687 ut
643 1646 682 1686 isti
700 1647 786 1686 meruli
804 1647 920 1698 impetere

75 1708 121 1748 tiae
132 1709 274 1757 medentem,
287 1708 436 1750 difficultates
447 1709 468 1750 et
479 1709 585 1760 pericula
597 1709 764 1758 removentem,
777 1710 842 1750 vires
853 1709 920 1749 infir-

74 1782 127 1812 mas
145 1771 325 1819 confortantem,
353 1771 498 1819 facilitatem,
526 1772 674 1820 suavitatem,
702 1771 918 1820 delectabilitatem,

75 1844 180 1875 amorem
199 1834 256 1875 honi
275 1834 416 1875 influentem
438 1835 480 1886 (th.
500 1838 513 1876 5
529 1836 555 1876 ‘et
572 1835 603 1886 6).
623 1836 669 1876 Per
687 1847 713 1876 se
732 1835 804 1875 etiam
820 1836 919 1887 plmsico

74 1896 172 1946 intinctu
186 1897 277 1938 debiles
290 1898 352 1938 vires
367 1898 470 1938 morales
484 1898 584 1948 possunt
598 1898 666 1939 reddi
681 1898 771 1939 alacres
784 1899 810 1939 et
824 1909 921 1949 promp-

75 1960 119 2008 tae,
137 1960 199 2002 sicut
213 1962 286 2002 home
299 1973 360 2012 opus
377 1961 471 2002 difficile
487 1962 582 2002 facilius
597 1962 709 2013 praestat,
727 1963 747 2003 si
763 1974 852 2015 corpus
867 1963 921 2004 cibo

73 2025 177 2083 potuque
194 2026 290 2077 physice
307 2026 421 2067 reficitur.
442 2027 487 2068 Sed
504 2026 645 2077 plerumque
664 2026 804 2077 impotentia
822 2028 921 2068 moralis

74 2088 165 2130 tollitur
178 2091 249 2141 atque
263 2091 366 2132 facilitas
379 2092 402 2132 et
415 2085 519 2132 suavitas
533 2092 620 2142 agendi
634 2093 756 2133 confertur
769 2093 856 2133 mediis
871 2105 920 2133 mo

74 2152 164 2193 ratibus
181 2154 229 2195 sive
245 2154 382 2196 causalitate
398 2155 483 2195 morali
499 2155 666 2206 influentibus,
684 2157 700 2196 i.
718 2168 738 2197 e.
755 2162 790 2206 e'o,
808 2160 872 2209 quod
889 2159 919 2199 ab

74 2215 194 2260 intellectu
206 2219 323 2260 voluntati
334 2220 501 2270 proponuntur
513 2219 611 2269 motiva,
625 2234 687 2273 quae
699 2233 812 2270 amorem,
826 2223 918 2271 odium,

73 2281 268 2334 spem'aliosque
290 2283 392 2325 affectus
414 2284 538 2335 gignuma
564 2286 614 2326 Hoc
637 2287 709 2327 modo
732 2298 815 2328 revera
838 2286 919 2328 fontes

74 2354 141 2395 saepe
161 2346 310 2389 efficientiam
337 2348 426 2399 gratiae
452 2350 603 2391 describunt:
634 2350 765 2405 Scriptura:
792 2352 856 2393 Deus
876 2364 919 2403 per

72 2408 173 2458 gratiam
186 2412 255 2453 vocat
269 2412 350 2464 (1162,
365 2415 399 2462 173
413 2414 474 2455 Rom
488 2418 508 2463 8,
523 2415 569 2466 30),
584 2415 670 2457 invitat
684 2416 730 2468 (Mt
742 2419 776 2464 22,
791 2417 824 2467 3),
839 2416 919 2468 pulsat
956 2439 957 2443 =

75 2471 134 2522 (Apo
146 2476 168 2522 3,·
182 2475 228 2526 20),
243 2475 355 2519 excitate
370 2488 454 2519 somno
469 2479 531 2530 <aph
545 2480 614 2531 514),
631 2480 753 2521 illuminat
768 2481 830 2532 (Eph
846 2485 865 2529 1,
883 2485 917 2529 183

73 2537 93 2582 5,
108 2537 143 2584 14;
157 2540 171 2577 2
186 2539 231 2580 Cor
244 2543 264 2589 4,
280 2541 311 2591 6),
328 2542 395 2583 docet
410 2543 445 2593 (lo
457 2546 479 2591 6,
494 2544 539 2595 45),
556 2545 645 2586 revelat
662 2545 706 2596 [Mt
720 2547 753 2593 11,
769 2547 804 2593 253
821 2548 855 2594 16,
872 2547 916 2597 17),

72 2599 149 2647 aperit
160 2612 201 2642 cor
216 2603 269 2655 (Act
282 2608 315 2653 16,
330 2606 375 2656 14),
390 2607 530 2648 exhortatur
542 2608 616 2649 corda
630 2610 652 2659 (2
666 2609 740 2649 Thess
753 2612 773 2656 2,
790 2610 835 2660 16),
851 2610 918 2651 incli-

72 2662 113 2702 nat
124 2674 164 2704 coi·
178 2666 218 2716 (Ps
232 2671 278 2716 118,
291 2672 327 2717 36,
340 2672 353 2710 3
366 2670 415 2722 Reg
427 2674 448 2720 8,
462 2673 507 2724 58),
521 2673 563 2714 dat
575 2673 690 2724 gaudium
706 2673 759 2725 (Gal
771 2676 792 2722 5,
807 2677 843 2722 223
857 2675 917 2716 Rom

112 2839 117 2846 ἢ
139 2795 146 2816 ¹
163 2797 238 2833 Potest
250 2800 308 2836 Deus
322 2801 389 2836 ctiam
401 2804 438 2838 viu
451 2804 630 2840 extraordinario
643 2805 704 2841 ultra
717 2806 826 2842 influxum
839 2807 918 2844 obiecti

72 2838 224 2897 alt-intellectu
234 2847 342 2892 propositi
353 2849 480 2886 immediate
492 2851 516 2886 in
527 2852 642 2888 voluntate
655 2862 691 2889 eos
702 2853 775 2890 motus
787 2854 916 2900 producere,

72 2886 151 2926 quibus
163 2898 221 2926 vires
233 2893 329 2929 morales
342 2904 409 2932 sensu
421 2898 528 2942 explicato
541 2900 694 2944 comelantum
707 2902 734 2937 cf.
748 2902 840 2938 Librum
853 2903 918 2937 Erer-

73 2930 208 2973 cm01147728.
224 2939 307 2982 leontii
322 2941 348 2976 de
362 2943 451 2989 Loyoln,
467 2954 511 2989 reg.
527 2947 539 2982 2
554 2947 580 2982 de
596 2947 660 2983 discr.
677 2949 729 2993 spir.
745 2948 774 2985 2⁸⁶
789 2950 852 2986 hebd.
