2214 3350
352 245 430 290 Thesis
442 252 471 289 24.
486 251 627 289 Molinismus
878 251 914 290 507

67 372 124 401 nem
139 373 155 401 a
169 361 219 403 Deo
234 372 285 403 esse
300 362 477 412 emancipatum
496 360 528 411 (n.
545 359 590 410 35).
609 360 673 401 Deus
688 361 753 401 enim
770 371 818 401 non
835 361 914 402 solum

66 427 109 466 dut
121 425 225 466 liberum
239 418 366 467 arbitrium
380 426 511 474 datumque
525 432 648 465 comerent
661 425 731 475 atque
743 425 843 466 inclinat
858 436 913 466 cum

67 490 94 530 in
106 489 198 531 bonum
211 491 345 531 universate
358 501 401 540 per
414 488 547 541 appet'tum
561 488 672 529 innatum
685 487 848 537 beatitudinis,
862 490 914 530 tum

67 555 94 594 in
104 554 195 594 bonum
206 556 386 606 supernaturale
397 565 440 605 per
450 553 547 594 habitus
557 554 652 594 infusos
662 554 686 594 et
696 564 739 602 per
747 553 814 593 actus
824 553 913 603 gratiae

68 618 249 669 praevenientis,
268 630 327 670 quos
343 619 393 669 ipse
411 617 507 669 speciali
523 627 640 658 concursu
656 617 774 665 producit,
793 618 834 658 sed
851 616 914 658 insu-

68 693 111 733 per
138 682 167 722 in
194 682 287 733 ipsum
316 681 540 724 determinatum
567 680 716 734 libertatis
743 680 914 722 exercitium

67 746 195 796 decisive
210 747 323 796 influit,
342 746 461 797 quatenus
478 745 567 787 scilicet
583 744 734 795 praelucente
753 745 852 786 scientia
867 755 915 785 me-

67 811 108 851 die
119 810 222 852 liberum
232 811 362 852 arbitrium
369 813 395 853 in
407 810 570 853 determinatis
581 810 688 852 decernit
697 821 785 861 ponere
796 808 916 851 adiunctis

66 875 92 916 et
112 874 156 916 hoc
178 876 249 916 modo
272 876 436 917 interitionem
458 875 525 917 actus
545 874 616 916 liberi
638 874 794 916 determinate
818 874 916 915 scientia

67 939 148 981 media
162 940 307 992 praecogniti
321 940 473 992 praedefinit.

129 1031 174 1076 Ope
193 1031 299 1068 scientiae
318 1032 405 1067 mediae
424 1032 483 1068 Deus
503 1041 606 1068 onlnem
626 1032 733 1067 omnino
754 1031 914 1076 possibilem

69 1084 223 1119 ereaturam
240 1084 372 1120 rationalem
389 1086 419 1120 ad
436 1084 556 1129 quamlibet
573 1084 656 1121 liberae
673 1085 796 1121 voluntatis
814 1085 915 1119 determi-

67 1135 182 1173 nationem
196 1137 322 1183 possibilem
341 1139 387 1173 sive
402 1138 496 1182 positive
513 1140 558 1174 sive
575 1138 705 1182 permissive
722 1139 832 1175 adducere
849 1140 913 1184 posse

67 1192 156 1227 videtur
172 1193 207 1238 (et.
224 1201 244 1227 n.
263 1191 311 1237 187).
328 1191 426 1228 Scientia
441 1188 500 1227 enim
514 1191 622 1237 simplicis
637 1191 802 1236 intellegentiae
817 1193 876 1228 Deus
890 1192 915 1227 in

52 1245 129 1287 ¹omni
151 1253 206 1280 casu
227 1244 327 1290 possibili
356 1245 513 1280 innumeros
540 1245 706 1290 maximeque
734 1245 827 1281 varios
854 1244 914 1280 videt

68 1298 193 1333 influxus
207 1298 228 1333 et
243 1299 312 1334 bonos
329 1298 350 1333 et
365 1297 443 1340 malos,
461 1298 541 1343 quibu-s
556 1297 605 1344 ipso
621 1298 707 1334 volente
723 1299 758 1334 vel
774 1298 915 1344 permittente

70 1351 140 1386 subici
158 1350 228 1396 possit
243 1351 347 1386 voluntas
364 1351 447 1394 creata;
465 1351 559 1387 scientia
577 1351 652 1387 autem
668 1351 743 1387 media
759 1351 820 1387 videt
837 1351 916 1387 tuturi-

68 1404 124 1440 bilos
140 1404 206 1440 liberi
223 1405 310 1440 arbitrii
327 1404 356 1440 ad
372 1405 428 1440 istos
444 1404 544 1440 influxus
561 1404 715 1441 reactiones
731 1405 810 1441 valde
829 1405 915 1441 diver-

68 1469 123 1495 sas.
140 1461 175 1496 Sic
189 1460 214 1494 in
227 1460 298 1505 specie
309 1460 355 1495 Deo
368 1467 414 1494 non
428 1459 507 1494 desunt
520 1458 614 1503 gratiae,
629 1458 710 1504 quibus
722 1459 758 1495 vel
771 1459 916 1505 pessimam

68 1514 207 1549 voluntatem
219 1514 248 1549 ad
260 1513 354 1549 liberam
366 1513 534 1549 conversionem
545 1521 699 1557 summamque
713 1513 855 1549 sanctitatem
868 1522 917 1558 pos-

68 1567 99 1602 sit
115 1568 242 1613 perducere3
260 1575 329 1611 neque
347 1576 358 1602 e
375 1575 480 1609 converso
497 1564 601 1601 deficiunt
619 1566 752 1610 occasiones,
771 1567 852 1611 quibus
868 1576 916 1612 per-

69 1620 147 1656 missio
164 1620 249 1665 peccati
266 1620 325 1654 etin
342 1619 401 1655 malo
419 1619 573 1655 obdurationis
590 1619 625 1654 vel
642 1620 667 1654 in
684 1618 786 1665 optima
802 1619 916 1655 voluntate

67 1673 144 1709 creata
157 1672 301 1708 deduceretur
313 1673 338 1707 in
350 1672 459 1708 eflectum.
473 1669 582 1708 Voluntas
594 1673 648 1708 tam
660 1673 742 1716 mala,
755 1674 780 1708 ut
794 1674 834 1710 sub
847 1672 916 1707 omni-

70 1727 111 1761 bus
129 1725 215 1771 gratiae
233 1725 360 1770 influxibus,
379 1727 417 1771 qui
434 1726 478 1761 Deo
497 1726 643 1770 omnipotenti
661 1726 750 1772 praesto
769 1725 828 1770 sunt,
848 1724 916 1761 libere

70 1778 139 1823 eligat
155 1778 247 1822 malum,
268 1787 312 1813 non
331 1780 377 1814 iam
396 1779 454 1814 esset
472 1777 583 1822 voluntas,
603 1780 617 1815 i.
639 1788 656 1815 e.
678 1779 777 1825 potentia
797 1779 916 1825 appetendi

69 1831 159 1867 bonum.
174 1831 258 1868 Saltem
270 1830 329 1867 certo
342 1831 424 1867 certius
436 1833 495 1868 Deus
507 1832 551 1868 tale
566 1831 690 1867 monstrum
703 1841 749 1868 non
762 1832 851 1875 creavit,
865 1840 917 1867 curn

70 1886 143 1921 tontes
162 1886 206 1931 ipsi
224 1881 378 1931 plenissimam
398 1884 515 1930 quemlibet
535 1886 673 1930 peccatorem
692 1885 834 1921 convertendi
854 1886 916 1920 attri-

69 1939 141 1975 buant
157 1938 294 1985 potestatem.
316 1937 422 1974 Similiter
439 1937 542 1973 voluntas
560 1938 614 1973 tam
631 1937 709 1980 bona,
729 1939 754 1973 ut
771 1938 796 1973 in
813 1938 916 1974 omnibus

70 1991 183 2027 adiunctis
206 1991 355 2036 possibilibus,
374 1989 496 2035 inquibus
519 1990 587 2025 libere
612 1990 719 2025 assentire
742 1990 815 2027 adhuc
837 1990 914 2037 possit,

69 2045 139 2079 etiam
162 2053 240 2079 revera
262 2043 346 2079 bonum
368 2042 486 2079 honestum
509 2042 663 2089 amplectatur,
689 2043 735 2079 iam
759 2053 806 2079 non
828 2044 916 2078 videtur

16 2131 18 2135 ,
69 2097 152 2133 habere
166 2096 231 2132 illam
244 2096 438 2138 defectibilitatem,
457 2105 513 2141 quae
530 2097 590 2132 omni
606 2096 721 2133 creaturae
737 2097 762 2132 in
778 2097 916 2143 oppositione

68 2150 99 2185 ad
111 2151 182 2185 Deum
195 2149 361 2185 sanctissimum
375 2150 396 2185 et
409 2149 571 2185 immutabilem
584 2149 709 2185 essentialis
724 2150 756 2186 est
764 2151 780 2193 1;
794 2150 828 2186 vel
843 2151 917 2186 certis-

68 2204 125 2238 sime
142 2203 167 2249 in
182 2203 259 2238 ordine
274 2202 370 2238 naturae
385 2202 463 2248 lapsae
479 2202 583 2238 creatura
598 2203 645 2238 tam
661 2202 780 2248 insigniter
796 2204 855 2239 bona
871 2213 917 2239 non

71 2256 191 2297 invenitur,
211 2257 317 2300 quoniam
335 2255 415 2291 saltem
432 2256 493 2291 intra
509 2257 570 2292 hunc
586 2256 687 2291 ordinem
705 2257 780 2301 gratia
799 2256 874 2293 efficax
893 2259 917 2292 ut
969 2284 970 2287 η

69 2308 197 2405 ῖρεεῒὶἑιᾙὲῗ)
216 2308 256 2344 Dei
280 2308 412 2344 beneficium
428 2318 442 2344 a
460 2308 535 2353 gratia
554 2309 674 2345 sufficiente
693 2310 753 2345 certo
772 2309 918 2355 distinguitur

70 2370 99 2395 =v.
143 2388 147 2396 .
199 2388 203 2396 .

132 2440 190 2475 Hinc
204 2439 294 2485 penitus
311 2449 432 2483 servamus,
452 2441 510 2485 quod
528 2440 671 2487 Scriptura
688 2441 751 2477 docet
769 2442 827 2477 Prov
842 2442 872 2485 21,
893 2442 914 2478 1:

70 2504 83 2524 1«
93 2493 135 2529 Cor
146 2493 206 2538 regis
217 2493 242 2528 in
253 2502 323 2529 manu
335 2494 431 2535 Domine
444 2502 574 2538 quocunque
587 2493 687 2538 voluerit,
703 2492 820 2529 inclinabit
833 2494 890 2530 illud
898 2507 916 2536 »,
957 2506 963 2518 ι

69 2545 92 2581 et
105 2547 163 2591 quod
175 2546 345 2590 Augustinus
357 2546 422 2581 toties
436 2547 503 2590 etiert,
517 2555 536 2582 v.
552 2555 571 2590 g.
586 2546 654 2582 Eacb.
669 2546 699 2589 9&
713 2547 743 2582 De
756 2556 811 2583 corr.
827 2550 847 2583 et
860 2549 914 2592 prat.

73 2598 101 2642 14,
116 2598 147 2642 433
164 2599 190 2644 (v.
207 2608 275 2645 supra
289 2608 309 2634 n.
325 2598 362 2635 561
374 2599 396 2634 et
408 2600 427 2635 R
442 2598 547 2637 19261961
562 2598 623 2645 1963).
638 2618 662 2624 —-
674 2600 711 2635 Mo
720 2599 815 2635 iniamus
830 2602 917 2645 egregie

68 2651 175 2694 ostendit,
191 2652 299 2696 quomodo
313 2652 358 2687 tale
373 2652 495 2697 perfectum
509 2652 550 2688 Dei
564 2653 686 2688 dominium
702 2662 753 2688 cum
767 2651 843 2688 liberis
858 2663 918 2689 erea-

72 2703 176 2740 turarum
189 2704 274 2741 actibus
287 2704 422 2740 concilietur.
439 2705 488 2741 Non
498 2705 566 2750 negat
579 2706 649 2741 Deum
662 2714 726 2750 posse
739 2705 781 2741 hoc
795 2706 919 2743 dominium

69 2756 141 2792 etiam
154 2766 179 2793 eo
194 2766 299 2800 exercere,
315 2758 374 2802 quod
387 2757 524 2793 voluntatem
538 2759 636 2794 creatam
649 2767 699 2793 cum
713 2758 875 2795 infallibilitate
890 2761 918 2796 ad

68 2810 147 2845 :actum
172 2810 344 2846 determinatum
369 2810 460 2856 physice
477 2811 511 2846 vel
530 2810 644 2846 moraliter
668 2813 853 2856 praemoveat;
879 2812 918 2848 sed

69 2892 220 2904 ’Ἣ

70 2981 72 2984 y
135 2937 143 2957 1
160 2937 233 2978 Quare
248 2946 293 2972 non
307 2937 387 2982 placet,
402 2939 459 2981 quod
476 2948 525 2974 cum
542 2937 656 2973 nonnullis
672 2939 793 2975 Molinistis
809 2940 919 2985 imprimis

74 2979 166 3018 lienao
179 2985 265 3026 asserit,
279 2994 324 3019 non
337 2993 462 3030 repugnare
474 2986 600 3021 creaturam
612 2986 659 3021 tam
672 2986 761 3030 bonam,
776 2988 801 3022 ut
814 2987 920 3023 obdurari

70 3031 170 3072 nequeat
185 3031 212 3075 (v.
226 3032 274 3066 Ber.
290 3041 311 3067 n.
327 3030 427 3076 61912).
486 3031 487 3034 ’
