2214 3350
137 148 173 185 308
257 149 311 185 Sect.
324 150 364 186 ΠΙ.
377 150 422 185 Art.
437 151 465 186 II.
479 151 509 186 De
522 126 790 191 donis-iniustificaticne
802 150 860 187 datis

136 257 224 308 pariam,
239 256 266 298 ut
278 258 365 308 figura,
379 270 435 299 nam
449 258 504 299 talis
516 257 647 299 similitudo
661 257 769 299 censetur
781 269 830 299 esse
844 258 980 309 quasi-spe-

137 320 213 360 cifica.
231 321 339 362 Tandem
356 321 488 362 similitudo
505 321 574 362 debet
588 321 652 362 oriri
664 321 688 373 d)
706 322 734 362 vi
751 320 844 372 ipsius
859 322 980 373 produc-

137 383 235 432 tionis,
251 395 294 434 per
308 384 424 425 actionem
437 384 570 425 formaliter
582 383 764 425 assimilativam
780 384 827 425 sive
842 385 873 425 ad
887 395 980 436 reprae-

136 446 279 487 sentandum
300 440 408 487 alterum.
430 447 507 495 Quare
523 446 602 487 -Filius
621 446 719 497 quidem
739 448 775 489 est
794 447 872 498 imago
892 447 977 496 Patris,

137 510 161 549 S.
178 521 233 551 vero
250 510 352 561 Spiritus
368 522 415 551 non
431 510 466 551 est
481 510 560 559 imago
574 510 653 551 Patris
668 511 691 552 et
705 509 768 550 Filii.

206 603 232 643 Si
254 602 312 643 haec
334 602 365 642 ad
387 600 535 641 creaturas
556 599 717 651 applicamus:
744 601 766 651 a)
792 599 980 641 irrationales

136 676 184 705 non
204 665 259 706 sunt
277 665 320 714 Dei
339 664 464 713 imagines3
483 674 530 703 non
549 662 615 704 enim
633 664 681 704 Deo
702 664 757 704 sunt
777 662 867 703 similes
886 663 933 704 nisi
954 662 979 703 in

136 728 268 769 rationibus
279 726 377 768 omnino
388 726 504 777 qenerieia
516 726 553 767 vel
565 726 644 776 potius
656 725 856 778 qnasi-pertertare,
870 726 897 767 ut
909 725 976 773 entis,

136 791 238 832 viventis
254 791 296 832 etc.
316 789 475 831 Perfectiones
492 789 627 830 materiales
644 789 669 829 in
687 789 735 830 Deo
753 800 801 829 non
819 789 874 830 sunt
891 789 978 830 torma-

136 854 196 903 liter,
213 854 254 894 sed
269 855 398 894 eminenter
412 853 513 894 tantum.
529 847 655 901 Quatenus
663 853 743 894 tamen
757 853 820 893 Deus
834 853 906 893 etiam
921 853 978 892 irra-

135 917 261 958 tionalium
275 928 345 957 caasa
359 917 501 967 eaemplaris
514 916 555 964 est,
570 917 592 957 et
605 915 724 967 quidquid
738 915 805 964 entis,
820 916 870 955 veri
884 916 908 956 et
921 916 978 956 boni
996 934 998 937 f

136 981 165 1020 iis
182 980 301 1030 competit,
320 979 415 1028 habent,
435 980 461 1019 in
479 979 595 1029 quantum
614 979 644 1019 ad
663 977 845 1019 similitudinem
863 979 906 1019 Dei
925 989 978 1029 pro-

135 1045 206 1085 ducta
223 1045 284 1093 sunt,
303 1044 418 1085 vocantur
434 1043 536 1094 vestigia
553 1044 602 1083 Dei.
622 1043 808 1092 Repraesentant
824 1043 888 1084 enim
906 1054 977 1084 suum

135 1107 248 1148 factorem
262 1107 312 1149 tam
326 1107 464 1158 imperfecte
479 1118 551 1157 quam
566 1106 693 1157 vestigium
708 1107 838 1155 hominem,
855 1107 896 1157 qui
911 1117 977 1157 prae-

134 1171 205 1212 teriit.
217 1194 249 1199 —
260 1171 284 1222 b)
299 1171 384 1211 Homo
396 1170 419 1211 et
429 1169 548 1220 angelus
560 1167 700 1212 naturaliter
713 1169 747 1210 est
758 1170 838 1220 imago
851 1169 901 1210 Dei.
916 1171 977 1210 Nam

135 1234 251 1284 definitio,
266 1233 309 1274 etsi
322 1233 420 1284 analoga
434 1232 535 1281 tantum,
550 1233 630 1273 tamen
644 1234 669 1273 in
683 1232 795 1274 omnibus
808 1233 916 1283 quadrat.
932 1234 978 1273 Per

134 1302 246 1337 naturam
259 1296 443 1336 intellectualem
457 1296 614 1347 participatur
627 1296 707 1347 aliqua
720 1296 841 1346 perfectio,
856 1307 917 1346 quae
931 1297 977 1347 sor-

134 1361 228 1401 maliter
243 1362 267 1401 in
282 1362 330 1402 Deo
344 1361 380 1402 est
393 1361 416 1402 et
428 1360 490 1401 recte
505 1360 637 1411 concipitur
651 1360 678 1401 ut
692 1361 890 1412 paasissspecisieas
904 1360 977 1412 parti-

134 1425 227 1474 cipatur
240 1424 320 1465 autem
332 1424 427 1464 nonnisi
442 1422 548 1474 analoga
563 1425 620 1474 quia
633 1423 696 1463 Deus
709 1424 743 1464 est
757 1435 827 1464 suum
841 1423 976 1474 intellegere

135 1487 158 1528 et
169 1487 229 1528 velle
242 1486 373 1535 infinitum,
389 1486 496 1527 creatura
509 1486 588 1527 autem
601 1485 724 1526 rationalis
738 1498 752 1527 a
764 1488 811 1527 Deo
825 1486 897 1527 habet
909 1486 977 1527 intel-

134 1548 221 1604 lectum
236 1549 259 1590 et
272 1549 418 1591 voluntatem
434 1549 529 1590 finitam
547 1549 585 1601 (ct.
594 1550 612 1589 P
621 1550 653 1589 ΙΙΙ
669 1549 702 1590 th.
712 1549 756 1601 16).
771 1575 802 1580 -
816 1550 837 1601 c)
855 1549 901 1590 Per
915 1560 976 1601 gra-

134 1613 202 1654 tiam
221 1612 353 1653 formaliter
371 1612 471 1653 efficitur
495 1612 574 1664 imago
599 1613 643 1652 Dei
668 1612 862 1665 supernaturalis,
883 1612 909 1653 in
929 1624 976 1663 qua

134 1675 243 1717 definitio
266 1675 379 1726 imaginis
395 1675 470 1716 multo
488 1674 615 1725 perfectius
632 1674 777 1716 verificatur.
802 1674 866 1716 Deus
889 1677 976 1726 produ-

133 1739 206 1780 cendo
225 1739 326 1789 gratiam
345 1738 459 1789 exprimit
477 1749 519 1788 per
538 1738 659 1789 quandam
679 1737 827 1788 spiritualem
847 1738 976 1789 generatio-

133 1804 223 1843 nemin
234 1802 315 1842 anima
324 1813 411 1842 nonam
422 1813 477 1842 cum
488 1812 511 1842 se
521 1802 572 1851 ipso
583 1801 767 1842 similitudinem
777 1813 876 1852 eamque
887 1802 976 1843 incom-

133 1864 272 1916 parabiliter
286 1864 459 1915 perfectiorem,
475 1876 547 1915 quam
562 1875 623 1915 quae
639 1875 680 1915 per
696 1864 838 1905 creationem
853 1865 878 1904 in
894 1865 976 1906 anima

133 1928 272 1969 habebatur.
288 1927 381 1978 Accipit
394 1928 459 1968 enim
474 1928 554 1968 anima
568 1938 611 1977 per
626 1927 686 1969 illud
701 1928 816 1976 accidens,
833 1929 897 1979 quod
913 1929 976 1968 Deus

133 1990 286 2030 testificando
302 1990 418 2040 producit,
437 2001 511 2030 novas
526 1989 688 2040 perfectiones,
707 2001 767 2039 quae
784 2001 866 2031 omnes
882 1992 975 2042 exigen-

133 2053 178 2094 tias
196 2053 315 2093 naturales
334 2053 447 2103 superant
464 2052 487 2093 et
504 2052 559 2101 Deo,
578 2053 650 2102 prout
667 2063 739 2104 super
755 2064 838 2094 ornnes
855 2054 975 2094 creaturas

133 2114 289 2156 ineffabiliter
299 2115 405 2156 excelsus
416 2115 458 2164 est,
471 2127 543 2166 quam
555 2116 658 2156 maxime
670 2116 727 2156 sunt
736 2117 853 2168 propriae.
867 2116 973 2167 Aliquid,

132 2178 196 2229 quod
207 2178 347 2219 naturaliter
358 2177 476 2219 exclusive
489 2178 585 2219 naturae
598 2178 693 2220 divinae
705 2178 823 2230 competit,
837 2180 900 2230 quod
913 2179 975 2220 nulli

132 2242 230 2282 naturae
243 2241 332 2282 creatae
344 2241 382 2282 vel
394 2241 492 2282 creabili
504 2241 610 2291 debetur,
624 2253 678 2282 cum
692 2242 779 2291 anima,
794 2242 889 2293 quando
901 2242 975 2283 intor-

132 2304 211 2345 matur
225 2304 338 2355 qualitate
352 2304 441 2356 gratiae
457 2304 634 2353 sanctificantis,
650 2317 704 2346 vere
719 2305 742 2346 et
755 2305 859 2357 physice,
875 2306 974 2357 analoga

131 2367 186 2408 licet
198 2368 221 2408 et
234 2367 416 2416 accidentaliter,
432 2368 628 2409 communicatur.
644 2369 738 2416 Anima,
754 2381 796 2420 per
810 2368 911 2419 gratiam
926 2370 974 2410 Deo

132 2429 269 2477 assimilata,
289 2430 374 2471 effect-a
392 2430 426 2471 est
443 2431 521 2480 imago
540 2430 582 2471 Dei
601 2430 676 2472 multo
695 2429 819 2472 sublimior
838 2432 973 2482 accepitque

131 2493 177 2533 tale
196 2505 250 2534 cum
268 2493 349 2535 divina
367 2493 453 2534 natura
471 2493 623 2542 consortium,
643 2494 670 2535 ut
688 2494 738 2534 iure
758 2494 850 2535 dicatur
867 2495 973 2536 acciden-

132 2555 209 2596 taliter
225 2556 342 2606 deificata.

131 2679 184 2720 416.
221 2682 242 2720 2.
259 2680 294 2722 Ex
310 2682 378 2733 parte
393 2680 438 2722 Dei
454 2690 515 2733 quac
531 2682 568 2721 est
584 2681 633 2722 ista
649 2680 771 2733 perfectio,
797 2693 869 2732 quam
892 2683 973 2722 anima

130 2742 206 2794 gratia
224 2743 307 2784 ornata
323 2743 446 2794 tamquam
464 2743 519 2784 viva
537 2744 616 2795 imago
633 2739 759 2795 exprimit?
777 2744 968 2795 Respondemus:

130 2806 174 2848 Est
186 2806 273 2847 natura
287 2805 363 2847 divina
376 2806 543 2848 intellectualis
556 2807 580 2848 et
594 2807 698 2848 moralis.
712 2833 744 2837 —
757 2808 778 2857 a)
795 2806 853 2847 Non
867 2807 902 2848 est
914 2808 974 2848 vita

131 2868 212 2909 divina
228 2868 257 2908 in
272 2868 336 2909 actu
353 2869 476 2910 secundo
493 2870 540 2910 sive
556 2870 705 2920 operationes
720 2869 810 2910 vitales.
829 2870 910 2912 Gratia
926 2883 974 2922 qua

130 2931 184 2972 talis
199 2942 248 2972 non
265 2931 322 2972 dicit
338 2932 456 2972 actualem
477 2934 639 2982 operationem
661 2934 754 2973 animae
779 2933 915 2982 superioria
939 2933 974 2975 est
