2214 3350
340 152 417 188 Thesis
433 150 450 185 t.
466 149 535 185 Actus
544 146 685 182 natura-liter
700 144 788 179 honesti
966 139 989 175 71

99 297 101 300 -
139 276 216 313 nasus,
229 264 254 302 in
266 273 314 313 quo
325 260 388 301 solas
398 259 462 299 vires
471 255 594 296 naturales
605 254 636 294 ad
648 253 728 294 actum
740 252 831 292 bonum
843 249 989 291 eliciendum

138 327 241 374 exserat
258 349 291 356 -
307 323 334 364 et
351 320 525 373 quandoque
542 317 625 358 iacit:
647 314 755 367 quaestio
773 314 836 365 faeti,
857 325 888 353 an
907 322 991 352 revera.

139 389 203 432 111111
218 388 277 430 tales
292 386 366 427 actus.

210 472 231 524 a)
247 471 327 512 actus
341 464 518 508 naturaliter
532 460 668 502 honestos
681 471 711 499 en
724 457 817 498 obiecto
829 457 854 497 et
868 456 925 503 line,
941 466 991 495 non

139 533 266 586 vituperio,
285 532 326 573 sed
342 531 413 571 laude
431 523 524 578 dignos,
542 537 584 566 nea
600 524 679 564 malos
694 533 737 562 nee
754 518 877 561 moraliter
894 517 990 558 inditia-

142 598 227 646 rentes,
245 606 323 646 neque
338 606 369 634 ex
386 592 462 633 altera
478 590 546 640 parte
562 587 686 629 salutares.

97 731 98 734 Ἰ
211 683 235 733 d>
258 681 383 730 aliquos,
407 678 423 717 i.
447 688 466 717 e.
491 686 538 715 non
561 673 708 714 affirmamus
730 681 799 720 posse
822 668 876 709 lieri
899 677 989 713 omnes,

141 757 218 797 neque
236 742 355 784 collective
371 749 462 788 omnes,
481 738 523 788 qui
541 737 571 777 ad
587 736 666 786 legem
684 733 818 774 naturalem
836 731 879 771 diu
897 741 991 770 servan,-

139 811 198 850 dam
209 806 372 858 requiruntur,
386 814 462 853 neque
474 800 626 842 distributive
637 808 721 839 ornnes
732 794 846 847 singulos,
860 793 918 845 quia
929 792 991 833 nihil

141 870 239 912 interim
255 868 358 909 dicimus
375 867 404 907 de
421 865 515 906 actibus
532 861 712 913 difficilioribus
730 859 780 900 sive
797 870 826 899 ex
843 857 992 897 sublimitate

142 935 208 975 actus
223 933 253 984 (v.
267 944 289 983 g.
303 930 391 970 anseris
403 928 447 968 Dei
459 937 531 977 super
543 925 633 975 omnia)
648 924 697 964 sive
709 934 738 963 en
751 921 849 972 urgente
863 920 993 960 tentatione

145 998 175 1048 (ir.
193 994 311 1036 scholium
325 1005 349 1032 n.
367 994 408 1032 133
422 991 447 1031 et
460 988 548 1030 thesim
564 989 595 1040 5),

144 1121 196 1162 118.
232 1122 252 1160 3.
271 1116 407 1159 Adversarii
423 1115 517 1166 praeter
533 1116 700 1161 protestantes,
718 1111 829 1159 Baianos,
847 1109 992 1149 Iansenistas

142 1184 215 1224 etiam
228 1180 338 1222 nonnulli
352 1179 470 1220 catholici.
485 1177 567 1228 Aliqui
581 1177 612 1217 ad
626 1175 709 1216 omnia
720 1185 794 1224 opera
806 1173 881 1213 bona
894 1170 994 1223 exigunt

140 1245 270 1296 ispeeiatem
285 1243 416 1283 motionem
430 1240 474 1282 Dei
490 1239 585 1291 praeter
598 1248 741 1279 coneursum
754 1236 901 1288 generalem,
919 1244 993 1285 quam

141 1306 264 1359 explicant
280 1306 328 1347 sive
346 1305 373 1346 ut
390 1304 531 1356 qualitatem
547 1301 665 1342 voluntati
683 1301 826 1351 impressam
842 1309 943 1348 eamque
961 1296 993 1337 ad

142 1371 223 1411 actum
239 1370 336 1409 honum,
346 1367 553 1414 determinantem,
571 1366 622 1406 sive
638 1365 665 1405 ut
681 1362 847 1413 cogitationem
863 1362 902 1402 vel
919 1359 993 1411 inspi-

144 1433 260 1474 rationem
278 1433 305 1472 in
323 1441 366 1470 sna
385 1429 481 1470 militate
501 1428 617 1468 maiorem
636 1438 678 1467 sen
696 1425 828 1474 meliorem,
849 1435 923 1475 quam
942 1423 994 1463 sine

143 1495 235 1535 auxilio
250 1493 339 1544 gratiae
357 1492 442 1533 haberi
459 1491 561 1542 possein
580 1492 630 1531 Nos
646 1491 672 1529 in
690 1488 751 1530 thesi
770 1488 876 1528 maxime
894 1486 993 1527 attendi-

144 1567 200 1596 mus
215 1556 245 1596 ad
262 1554 456 1605 Anqnstineasee
476 1554 591 1604 Vaaqnea
609 1551 720 1603 Ripatda.

147 1681 198 1720 119.
234 1679 256 1730 a)
274 1677 464 1730 Augustinenses
481 1677 569 1727 negant
583 1677 707 1717 hominem
723 1676 775 1717 sine
790 1675 887 1725 speciali
902 1674 996 1715 auritio

142 1741 233 1793 gratiae
246 1741 376 1781 Salvatoris
387 1750 455 1791 posse
467 1750 529 1790 opus
540 1751 568 1779 ea
580 1739 671 1779 otteao
687 1739 745 1790 (aex
754 1737 831 1779 officio
838 1751 859 1787 »3
872 1738 903 1779 oi.
917 1749 941 1778 n.
955 1737 991 1787 81)

89 1822 91 1824 >
145 1805 236 1845 bonum
251 1802 286 1843 111
300 1802 423 1854 perticere,
440 1803 467 1843 111
481 1802 567 1843 evadat
582 1802 655 1843 simul
673 1813 700 1841 ea
715 1802 767 1853 sine
783 1807 805 1841 et
820 1801 932 1841 omnibns
950 1800 994 1840 cir-

144 1867 294 1905 cumstantiis
309 1865 408 1906 bonum.
424 1864 456 1906 Ut
469 1876 537 1915 opus,
554 1864 630 1912 aiunt,
645 1864 758 1915 exparte
774 1863 832 1905 finis
847 1863 992 1911 stilianum,

145 1928 260 1969 1111111111
277 1939 417 1968 summum
434 1928 539 1968 honum
556 1928 672 1968 referri.
690 1926 808 1978 Explicite
825 1937 874 1967 non
892 1926 995 1967 refertur

146 1992 198 2031 sine
214 1990 305 2031 auxilio
321 1990 418 2041 gratiae.
438 1990 588 2041 Speculatiae
599 1989 677 2031 111111
694 1989 772 2031 dicere
790 1989 874 2030 haberi
892 1989 995 2041 imptici
1056 2018 1058 2021 -

145 2060 197 2092 tam
209 2052 347 2094 relationem
362 2053 391 2093 ad
406 2064 529 2093 summum
541 2053 641 2101 honum,
656 2053 677 2092 si
690 2064 751 2104 opus
764 2052 809 2093 liat
820 2058 919 2104 propter
931 2053 996 2103 inqe-

147 2117 224 2155 ne'tam
236 2116 352 2155 rationein
368 2116 504 2164 honestatis,
520 2116 578 2167 quia
591 2117 650 2156 haec
665 2116 764 2157 tandem
778 2116 812 2156 est
825 2116 877 2167 ipse
891 2116 956 2156 Deus
969 2115 997 2155 ut

146 2178 289 2219 uniuersalis
304 2178 386 2229 regula
401 2178 516 2219 veritatis.
534 2179 580 2219 Sed
595 2178 700 2229 practice
715 2179 787 2219 horno
803 2178 886 2229 lapsus
901 2188 997 2218 eonver-

147 2240 219 2282 lendo
233 2253 257 2281 se
271 2241 301 2281 ad
316 2241 383 2281 illam
398 2241 510 2285 intimam
524 2242 601 2291 legem
617 2253 743 2292 nunquam
758 2241 812 2293 aget
824 2242 916 2292 absque
931 2242 996 2293 rapi-

144 2304 219 2342 ditate
232 2309 254 2342 et
265 2303 392 2354 pittantia,
407 2303 463 2355 quia
477 2304 554 2355 magis
567 2304 698 2345 delectatur
712 2316 735 2345 se
750 2305 801 2356 ipso
815 2316 888 2356 quam
903 2315 996 2344 summo

147 2365 217 2414 bone,
236 2365 284 2407 nisi
300 2366 382 2407 sanata
398 2366 524 2407 delectatio
538 2367 561 2406 ei
578 2366 716 2417 inspiretur.
736 2367 773 2408 Ita
789 2365 878 2416 Beati,
897 2365 946 2418 qui,
966 2378 997 2406 ne

119 2438 125 2443 “
148 2438 224 2468 «eum
246 2429 359 2469 omnibus
383 2428 433 2469 iere
455 2429 589 2480 theologis»
615 2441 724 2481 puguare
748 2430 838 2479 debeat,
865 2421 996 2481 rigorosam

148 2490 361 2541 Angustinensium
382 2491 524 2532 sententiam
545 2503 619 2542 quam
638 2492 745 2533 maxime
764 2492 874 2544 mitigare
895 2493 998 2534 intendit

110 2601 111 2604 Ἴ
150 2552 193 2602 <De
205 2553 275 2593 theol.
290 2553 383 2604 discipl.
397 2554 413 2595 t.
427 2555 468 2594 31.
482 2557 539 2595 181.
553 2555 584 2606 3).
599 2556 716 2597 Similiter
727 2556 811 2597 Naris
823 2556 903 2597 docet:
918 2556 997 2597 Etiam

147 2615 225 2655 uirtus
239 2616 337 2667 propter
352 2628 377 2656 se
392 2617 471 2667 ipsam
493 2616 584 2659 intenta
606 2619 685 2668 irritat,
710 2630 773 2669 quae
795 2619 908 2669 superbia
923 2619 997 2659 solius

206 2751 224 2800 ⁵1
244 2750 268 2784 V.
286 2750 368 2785 Satires
384 2750 397 2802 l
417 2752 427 2788 l
443 2761 459 2787 c,
477 2752 490 2787 9
505 2753 527 2787 et
542 2751 572 2794 103
589 2762 629 2797 pro
645 2752 718 2798 priore
734 2753 800 2789 modo
817 2753 942 2799 explicandi
958 2762 999 2799 per

148 2794 281 2837 qualitatem
297 2796 485 2848 determinantem
502 2798 585 2842 allegat
602 2799 662 2834 inter
680 2798 736 2835 alios
756 2800 818 2843 Grec.
838 2799 939 2842 Arimin„
960 2799 1000 2835 Ca-

150 2839 322 2894 pi=eolarn‚·chl·.
338 2843 399 2894 liena
414 2843 576 2888 Hispalensem.
594 2845 738 2881 Recentiores
754 2846 881 2882 Themistae
898 2847 998 2882 nostram

148 2885 231 2921 'tltesnn
249 2886 379 2932 simpliciter
397 2888 527 2933 detendunt3
544 2898 563 2927 vl
584 2899 604 2934 g.
624 2891 663 2925 Ed.
684 2892 772 2935 Haemi,
792 2892 864 2927 Tract.
885 2892 956 2936 dogm.
978 2891 999 2928 ll

150 2939 170 2973 p.
188 2931 252 2968 atas:
272 2945 282 2964 «
291 2933 402 2969 conclusio
417 2934 483 2970 hodie
499 2936 683 2972 communissima
697 2938 718 2972 et
732 2938 819 2973 certa».
974 2947 975 2950 ¹
