2214 3350
157 215 194 254 558
453 192 570 252 86611111.
585 216 615 251 De
628 213 707 249 merito
774 188 776 190 ι
807 188 810 191 1

157 325 212 365 699.
248 327 268 365 2.
285 322 382 365 Sensus.
396 324 430 364 De
443 322 581 373 conceptu
593 321 672 362 meriti
685 321 783 372 eiusque
795 321 824 361 ab
835 321 1003 372 impetratione

157 388 180 429 et
192 386 347 437 dispositione
359 385 496 427 differentia
507 399 530 427 v.
544 386 578 427 111,
590 387 603 425 7
614 385 660 425 618
675 383 788 437 (maxime
799 395 823 439 11.
836 386 877 425 196
888 384 904 424 b
917 395 929 425 c
940 382 1002 434 211).

156 475 187 480 —
199 450 409 501 Distinguitur:
428 450 449 501 a)
466 448 580 490 Meritum
593 453 699 496 concrete
712 448 736 489 61
749 448 864 487 abstracte
878 445 1001 495 sumptum

100 530 101 533 ¹
159 514 228 564 (opus
240 513 391 554 meritorium
405 513 429 554 et
442 512 501 552 ratio
515 509 630 552 meritorii
645 510 671 550 in
685 509 730 550 hoc
744 510 832 561 66616).
845 533 876 539 -
889 509 913 560 b)
930 508 1003 550 Meri-

157 575 208 617 tum
232 576 322 617 bonrum
339 577 363 617 et
377 577 468 616 maiam
493 572 663 627 (demeritum).
686 598 718 604 -
733 573 754 621 6)
778 572 812 612 Μ.
837 573 902 624 apud
923 573 1002 613 Deam
1072 613 1076 617 ,

159 639 337 691 (theologicum)
356 635 760 690 6166661166111166(1161116116111).
778 661 809 667 -
826 635 849 687 d)
869 635 903 675 M.
920 634 1002 686 611661·-

157 714 212 742 cam
230 703 281 754 (der
298 702 438 752 Verriienst),
453 700 646 751 minusproprie
661 698 759 748 dictum,
776 699 802 739 in
817 709 865 750 quo
879 698 910 739 ed
925 699 1002 739 solam

156 765 281 816 physicam
293 766 372 815 operis
383 763 510 804 utilitatem
523 762 629 803 mercede
642 761 760 803 materiali
773 760 1001 812 recompensandam
1032 784 1034 786 -

157 828 294 877 attenditur,
307 827 372 868 etin.
382 826 473 868 morale,
484 826 536 878 (aas
549 825 690 875 Vcrctienst)‚
703 824 781 877 stricte
793 825 891 873 dictum,
905 823 1002 875 quando
1039 825 1043 830 ’

157 890 318 941 166616166161
333 889 436 929 rationes
450 889 553 929 morales
568 888 675 938 obsequii
692 886 806 939 praestiti,
822 887 920 928 honoris
935 887 1000 928 exhi-

156 953 200 994 biti
214 954 256 994 etc.
271 977 302 981 —
315 954 336 1004 e)
352 953 385 992 M.
399 952 508 992 naturate
522 951 546 992 61
558 951 746 1001 supernaturale.
760 974 790 980 -
804 951 821 1002 i)
838 951 872 989 M.
887 950 1002 990 erectim

157 1016 202 1056 tiae
218 1016 243 1055 in
263 1015 364 1063 Christo,
384 1015 448 1065 quod
466 1013 583 1055 tundatur
599 1014 624 1060 in
643 1014 731 1054 unione
751 1012 905 1065 hypostatica,
925 1013 948 1054 et
965 1023 1002 1052 m.v

157 1089 283 1118 commane
293 1089 406 1128 personae
417 1077 508 1118 creatae
519 1077 595 1127 gratia
605 1076 707 1117 adiutae.
718 1103 750 1108 —
760 1077 782 1128 g)
796 1078 829 1117 Μ,
843 1076 871 1116 cte
883 1076 1001 1126 constipata
1018 1113 1022 1119 .,

156 1141 179 1182 61
193 1142 222 1181 de
237 1152 349 1191 conprno.
364 1166 394 1171 -
408 1140 433 1191 11)
450 1140 483 1180 Μ.
500 1140 527 1179 in
541 1146 594 1179 aeta
607 1140 686 1190 primo
702 1138 751 1180 sive
766 1138 923 1189 aptitudinale
935 1140 959 1180 et
973 1140 1000 1179 in
1066 1149 1067 1152 ’

156 1210 209 1244 acta
223 1204 328 1243 sacrando
340 1204 387 1244 sive
401 1202 500 1243 actuale.
514 1228 546 1233 -
557 1202 574 1253 i)
589 1202 622 1241 M.
637 1203 776 1242 antecedens
790 1201 878 1243 sivein
888 1212 920 1250 re,
935 1202 1000 1253 quod

156 1266 191 1307 est
205 1266 311 1317 tempore
327 1265 374 1307 sive
388 1265 475 1305 natura
488 1264 558 1315 prius
571 1265 677 1315 praemio
691 1265 714 1305 et
728 1265 807 1305 movet
821 1265 852 1304 ad
866 1265 1001 1315 praemian-¹

156 1330 223 1376 dum,
235 1329 292 1379 quia
304 1329 352 1369 iam
364 1327 461 1376 exsistit,
474 1327 497 1367 61
508 1339 540 1368 m.
554 1338 697 1378 consequens
709 1327 759 1368 sive
768 1328 795 1367 in
806 1338 855 1378 spe,
868 1338 900 1367 m.
912 1327 1001 1378 impro-

156 1392 209 1442 prie
225 1391 325 1439 dictum,
345 1390 408 1441 quod
425 1390 562 1440 praevisum
578 1390 603 1429 in
621 1389 769 1430 antecessum
786 1390 872 1437 moret,
890 1391 917 1430 ut
933 1401 1001 1440 prae-

156 1453 232 1493 mium
249 1452 393 1518 conteratur.
674 1501 676 1508 k

215 1538 375 1584 impetratio
398 1537 472 1572 movet
488 1537 518 1572 ad
535 1537 625 1587 modum
643 1535 751 1582 supplicis
773 1537 894 1581 petitionis,
918 1537 999 1573 satis-

154 1590 239 1626 166116
253 1590 384 1625 admodum
400 1588 586 1633 compensationis
600 1597 640 1634 pro
656 1587 741 1625 offensa
756 1588 820 1625 611611
834 1587 905 1632 illata,
920 1588 999 1624 meri-

153 1642 208 1676 tum
219 1642 248 1677 ad
260 1642 351 1676 modum
363 1640 462 1686 obsequii
474 1640 539 1676 611611
551 1640 657 1686 praestiti⁴
672 1640 802 1686 Impetratio
814 1641 903 1686 respicit
915 1641 999 1677 donum

154 1694 200 1728 sive
216 1694 317 1728 savorem
332 1692 431 1728 liberalis
447 1692 601 1736 benefactoris,
619 1691 744 1728 satisfactio
760 1692 909 1737 placationem
925 1701 999 1738 perso-

75 1743 76 1746 ’
152 1754 196 1780 1166
210 1745 315 1788 offensae,
330 1744 434 1780 meritum
446 1744 615 1780 retributionem
629 1744 760 1780 admodum
772 1744 872 1789 praemii.
889 1745 1000 1787 Quoniam,

153 1797 259 1832 meritum
275 1796 385 1832 rationem
403 1796 502 1840 obsequii
519 1796 631 1841 importat,
650 1796 724 1842 potius
742 1797 834 1841 inferior
851 1805 918 1841 penes
936 1805 1000 1841 snpe-

152 1848 235 1882 riorem
248 1848 346 1883 meretur
360 1857 427 1892 quam
439 1847 486 1883 vice
499 1857 569 1883 versa.
585 1848 644 1883 Deus
657 1857 703 1883 non
715 1848 813 1884 meretur
826 1849 887 1894 apud
897 1848 999 1884 1161111666

118 1943 120 1947 ,
152 1899 198 1934 nisi
212 1909 280 1935 sensu
293 1899 420 1944 improprio,
436 1899 482 1935 scil.
498 1900 596 1935 meretur
609 1900 769 1945 gratitudinem
784 1900 874 1944 eiusque
889 1899 1009 1945 significa--⁴

153 1951 242 1986 tionem.
261 1970 284 1977 -
301 1951 439 1987 Correlatum
454 1951 529 1986 meriti
546 1951 578 1987 661
597 1960 699 1987 merces
721 1952 766 1988 sive
788 1951 946 1997 praemium.
972 1952 999 1987 In

153 2002 232 2047 lingua
251 2002 380 2046 germanica
401 2002 451 2047 ipsa
472 2011 556 2038 merces
579 2012 644 2049 saepe
666 2003 812 2048 metonymice
833 2003 926 2039 vocatur
947 2004 998 2039 Ver-

154 2054 226 2089 dienst
241 2054 380 2099 (praesertim
396 2054 434 2089 cler
447 2054 564 2090 Verdtenst
577 2055 623 2090 iere
637 2055 696 2091 idem
709 2056 742 2091 661
756 2065 781 2091 66
795 2055 917 2092 aeriani:
936 2067 947 2088 «
954 2055 1000 2090 Der

153 2106 270 2141 Verdienst
286 2107 362 2142 warde
378 2106 425 2141 ihm
442 2106 607 2152 6666616611»)

155 2218 209 2259 700.
247 2219 352 2259 Maxime
367 2229 431 2258 nunc
446 2218 591 2268 distinguere
604 2218 696 2268 oportet
710 2219 822 2260 meritum
838 2220 868 2260 de
881 2220 999 2271 condigno

155 2279 178 2322 et
192 2282 219 2322 de
234 2281 362 2331 congruo&
377 2281 407 2321 Vi
419 2280 485 2320 vocis
498 2280 611 2321 meritum
625 2280 654 2321 de
669 2280 785 2333 condigno
800 2282 858 2323 dicit
872 2284 998 2333 aequalita-

155 2349 202 2383 tem
214 2343 303 2383 caloris
317 2354 372 2383 cam
382 2344 498 2394 praemio.
514 2343 579 2393 0666
591 2343 666 2394 igitur
677 2343 706 2384 de
719 2345 837 2396 condigno
849 2345 998 2386 meritorium

154 2405 213 2447 tanti
231 2405 267 2446 est
283 2405 379 2453 6616116,
398 2406 426 2447 61
444 2405 628 2446 connaturaliter
653 2407 697 2448 hoc
720 2409 854 2460 praemium
878 2409 958 2460 exigat
975 2410 999 2450 61

153 2468 277 2509 accedente
297 2470 454 2519 promissione
477 2468 536 2517 eius,
556 2468 581 2508 in
603 2469 672 2509 cuius
692 2470 833 2521 obsequium
855 2471 997 2521 praestatur,

153 2531 252 2582 aliquo
271 2531 352 2572 modo
371 2543 404 2572 ex
422 2530 538 2572 iustitia
557 2531 602 2572 sibi
622 2531 686 2573 istud
705 2532 816 2582 vindicet.
838 2534 875 2574 Ad
894 2535 999 2585 riporem

117 2589 118 2592 ’
153 2595 251 2645 quidem
266 2594 369 2635 iustitiae
386 2595 569 2634 caramatatieae
585 2595 716 2645 requiritur
731 2595 892 2646 aequalitas
908 2596 999 2638 arith-

153 2656 256 2697 metica
279 2657 329 2697 sive
352 2656 499 2708 quantitatis,
518 2668 578 2707 quae
596 2657 672 2698 solam
688 2658 821 2700 absolutam
840 2659 999 2709 quantitatem

93 2757 96 2760 ,
153 2718 243 2759 valoris
256 2718 281 2758 in
298 2730 368 2769 opere
385 2718 499 2770 praestito
515 2718 539 2760 et
556 2718 581 2760 in
598 2720 705 2771 praemio
723 2720 875 2763 retribuendo
892 2722 998 2774 respicit

215 2864 223 2885 1
240 2864 271 2899 De
287 2862 381 2899 historia
397 2864 478 2900 horum
494 2851 640 2901 terminorum
654 2873 673 2901 u.
692 2865 779 2901 Rioitrc
795 2848 817 2903 is
829 2876 846 2902 6.
865 2864 959 2902 685-688
977 2867 998 2901 61

152 2909 252 2945 Butletin
267 2908 293 2944 de
305 2909 437 2945 Litteratnrc
451 2910 624 2955 nearestasttqae
640 2910 704 2956 (1927)
719 2911 794 2948 75-89,
810 2931 834 2937 —
846 2911 868 2948 S.
884 2913 999 2948 Benacen-

154 2957 205 2990 tara
219 2955 278 2990 inter
293 2955 396 2990 meritum
411 2957 504 3000 congrui
520 2956 541 2991 et
555 2957 659 3001 condigni
674 2958 737 3002 ponit
750 2957 856 2994 meritum
870 2956 937 3002 diarii,
955 2966 1000 3002 quo
1065 2959 1067 2962 '

153 3001 226 3036 iustus
241 3000 306 3036 alteri
318 3001 415 3045 gratiam
426 3001 565 3047 promeretur
579 3002 614 3047 (in
629 3004 638 3038 t
651 3004 671 3039 d.
685 3004 709 3040 11
723 3013 741 3040 a.
757 3006 767 3042 1
779 3013 798 3049 q.
814 3003 997 3050 6166166688).
