2214 3350
209 145 210 148 ’
244 167 245 171 ’
322 164 402 200 rhesis
417 163 445 201 15.
462 162 552 200 surano
567 162 694 208 adoptiva.
886 158 923 196 323

77 272 136 313 tiam
154 269 342 312 sanctificantem
360 272 383 313 et
400 271 457 311 haec
475 269 552 320 gratia
570 269 703 310 formaliter
720 269 812 311 confert
829 280 922 311 consor-

77 336 139 377 tium
152 335 247 376 divinae
261 336 367 386 naturae,
382 335 467 377 eadem
481 334 557 385 gratia
573 333 740 374 constituimur
754 334 835 384 aliquo
850 334 921 375 modo

77 399 124 441 filii
138 400 189 441 Dei.
202 425 234 431 —-
246 401 270 452 b)
287 401 393 442 Gratiam
407 399 487 442 autem
501 410 551 440 esse
565 409 663 440 oausam
677 397 802 439 formalem
816 398 921 449 adoptio-

77 465 115 506 nis
128 476 162 505 ex
175 476 202 506 se
217 465 414 507 sufficientem
430 461 480 506 sive
493 462 682 514 adaequatam
695 462 831 512 adoptionis
844 474 920 513 neque

77 529 167 581 requiri
185 530 215 570 ad
231 529 360 580 perfectam
378 529 531 580 adoptionem
549 527 656 578 aliquem
673 538 775 568 novum
794 528 921 568 favorem

76 594 106 643 ah
121 594 253 635 'extrinseco
269 595 358 645 gratiae
376 594 493 643 additum
512 593 593 634 contra
609 592 657 634 tres
674 592 760 633 classes
776 591 921 633 adversario-

53 687 54 690 *
76 671 131 699 rum
148 659 181 699 sio
197 659 323 710 probatur:
352 660 372 708 c)
392 657 478 699 Contra
496 658 616 699 Lessinm:
644 657 752 698 Formale
775 656 921 697 consortium

77 724 172 765 divinae
187 722 284 764 naturae
300 724 433 765 formaliter
446 722 548 764 habetur
563 734 606 773 per
620 722 723 773 gratiam
738 721 849 771 creatam,
866 732 921 762 non

76 799 126 839 per
140 788 279 839 Spiritum
297 788 431 829 Sanctum
446 786 621 828 inhabitantem
640 787 683 839 [th.
700 789 727 827 14
741 797 765 826 n.
782 787 842 838 414).
859 786 920 836 Ergo

76 853 141 893 idem
161 853 288 894 dicendum
308 853 344 894 est
363 853 392 893 de
413 852 546 903 adoptione.
567 866 599 883 ⁴—-
618 853 668 892 Hoc
688 851 775 892 melius
794 850 922 892 concordat

76 929 132 958 cum
147 918 217 958 modo
233 917 346 968 loquendi
363 916 457 957 concilii
474 916 639 957 Tridentini
658 915 690 967 (n.
708 918 757 965 424,
775 918 796 965 3;
815 915 920 967 Scriptuss
983 939 985 943 Α

69 993 128 1022 ram
143 981 167 1023 et
180 982 261 1022 Patres
275 994 297 1022 v.
315 982 409 1022 Vilicde
424 993 447 1021 n.
466 982 595 1032 108—110).
611 1007 643 1012 -
659 981 744 1021 Fontes
760 981 783 1021 S.
802 980 920 1031 Spiritum

75 1047 155 1098 potius
171 1046 283 1087 exhibent
298 1047 327 1087 ut
343 1057 439 1087 causam
463 1046 608 1096 efficientem
632 1045 766 1095 adeptionis
783 1056 880 1098 necnon
893 1045 921 1086 ut

75 1111 176 1158 eandem
199 1111 391 1161 manifestantem
414 1111 437 1151 et
460 1110 528 1161 quasi
552 1109 839 1161 sipiiio'confirmentem
878 1110 918 1162 (cf.

39 1186 41 1191 ’
74 1187 98 1216 n.
113 1178 184 1217 427s:
202 1175 244 1217 Gal
257 1175 353 1226 etEph;
366 1187 389 1216 v.
404 1174 476 1216 etiam
489 1174 522 1216 th.
537 1175 583 1227 16).
596 1199 628 1206 -
649 1175 670 1230 fif
687 1175 773 1216 Contra
785 1175 884 1216 Scotum
899 1181 922 1215 et

10 1275 12 1278 .
74 1240 223 1281 Nomincies:
242 1240 449 1280 Remissionem
463 1237 645 1291 peccatorum
659 1239 789 1280 necessario
804 1239 919 1281 resultare

75 1317 104 1347 ex
127 1305 204 1356 gratia
227 1303 390 1346 sanctificante
414 1304 504 1355 absque
526 1315 588 1346 novo
612 1305 693 1345 favore
716 1317 739 1345 v.
758 1306 832 1345 schot.
850 1308 871 1345 2.
888 1327 921 1335 »-

70 1371 96 1426 γ)
122 1370 209 1411 Contra
221 1369 336 1420 Ripuida:
355 1371 383 1410 In
398 1370 512 1420 conceptu
527 1369 663 1420 adoptionis
680 1369 750 1420 (siout
764 1370 790 1410 in
805 1369 920 1421 conceptu

74 1433 234 1484 generationis
247 1432 375 1484 legitimae)
391 1432 487 1473 videtur
502 1432 593 1473 includi
609 1432 717 1473 strictum
732 1432 776 1473 ius
791 1434 826 1474 ad
841 1433 920 1473 here-

74 1497 193 1538 ditatem
212 1496 295 1547 patris;
315 1497 435 1538 hereditas
453 1496 541 1545 autem,
563 1497 592 1538 de
612 1509 661 1548 qua
680 1495 765 1547 agitur,
787 1498 920 1538 secundum

74 1562 152 1602 fontes
163 1561 198 1603 est
209 1562 284 1611 gloria
295 1561 410 1603 caelestis.
423 1563 485 1613 Ergo
498 1561 606 1602 strictum
618 1562 657 1602 ius
668 1561 760 1603 actuale
772 1564 804 1604 ad
817 1562 919 1614 gloriam

74 1638 123 1667 non
136 1627 275 1677 adiungitur
288 1625 378 1676 gratiae
392 1637 453 1667 novo
469 1626 556 1667 farore.
573 1627 647 1667 Porro
663 1626 808 1668 consortium
824 1626 919 1668 divinae

74 1691 173 1732 naturae
188 1691 221 1732 ita
234 1690 413 1741 explicavimus,
429 1690 542 1741 utquam
556 1692 662 1732 maxime
677 1692 787 1742 respiciat
801 1688 919 1732 visianem

73 1755 210 1797 beatificam
228 1755 313 1806 detque
331 1754 403 1796 talem
419 1755 527 1811 eiusdem
545 1755 705 1805 aptitudinem
723 1756 746 1797 et
764 1756 917 1807 exigentiam,

74 1820 153 1872 qualis
170 1820 247 1862 stricte
264 1819 368 1871 postulet
383 1820 500 1861 actualem
517 1820 617 1861 visionis
633 1820 790 1871 collationem,
809 1822 852 1863 ubi
870 1823 918 1873 pri-

73 1897 143 1926 mum
167 1885 338 1936 impedimenta
364 1885 448 1935 (status
471 1885 523 1925 viae
549 1886 572 1926 et
596 1886 677 1927 reatus
700 1886 798 1937 poenae)
827 1887 919 1928 cessant

76 1950 109 2002 (n.
124 1951 183 2002 417).
196 1976 228 1981 —
239 1951 259 1990 A
273 1948 404 1990 fontibus
417 1950 494 2004 gratia
507 1949 660 1991 sanctificans
672 1949 797 1992 exhibetur
810 1951 838 1993 ut
851 1952 918 1992 natu-

73 2014 118 2055 rali
132 2014 200 2066 quasi
213 2014 346 2055 evolutione
359 2025 408 2055 sese
421 2013 543 2065 explicans
556 2015 582 2055 in
595 2015 716 2056 aeternam
728 2015 914 2070 beatitudinem:

74 2079 137 2120 Fons
158 2091 232 2130 aquae
254 2078 361 2120 salientis
381 2079 406 2119 in
428 2079 502 2120 vitam
523 2080 645 2122 aeternam
670 2080 703 2132 (Io
725 2083 746 2129 4,
769 2081 814 2132 14),
838 2091 918 2122 semen

73 2144 170 2195 gloriae,
187 2143 279 2194 lignum
296 2143 358 2185 vitae
376 2144 526 2185 fructificans
541 2144 567 2185 in
583 2144 659 2186 vitam
676 2144 796 2186 aeternam
813 2145 856 2187 eto.
877 2146 917 2198 (cf.

74 2220 98 2248 n.
115 2210 157 2249 270
179 2209 202 2250 et
223 2209 275 2248 Ber.
298 2219 322 2248 n.
340 2208 399 2259 823).
423 2209 485 2259 Ergo
507 2209 588 2260 aliquo
610 2219 681 2250 sensu
698 2221 727 2250 ex
743 2209 821 2260 gratia
842 2210 919 2251 oritur

73 2273 146 2314 etiam
166 2272 283 2324 exigentia
303 2274 422 2325 quaedam
444 2273 543 2324 physica
563 2273 659 2325 gloriae.
680 2300 712 2306 -
731 2275 752 2326 c)
770 2274 918 2327 Consequen-

73 2337 110 2378 ter
125 2338 155 2378 ad
171 2349 205 2387 ea,
228 2348 288 2389 quae
310 2336 336 2378 in
358 2338 431 2379 schot.
448 2335 598 2388 edicemus,
615 2338 742 2380 statuimus
764 2340 919 2384 insubiecto

73 2403 208 2454 adoptionis
225 2403 305 2454 capaci
324 2414 412 2445 nexum
429 2404 590 2454 metaphysica
607 2406 767 2446 necessarium
786 2404 849 2447 inter
866 2418 931 2458 gra-1

73 2467 133 2509 tiam
152 2468 340 2510 sanct‘ficantem
358 2469 382 2510 et
400 2468 560 2520 adoptionem3
585 2470 746 2522 metaphysica
764 2471 830 2512 enim
848 2482 918 2522 repu-

73 2544 147 2584 gnare
174 2534 269 2576 videtur
296 2535 374 2576 Deum
402 2534 532 2585 producere
562 2536 585 2577 et
613 2546 751 2577 conservare
781 2536 807 2577 in
836 2537 918 2578 anima

73 2599 172 2649 donum,
189 2612 235 2652 quo
250 2601 334 2642 eadem
348 2600 375 2641 ut
390 2600 468 2651 imago
485 2601 674 2652 supernaturalis
689 2601 918 2644 intellectualitatem

3 2698 5 2701 .
73 2664 97 2705 et
113 2665 261 2707 sanctitatem
279 2666 378 2707 naturae
397 2665 492 2707 divinae
510 2667 630 2718 exprimat
647 2666 717 2719 atque
735 2667 779 2709 hoc
798 2668 869 2710 modo
888 2681 918 2710 ex

73 2728 121 2770 Deo
134 2732 202 2782 quasi
216 2732 327 2773 nascatur
339 2732 418 2780 homo,
433 2742 510 2782 neque
524 2733 596 2773 simul
610 2733 675 2774 hunc
688 2733 811 2775 hominem
824 2729 850 2775 in
863 2735 917 2776 actu

74 2796 177 2838 secundo
198 2797 314 2848 acceptari
329 2796 445 2837 divinitus
465 2798 496 2838 ad
517 2811 546 2840 ea
567 2799 734 2851 ennianum
755 2801 780 2841 in
803 2800 918 2853 conceptu

73 2860 208 2910 adoptionis
222 2862 379 2912 continentur,
395 2863 418 2903 et
432 2864 555 2913 speciatim
570 2865 641 2906 etiam
656 2866 686 2907 ad
701 2864 800 2917 plenum
816 2867 840 2908 et
853 2867 918 2908 stric-

73 2924 126 2966 tum
141 2926 180 2967 ins
194 2927 338 2969 hereditatis.
