<?xml version="1.0" encoding="UTF-8"?>
<!DOCTYPE html PUBLIC "-//W3C//DTD XHTML 1.0 Transitional//EN"
    "http://www.w3.org/TR/xhtml1/DTD/xhtml1-transitional.dtd">
<html xmlns="http://www.w3.org/1999/xhtml" xml:lang="en" lang="en">
 <head>
  <title>
</title>
<meta http-equiv="Content-Type" content="text/html;charset=utf-8" />
  <meta name='ocr-system' content='tesseract 3.04.00' />
  <meta name='ocr-capabilities' content='ocr_page ocr_carea ocr_par ocr_line ocrx_word'/>
</head>
<body>
  <div class='ocr_page' id='page_1' title='image "./MN41637ucmf_2_0279.png"; bbox 0 0 2214 3350; ppageno 0'>
   <div class='ocr_carea' id='block_1_1' title="bbox 221 176 943 225">
    <p class='ocr_par' dir='ltr' id='par_1_1' title="bbox 221 176 943 225">
     <span class='ocr_line' id='line_1_1' title="bbox 221 176 943 225; baseline -0.006 -9"><span class='ocrx_word' id='word_1_1' title='bbox 221 180 298 216; x_wconf 89' lang='lat' dir='ltr'>Thesis</span> <span class='ocrx_word' id='word_1_2' title='bbox 316 180 344 216; x_wconf 82' lang='lat'>11.</span> <span class='ocrx_word' id='word_1_3' title='bbox 357 178 483 225; x_wconf 75' lang='lat' dir='ltr'>Dispositio</span> <span class='ocrx_word' id='word_1_4' title='bbox 499 188 539 225; x_wconf 88' lang='lat' dir='ltr'>per</span> <span class='ocrx_word' id='word_1_5' title='bbox 554 177 620 213; x_wconf 82' lang='lat' dir='ltr'>fidem</span> <span class='ocrx_word' id='word_1_6' title='bbox 637 177 736 222; x_wconf 85' lang='lat' dir='ltr'>aliosque</span> <span class='ocrx_word' id='word_1_7' title='bbox 754 177 816 213; x_wconf 86' lang='lat' dir='ltr'>actus</span> <span class='ocrx_word' id='word_1_8' title='bbox 907 176 943 212; x_wconf 76' lang='lat'>245</span> 
     </span>
    </p>
   </div>
   <div class='ocr_carea' id='block_1_2' title="bbox 40 284 958 1160">
    <p class='ocr_par' dir='ltr' id='par_1_2' title="bbox 40 284 958 1160">
     <span class='ocr_line' id='line_1_2' title="bbox 94 284 941 332; baseline -0.005 -9"><span class='ocrx_word' id='word_1_9' title='bbox 94 288 188 324; x_wconf 86' lang='lat' dir='ltr'>scientia</span> <span class='ocrx_word' id='word_1_10' title='bbox 203 289 223 323; x_wconf 92' lang='lat' dir='ltr'>et</span> <span class='ocrx_word' id='word_1_11' title='bbox 237 286 298 331; x_wconf 80' lang='lat' dir='ltr'>fides,</span> <span class='ocrx_word' id='word_1_12' title='bbox 315 288 380 324; x_wconf 87' lang='lat' dir='ltr'>homo</span> <span class='ocrx_word' id='word_1_13' title='bbox 395 288 477 323; x_wconf 85' lang='lat' dir='ltr'>habere</span> <span class='ocrx_word' id='word_1_14' title='bbox 492 287 565 332; x_wconf 89' lang='lat' dir='ltr'>potest</span> <span class='ocrx_word' id='word_1_15' title='bbox 579 285 740 327; x_wconf 78' lang='lat' dir='ltr'>certitudinem,</span> <span class='ocrx_word' id='word_1_16' title='bbox 757 294 802 320; x_wconf 91' lang='lat' dir='ltr'>non</span> <span class='ocrx_word' id='word_1_17' title='bbox 818 285 844 321; x_wconf 87' lang='lat' dir='ltr'>de</span> <span class='ocrx_word' id='word_1_18' title='bbox 858 284 941 330; x_wconf 85' lang='lat' dir='ltr'>periec-</span> 
     </span>
     <span class='ocr_line' id='line_1_3' title="bbox 93 335 942 385; baseline -0.005 -10"><span class='ocrx_word' id='word_1_19' title='bbox 93 340 192 380; x_wconf 78' lang='lat' dir='ltr'>tionibus</span> <span class='ocrx_word' id='word_1_20' title='bbox 204 340 293 375; x_wconf 80' lang='lat' dir='ltr'>nirtntts</span> <span class='ocrx_word' id='word_1_21' title='bbox 307 339 447 385; x_wconf 79' lang='lat' dir='ltr'>appetitione,</span> <span class='ocrx_word' id='word_1_22' title='bbox 461 338 487 373; x_wconf 91' lang='lat' dir='ltr'>ut</span> <span class='ocrx_word' id='word_1_23' title='bbox 501 338 554 373; x_wconf 89' lang='lat' dir='ltr'>sunt</span> <span class='ocrx_word' id='word_1_24' title='bbox 566 336 675 383; x_wconf 25' lang='lat' dir='ltr'>grana-et</span> <span class='ocrx_word' id='word_1_25' title='bbox 688 336 777 371; x_wconf 84' lang='lat' dir='ltr'>caritas.</span> <span class='ocrx_word' id='word_1_26' title='bbox 791 355 815 361; x_wconf 89' lang='lat'>—</span> <span class='ocrx_word' id='word_1_27' title='bbox 827 337 856 372; x_wconf 88' lang='lat' dir='ltr'>In·</span> <span class='ocrx_word' id='word_1_28' title='bbox 871 346 893 382; x_wconf 85' lang='lat' dir='ltr'>q.</span> <span class='ocrx_word' id='word_1_29' title='bbox 907 335 942 371; x_wconf 81' lang='lat'>113</span> 
     </span>
     <span class='ocr_line' id='line_1_4' title="bbox 40 386 941 437; baseline -0.004 -10"><span class='ocrx_word' id='word_1_30' title='bbox 40 397 42 400; x_wconf 85' lang='lat'>&#39;</span> <span class='ocrx_word' id='word_1_31' title='bbox 96 391 131 437; x_wconf 91' lang='lat' dir='ltr'>(de</span> <span class='ocrx_word' id='word_1_32' title='bbox 149 391 295 427; x_wconf 76' lang='lat' dir='ltr'><strong>effectibus</strong></span> <span class='ocrx_word' id='word_1_33' title='bbox 312 390 498 437; x_wconf 62' lang='lat' dir='ltr'>gratian-muita</span> <span class='ocrx_word' id='word_1_34' title='bbox 515 389 620 426; x_wconf 88' lang='lat' dir='ltr'>dicuntur</span> <span class='ocrx_word' id='word_1_35' title='bbox 638 389 665 424; x_wconf 91' lang='lat' dir='ltr'>de</span> <span class='ocrx_word' id='word_1_36' title='bbox 684 386 864 433; x_wconf 81' lang='lat' dir='ltr'>dispositione</span> <span class='ocrx_word' id='word_1_37' title='bbox 881 397 941 433; x_wconf 90' lang='lat' dir='ltr'>pro-</span> 
     </span>
     <span class='ocr_line' id='line_1_5' title="bbox 92 438 941 489; baseline -0.004 -12"><span class='ocrx_word' id='word_1_38' title='bbox 92 443 173 484; x_wconf 79' lang='lat' dir='ltr'>xima,</span> <span class='ocrx_word' id='word_1_39' title='bbox 188 451 245 487; x_wconf 89' lang='lat' dir='ltr'>quae</span> <span class='ocrx_word' id='word_1_40' title='bbox 257 443 380 489; x_wconf 89' lang='lat' dir='ltr'>concipitur</span> <span class='ocrx_word' id='word_1_41' title='bbox 393 443 510 486; x_wconf 86' lang='lat' dir='ltr'>tamquam</span> <span class='ocrx_word' id='word_1_42' title='bbox 522 441 609 485; x_wconf 82' lang='lat' dir='ltr'>gratiae</span> <span class='ocrx_word' id='word_1_43' title='bbox 622 440 719 477; x_wconf 79' lang='lat' dir='ltr'>eftectus.</span> <span class='ocrx_word' id='word_1_44' title='bbox 735 438 865 475; x_wconf 74' lang='lat' dir='ltr'>laetificatio</span> <span class='ocrx_word' id='word_1_45' title='bbox 877 448 941 484; x_wconf 86' lang='lat' dir='ltr'>prae-</span> 
     </span>
     <span class='ocr_line' id='line_1_6' title="bbox 92 491 940 541; baseline -0.005 -12"><span class='ocrx_word' id='word_1_46' title='bbox 92 496 127 530; x_wconf 89' lang='lat' dir='ltr'>ter</span> <span class='ocrx_word' id='word_1_47' title='bbox 137 494 291 530; x_wconf 84' lang='lat' dir='ltr'>remissionem</span> <span class='ocrx_word' id='word_1_48' title='bbox 301 495 442 541; x_wconf 83' lang='lat' dir='ltr'>peccatorum</span> <span class='ocrx_word' id='word_1_49' title='bbox 455 494 482 540; x_wconf 76' lang='lat' dir='ltr'>(a,</span> <span class='ocrx_word' id='word_1_50' title='bbox 493 492 511 540; x_wconf 85' lang='lat' dir='ltr'>l)</span> <span class='ocrx_word' id='word_1_51' title='bbox 525 493 546 528; x_wconf 90' lang='lat' dir='ltr'>et</span> <span class='ocrx_word' id='word_1_52' title='bbox 556 492 693 528; x_wconf 76' lang='lat' dir='ltr'>infusionem</span> <span class='ocrx_word' id='word_1_53' title='bbox 704 491 790 536; x_wconf 83' lang='lat' dir='ltr'>gratiae</span> <span class='ocrx_word' id='word_1_54' title='bbox 803 491 859 537; x_wconf 73' lang='grc'>(1.2)</span> <span class='ocrx_word' id='word_1_55' title='bbox 872 491 940 526; x_wconf 84' lang='lat' dir='ltr'>etiam</span> 
     </span>
     <span class='ocr_line' id='line_1_7' title="bbox 92 542 940 592; baseline -0.004 -12"><span class='ocrx_word' id='word_1_56' title='bbox 92 545 199 592; x_wconf 88' lang='lat' dir='ltr'>importat</span> <span class='ocrx_word' id='word_1_57' title='bbox 214 546 336 582; x_wconf 89' lang='lat' dir='ltr'>secundum</span> <span class='ocrx_word' id='word_1_58' title='bbox 350 556 369 582; x_wconf 86' lang='lat' dir='ltr'>a.</span> <span class='ocrx_word' id='word_1_59' title='bbox 386 546 399 583; x_wconf 85' lang='grc'><strong>3</strong></span> <span class='ocrx_word' id='word_1_60' title='bbox 413 546 438 582; x_wconf 90' lang='lat' dir='ltr'>in</span> <span class='ocrx_word' id='word_1_61' title='bbox 453 544 530 581; x_wconf 85' lang='lat' dir='ltr'>adulto</span> <span class='ocrx_word' id='word_1_62' title='bbox 545 545 630 580; x_wconf 88' lang='lat' dir='ltr'>motum</span> <span class='ocrx_word' id='word_1_63' title='bbox 644 543 727 579; x_wconf 88' lang='lat' dir='ltr'>liberi</span> <span class='ocrx_word' id='word_1_64' title='bbox 743 542 864 579; x_wconf 83' lang='lat' dir='ltr'>arbitrii.</span> <span class='ocrx_word' id='word_1_65' title='bbox 881 543 940 578; x_wconf 89' lang='lat' dir='ltr'>Deus</span> 
     </span>
     <span class='ocr_line' id='line_1_8' title="bbox 94 593 941 640; baseline -0.006 -7"><span class='ocrx_word' id='word_1_66' title='bbox 94 598 153 633; x_wconf 89' lang='lat' dir='ltr'>enim</span> <span class='ocrx_word' id='word_1_67' title='bbox 168 598 244 632; x_wconf 84' lang='lat' dir='ltr'>omnia</span> <span class='ocrx_word' id='word_1_68' title='bbox 258 598 331 633; x_wconf 86' lang='lat' dir='ltr'>movet</span> <span class='ocrx_word' id='word_1_69' title='bbox 345 599 467 634; x_wconf 86' lang='lat' dir='ltr'>secundum</span> <span class='ocrx_word' id='word_1_70' title='bbox 482 597 574 632; x_wconf 89' lang='lat' dir='ltr'>modum</span> <span class='ocrx_word' id='word_1_71' title='bbox 588 595 772 640; x_wconf 74' lang='lat' dir='ltr'>uniuscuiusque3</span> <span class='ocrx_word' id='word_1_72' title='bbox 788 603 856 639; x_wconf 85' lang='lat' dir='ltr'>quare</span> <span class='ocrx_word' id='word_1_73' title='bbox 872 593 941 629; x_wconf 86' lang='lat' dir='ltr'>homi-</span> 
     </span>
     <span class='ocr_line' id='line_1_9' title="bbox 93 643 938 685; baseline -0.001 -2"><span class='ocrx_word' id='word_1_74' title='bbox 93 658 145 685; x_wconf 88' lang='lat' dir='ltr'>nem</span> <span class='ocrx_word' id='word_1_75' title='bbox 162 649 192 684; x_wconf 77' lang='grc'>111</span> <span class='ocrx_word' id='word_1_76' title='bbox 208 648 318 684; x_wconf 85' lang='lat' dir='ltr'>iustitiam</span> <span class='ocrx_word' id='word_1_77' title='bbox 335 650 408 685; x_wconf 81' lang='lat' dir='ltr'>moret</span> <span class='ocrx_word' id='word_1_78' title='bbox 426 643 549 685; x_wconf 84' lang='lat' dir='ltr'>secundum</span> <span class='ocrx_word' id='word_1_79' title='bbox 566 647 719 683; x_wconf 86' lang='lat' dir='ltr'>condicionem</span> <span class='ocrx_word' id='word_1_80' title='bbox 736 646 831 682; x_wconf 88' lang='lat' dir='ltr'>naturae</span> <span class='ocrx_word' id='word_1_81' title='bbox 848 645 938 682; x_wconf 87' lang='lat' dir='ltr'>liberae.</span> 
     </span>
     <span class='ocr_line' id='line_1_10' title="bbox 92 697 940 747; baseline -0.005 -11"><span class='ocrx_word' id='word_1_82' title='bbox 92 701 152 747; x_wconf 86' lang='lat' dir='ltr'>Ergo</span> <span class='ocrx_word' id='word_1_83' title='bbox 163 701 196 736; x_wconf 83' lang='lat' dir='ltr'>ita</span> <span class='ocrx_word' id='word_1_84' title='bbox 206 700 306 736; x_wconf 77' lang='lat' dir='ltr'>infundit</span> <span class='ocrx_word' id='word_1_85' title='bbox 318 701 400 736; x_wconf 89' lang='lat' dir='ltr'>donum</span> <span class='ocrx_word' id='word_1_86' title='bbox 412 701 499 746; x_wconf 81' lang='lat' dir='ltr'>gratiae</span> <span class='ocrx_word' id='word_1_87' title='bbox 510 699 659 741; x_wconf 76' lang='lat' dir='ltr'>iustificantis</span> <span class='ocrx_word' id='word_1_88' title='bbox 674 699 700 734; x_wconf 92' lang='lat' dir='ltr'>ut</span> <span class='ocrx_word' id='word_1_89' title='bbox 712 699 778 734; x_wconf 82' lang='lat' dir='ltr'>simul</span> <span class='ocrx_word' id='word_1_90' title='bbox 790 699 877 733; x_wconf 82' lang='lat' dir='ltr'>moveat</span> <span class='ocrx_word' id='word_1_91' title='bbox 890 697 940 732; x_wconf 86' lang='lat' dir='ltr'>libe-</span> 
     </span>
     <span class='ocr_line' id='line_1_11' title="bbox 93 750 941 799; baseline -0.001 -13"><span class='ocrx_word' id='word_1_92' title='bbox 93 760 144 786; x_wconf 84' lang='lat' dir='ltr'>mm</span> <span class='ocrx_word' id='word_1_93' title='bbox 161 752 280 787; x_wconf 77' lang='lat' dir='ltr'>arbitrium</span> <span class='ocrx_word' id='word_1_94' title='bbox 297 753 326 788; x_wconf 89' lang='lat' dir='ltr'>ad</span> <span class='ocrx_word' id='word_1_95' title='bbox 342 753 399 789; x_wconf 88' lang='lat' dir='ltr'>illud</span> <span class='ocrx_word' id='word_1_96' title='bbox 416 752 584 799; x_wconf 83' lang='lat' dir='ltr'>acceptandum.</span> <span class='ocrx_word' id='word_1_97' title='bbox 602 771 625 776; x_wconf 96' lang='lat'>—</span> <span class='ocrx_word' id='word_1_98' title='bbox 642 751 672 798; x_wconf 69' lang='lat' dir='ltr'>ad</span> <span class='ocrx_word' id='word_1_99' title='bbox 691 750 712 788; x_wconf 87' lang='lat'>1:</span> <span class='ocrx_word' id='word_1_100' title='bbox 733 751 801 786; x_wconf 91' lang='lat' dir='ltr'>Pueri</span> <span class='ocrx_word' id='word_1_101' title='bbox 819 750 875 785; x_wconf 90' lang='lat' dir='ltr'>sicut</span> <span class='ocrx_word' id='word_1_102' title='bbox 893 759 941 796; x_wconf 89' lang='lat' dir='ltr'>pec-</span> 
     </span>
     <span class='ocr_line' id='line_1_12' title="bbox 93 801 938 847; baseline -0.002 -9"><span class='ocrx_word' id='word_1_103' title='bbox 93 804 174 847; x_wconf 86' lang='lat' dir='ltr'>catum,</span> <span class='ocrx_word' id='word_1_104' title='bbox 193 803 226 839; x_wconf 86' lang='lat' dir='ltr'>ita</span> <span class='ocrx_word' id='word_1_105' title='bbox 243 804 310 839; x_wconf 86' lang='lat' dir='ltr'>etiam</span> <span class='ocrx_word' id='word_1_106' title='bbox 326 804 437 840; x_wconf 89' lang='lat' dir='ltr'>iustitiam</span> <span class='ocrx_word' id='word_1_107' title='bbox 453 804 537 840; x_wconf 89' lang='lat' dir='ltr'>habent</span> <span class='ocrx_word' id='word_1_108' title='bbox 554 804 601 840; x_wconf 92' lang='lat' dir='ltr'>sine</span> <span class='ocrx_word' id='word_1_109' title='bbox 619 803 672 839; x_wconf 84' lang='lat' dir='ltr'>actu</span> <span class='ocrx_word' id='word_1_110' title='bbox 689 803 793 847; x_wconf 85' lang='lat' dir='ltr'>propriae</span> <span class='ocrx_word' id='word_1_111' title='bbox 810 801 938 838; x_wconf 86' lang='lat' dir='ltr'>voluntatis.</span> 
     </span>
     <span class='ocr_line' id='line_1_13' title="bbox 92 853 958 899; baseline 0 -8"><span class='ocrx_word' id='word_1_112' title='bbox 92 874 115 880; x_wconf 80' lang='lat'>—</span> <span class='ocrx_word' id='word_1_113' title='bbox 128 865 147 891; x_wconf 85' lang='lat' dir='ltr'>a.</span> <span class='ocrx_word' id='word_1_114' title='bbox 162 855 185 891; x_wconf 77' lang='lat' dir='ltr'>l:</span> <span class='ocrx_word' id='word_1_115' title='bbox 200 856 259 890; x_wconf 87' lang='lat' dir='ltr'>Deus</span> <span class='ocrx_word' id='word_1_116' title='bbox 272 856 344 891; x_wconf 90' lang='lat' dir='ltr'>movet</span> <span class='ocrx_word' id='word_1_117' title='bbox 356 856 456 891; x_wconf 88' lang='lat' dir='ltr'>animam</span> <span class='ocrx_word' id='word_1_118' title='bbox 468 855 615 891; x_wconf 84' lang='lat' dir='ltr'>convertendo</span> <span class='ocrx_word' id='word_1_119' title='bbox 630 863 680 890; x_wconf 89' lang='lat' dir='ltr'>eam</span> <span class='ocrx_word' id='word_1_120' title='bbox 693 855 722 890; x_wconf 82' lang='lat' dir='ltr'>ad</span> <span class='ocrx_word' id='word_1_121' title='bbox 736 863 759 889; x_wconf 94' lang='lat' dir='ltr'>se</span> <span class='ocrx_word' id='word_1_122' title='bbox 772 853 853 899; x_wconf 89' lang='lat' dir='ltr'>ipsum;</span> <span class='ocrx_word' id='word_1_123' title='bbox 866 853 941 899; x_wconf 87' lang='lat' dir='ltr'>prima</span> <span class='ocrx_word' id='word_1_124' title='bbox 957 887 958 891; x_wconf 72' lang='grc'>,</span> 
     </span>
     <span class='ocr_line' id='line_1_14' title="bbox 93 905 940 954; baseline 0 -13"><span class='ocrx_word' id='word_1_125' title='bbox 93 906 169 942; x_wconf 89' lang='lat' dir='ltr'>autem</span> <span class='ocrx_word' id='word_1_126' title='bbox 186 907 297 954; x_wconf 82' lang='lat' dir='ltr'>conversio</span> <span class='ocrx_word' id='word_1_127' title='bbox 315 906 360 943; x_wconf 85' lang='lat' dir='ltr'>sive</span> <span class='ocrx_word' id='word_1_128' title='bbox 375 907 439 943; x_wconf 76' lang='lat' dir='ltr'>iuxta</span> <span class='ocrx_word' id='word_1_129' title='bbox 454 908 514 943; x_wconf 89' lang='lat' dir='ltr'>Hebr</span> <span class='ocrx_word' id='word_1_130' title='bbox 531 906 560 950; x_wconf 85' lang='lat'>11,</span> <span class='ocrx_word' id='word_1_131' title='bbox 579 906 591 943; x_wconf 88' lang='grc'>6</span> <span class='ocrx_word' id='word_1_132' title='bbox 607 915 709 941; x_wconf 79' lang='lat' dir='ltr'>accessus</span> <span class='ocrx_word' id='word_1_133' title='bbox 727 906 756 941; x_wconf 91' lang='lat' dir='ltr'>ad</span> <span class='ocrx_word' id='word_1_134' title='bbox 772 907 843 941; x_wconf 85' lang='lat' dir='ltr'>Deum</span> <span class='ocrx_word' id='word_1_135' title='bbox 859 905 884 940; x_wconf 89' lang='lat' dir='ltr'>fit</span> <span class='ocrx_word' id='word_1_136' title='bbox 900 914 940 951; x_wconf 90' lang='lat' dir='ltr'>per</span> 
     </span>
     <span class='ocr_line' id='line_1_15' title="bbox 92 957 940 1003; baseline 0 -11"><span class='ocrx_word' id='word_1_137' title='bbox 92 958 184 993; x_wconf 83' lang='lat' dir='ltr'>tidem.</span> <span class='ocrx_word' id='word_1_138' title='bbox 200 977 223 983; x_wconf 86' lang='lat'>-</span> <span class='ocrx_word' id='word_1_139' title='bbox 237 959 267 994; x_wconf 87' lang='lat' dir='ltr'>ad</span> <span class='ocrx_word' id='word_1_140' title='bbox 282 958 303 995; x_wconf 88' lang='lat'>1:</span> <span class='ocrx_word' id='word_1_141' title='bbox 321 959 387 995; x_wconf 86' lang='lat' dir='ltr'>Recte</span> <span class='ocrx_word' id='word_1_142' title='bbox 403 959 484 994; x_wconf 84' lang='lat' dir='ltr'>etiam</span> <span class='ocrx_word' id='word_1_143' title='bbox 499 959 564 995; x_wconf 86' lang='lat' dir='ltr'>aliis</span> <span class='ocrx_word' id='word_1_144' title='bbox 580 958 687 994; x_wconf 81' lang='lat' dir='ltr'>actibus</span> <span class='ocrx_word' id='word_1_145' title='bbox 702 967 717 994; x_wconf 84' lang='lat' dir='ltr'>a</span> <span class='ocrx_word' id='word_1_146' title='bbox 732 958 848 1003; x_wconf 80' lang='lat' dir='ltr'>Scriptura</span> <span class='ocrx_word' id='word_1_147' title='bbox 863 957 940 992; x_wconf 84' lang='lat' dir='ltr'>tribui-</span> 
     </span>
     <span class='ocr_line' id='line_1_16' title="bbox 92 1009 940 1055; baseline 0 -11"><span class='ocrx_word' id='word_1_148' title='bbox 92 1011 130 1044; x_wconf 86' lang='lat' dir='ltr'>tur</span> <span class='ocrx_word' id='word_1_149' title='bbox 142 1009 277 1046; x_wconf 66' lang='lat' dir='ltr'>iustificatio,</span> <span class='ocrx_word' id='word_1_150' title='bbox 293 1011 355 1046; x_wconf 87' lang='lat' dir='ltr'>Unus</span> <span class='ocrx_word' id='word_1_151' title='bbox 368 1011 470 1055; x_wconf 85' lang='lat' dir='ltr'>idemque</span> <span class='ocrx_word' id='word_1_152' title='bbox 484 1011 554 1055; x_wconf 77' lang='lat' dir='ltr'>actus,</span> <span class='ocrx_word' id='word_1_153' title='bbox 569 1011 622 1055; x_wconf 81' lang='lat' dir='ltr'>quia</span> <span class='ocrx_word' id='word_1_154' title='bbox 635 1010 668 1046; x_wconf 91' lang='lat' dir='ltr'>est</span> <span class='ocrx_word' id='word_1_155' title='bbox 682 1009 814 1046; x_wconf 84' lang='lat' dir='ltr'>ordinabilis</span> <span class='ocrx_word' id='word_1_156' title='bbox 828 1010 940 1046; x_wconf 78' lang='grc'>111111111-</span> 
     </span>
     <span class='ocr_line' id='line_1_17' title="bbox 93 1061 939 1107; baseline -0.001 -11"><span class='ocrx_word' id='word_1_157' title='bbox 93 1070 129 1096; x_wconf 91' lang='lat' dir='ltr'>sos</span> <span class='ocrx_word' id='word_1_158' title='bbox 143 1061 205 1103; x_wconf 87' lang='lat' dir='ltr'>fines,</span> <span class='ocrx_word' id='word_1_159' title='bbox 220 1062 293 1107; x_wconf 86' lang='lat' dir='ltr'>potest</span> <span class='ocrx_word' id='word_1_160' title='bbox 307 1071 354 1097; x_wconf 88' lang='lat' dir='ltr'>esse</span> <span class='ocrx_word' id='word_1_161' title='bbox 370 1062 510 1097; x_wconf 84' lang='lat' dir='ltr'>diversarum</span> <span class='ocrx_word' id='word_1_162' title='bbox 524 1062 637 1097; x_wconf 90' lang='lat' dir='ltr'>virtutum.</span> <span class='ocrx_word' id='word_1_163' title='bbox 655 1061 752 1098; x_wconf 89' lang='lat' dir='ltr'>Ultimus</span> <span class='ocrx_word' id='word_1_164' title='bbox 769 1061 831 1097; x_wconf 86' lang='lat' dir='ltr'>actus</span> <span class='ocrx_word' id='word_1_165' title='bbox 847 1061 939 1107; x_wconf 87' lang='lat' dir='ltr'>disposi-</span> 
     </span>
     <span class='ocr_line' id='line_1_18' title="bbox 92 1112 939 1160; baseline 0 -13"><span class='ocrx_word' id='word_1_166' title='bbox 92 1114 158 1155; x_wconf 88' lang='lat' dir='ltr'>tivus,</span> <span class='ocrx_word' id='word_1_167' title='bbox 174 1113 219 1151; x_wconf 85' lang='lat' dir='ltr'>scil.</span> <span class='ocrx_word' id='word_1_168' title='bbox 235 1114 309 1149; x_wconf 89' lang='lat' dir='ltr'>motus</span> <span class='ocrx_word' id='word_1_169' title='bbox 322 1113 374 1149; x_wconf 83' lang='lat' dir='ltr'>fidei</span> <span class='ocrx_word' id='word_1_170' title='bbox 387 1114 498 1160; x_wconf 78' lang='lat' dir='ltr'>periectos</span> <span class='ocrx_word' id='word_1_171' title='bbox 513 1115 534 1150; x_wconf 93' lang='lat' dir='ltr'>et</span> <span class='ocrx_word' id='word_1_172' title='bbox 546 1113 677 1156; x_wconf 71' lang='lat' dir='ltr'>iustificam,</span> <span class='ocrx_word' id='word_1_173' title='bbox 694 1114 726 1149; x_wconf 90' lang='lat' dir='ltr'>est</span> <span class='ocrx_word' id='word_1_174' title='bbox 739 1113 857 1149; x_wconf 88' lang='lat' dir='ltr'>caritate</span> <span class='ocrx_word' id='word_1_175' title='bbox 871 1112 939 1147; x_wconf 83' lang='lat' dir='ltr'>intor-</span> 
     </span>
    </p>
   </div>
   <div class='ocr_carea' id='block_1_3' title="bbox 27 1165 940 1209">
    <p class='ocr_par' dir='ltr' id='par_1_3' title="bbox 27 1165 940 1209">
     <span class='ocr_line' id='line_1_19' title="bbox 27 1165 940 1209; baseline 0 -10"><span class='ocrx_word' id='word_1_176' title='bbox 27 1182 29 1188; x_wconf 94' lang='lat'><em>·</em></span> <span class='ocrx_word' id='word_1_177' title='bbox 92 1165 168 1200; x_wconf 90' lang='lat' dir='ltr'>matus</span> <span class='ocrx_word' id='word_1_178' title='bbox 190 1165 210 1200; x_wconf 90' lang='lat' dir='ltr'>et</span> <span class='ocrx_word' id='word_1_179' title='bbox 232 1174 277 1209; x_wconf 84' lang='lat' dir='ltr'>qua</span> <span class='ocrx_word' id='word_1_180' title='bbox 298 1165 372 1200; x_wconf 90' lang='lat' dir='ltr'>motus</span> <span class='ocrx_word' id='word_1_181' title='bbox 395 1166 537 1201; x_wconf 87' lang='lat' dir='ltr'>subiectionis</span> <span class='ocrx_word' id='word_1_182' title='bbox 561 1167 601 1201; x_wconf 89' lang='lat' dir='ltr'>sub</span> <span class='ocrx_word' id='word_1_183' title='bbox 622 1166 668 1201; x_wconf 91' lang='lat' dir='ltr'>Deo</span> <span class='ocrx_word' id='word_1_184' title='bbox 692 1166 725 1201; x_wconf 88' lang='lat' dir='ltr'>est</span> <span class='ocrx_word' id='word_1_185' title='bbox 747 1165 810 1200; x_wconf 86' lang='lat' dir='ltr'>actus</span> <span class='ocrx_word' id='word_1_186' title='bbox 831 1165 940 1200; x_wconf 88' lang='lat' dir='ltr'>timoris</span> 
     </span>
    </p>
   </div>
   <div class='ocr_carea' id='block_1_4' title="bbox 90 1216 940 2650">
    <p class='ocr_par' dir='ltr' id='par_1_4' title="bbox 90 1216 940 2650">
     <span class='ocr_line' id='line_1_20' title="bbox 91 1216 939 1267; baseline 0.001 -17"><span class='ocrx_word' id='word_1_187' title='bbox 91 1216 195 1267; x_wconf 81' lang='lat' dir='ltr'>filialis</span> <span class='ocrx_word' id='word_1_188' title='bbox 221 1216 243 1251; x_wconf 89' lang='lat' dir='ltr'>et</span> <span class='ocrx_word' id='word_1_189' title='bbox 269 1216 446 1254; x_wconf 87' lang='lat' dir='ltr'>humilitatis.</span> <span class='ocrx_word' id='word_1_190' title='bbox 474 1218 541 1252; x_wconf 86' lang='lat' dir='ltr'>Actus</span> <span class='ocrx_word' id='word_1_191' title='bbox 568 1216 775 1253; x_wconf 75' lang='lat' dir='ltr'>misericordiae</span> <span class='ocrx_word' id='word_1_192' title='bbox 801 1216 872 1262; x_wconf 87' lang='lat' dir='ltr'>potest</span> <span class='ocrx_word' id='word_1_193' title='bbox 900 1225 939 1261; x_wconf 89' lang='lat' dir='ltr'>per</span> 
     </span>
     <span class='ocr_line' id='line_1_21' title="bbox 91 1267 939 1315; baseline 0 -12"><span class='ocrx_word' id='word_1_194' title='bbox 91 1269 183 1305; x_wconf 89' lang='lat' dir='ltr'>modum</span> <span class='ocrx_word' id='word_1_195' title='bbox 199 1269 380 1315; x_wconf 77' lang='lat' dir='ltr'>praeparationis</span> <span class='ocrx_word' id='word_1_196' title='bbox 396 1269 539 1314; x_wconf 76' lang='lat' dir='ltr'>imperfectae</span> <span class='ocrx_word' id='word_1_197' title='bbox 557 1269 689 1314; x_wconf 87' lang='lat' dir='ltr'>praecedere</span> <span class='ocrx_word' id='word_1_198' title='bbox 707 1267 887 1304; x_wconf 86' lang='lat' dir='ltr'>iustificationem</span> <span class='ocrx_word' id='word_1_199' title='bbox 904 1268 939 1304; x_wconf 87' lang='lat' dir='ltr'>vel</span> 
     </span>
     <span class='ocr_line' id='line_1_22' title="bbox 92 1320 936 1366; baseline 0 -10"><span class='ocrx_word' id='word_1_200' title='bbox 92 1321 161 1357; x_wconf 88' lang='lat' dir='ltr'>etiam</span> <span class='ocrx_word' id='word_1_201' title='bbox 171 1321 200 1356; x_wconf 87' lang='lat' dir='ltr'>ad</span> <span class='ocrx_word' id='word_1_202' title='bbox 211 1321 305 1356; x_wconf 88' lang='lat' dir='ltr'>eandem</span> <span class='ocrx_word' id='word_1_203' title='bbox 314 1329 452 1363; x_wconf 87' lang='lat' dir='ltr'>concurrere,</span> <span class='ocrx_word' id='word_1_204' title='bbox 464 1321 531 1366; x_wconf 88' lang='lat' dir='ltr'>prout</span> <span class='ocrx_word' id='word_1_205' title='bbox 541 1320 663 1356; x_wconf 87' lang='lat' dir='ltr'>includitur</span> <span class='ocrx_word' id='word_1_206' title='bbox 674 1321 699 1355; x_wconf 92' lang='lat' dir='ltr'>in</span> <span class='ocrx_word' id='word_1_207' title='bbox 710 1320 825 1356; x_wconf 81' lang='lat' dir='ltr'>dilectione</span> <span class='ocrx_word' id='word_1_208' title='bbox 836 1320 936 1365; x_wconf 80' lang='lat' dir='ltr'>proximi.</span> 
     </span>
     <span class='ocr_line' id='line_1_23' title="bbox 90 1371 939 1421; baseline -0.004 -13"><span class='ocrx_word' id='word_1_209' title='bbox 90 1392 114 1397; x_wconf 89' lang='lat'>—</span> <span class='ocrx_word' id='word_1_210' title='bbox 127 1373 156 1408; x_wconf 86' lang='lat' dir='ltr'>ad</span> <span class='ocrx_word' id='word_1_211' title='bbox 169 1373 192 1409; x_wconf 77' lang='lat'>2:</span> <span class='ocrx_word' id='word_1_212' title='bbox 207 1373 242 1408; x_wconf 83' lang='lat' dir='ltr'>Ad</span> <span class='ocrx_word' id='word_1_213' title='bbox 254 1373 313 1408; x_wconf 85' lang='lat' dir='ltr'>hanc</span> <span class='ocrx_word' id='word_1_214' title='bbox 327 1373 493 1421; x_wconf 81' lang='lat' dir='ltr'>conversionem</span> <span class='ocrx_word' id='word_1_215' title='bbox 506 1381 552 1407; x_wconf 87' lang='lat' dir='ltr'>non</span> <span class='ocrx_word' id='word_1_216' title='bbox 566 1371 650 1417; x_wconf 67' lang='grc'>11111111</span> <span class='ocrx_word' id='word_1_217' title='bbox 663 1372 775 1407; x_wconf 77' lang='lat' dir='ltr'>naturalis</span> <span class='ocrx_word' id='word_1_218' title='bbox 790 1371 885 1416; x_wconf 75' lang='lat' dir='ltr'>capnitis</span> <span class='ocrx_word' id='word_1_219' title='bbox 899 1372 939 1407; x_wconf 83' lang='lat' dir='ltr'>Dei</span> 
     </span>
     <span class='ocr_line' id='line_1_24' title="bbox 95 1423 936 1470; baseline -0.001 -11"><span class='ocrx_word' id='word_1_220' title='bbox 95 1424 141 1469; x_wconf 88' lang='lat' dir='ltr'>(sed</span> <span class='ocrx_word' id='word_1_221' title='bbox 161 1424 283 1468; x_wconf 78' lang='lat' dir='ltr'>requiritur</span> <span class='ocrx_word' id='word_1_222' title='bbox 301 1423 356 1460; x_wconf 88' lang='lat' dir='ltr'>fides</span> <span class='ocrx_word' id='word_1_223' title='bbox 374 1424 464 1470; x_wconf 88' lang='lat' dir='ltr'>proprie</span> <span class='ocrx_word' id='word_1_224' title='bbox 485 1424 546 1459; x_wconf 87' lang='lat' dir='ltr'>dicta</span> <span class='ocrx_word' id='word_1_225' title='bbox 565 1423 586 1459; x_wconf 90' lang='lat' dir='ltr'>et</span> <span class='ocrx_word' id='word_1_226' title='bbox 606 1423 801 1469; x_wconf 88' lang='lat' dir='ltr'>supernaturalis).</span> <span class='ocrx_word' id='word_1_227' title='bbox 822 1443 845 1449; x_wconf 83' lang='lat'>-</span> <span class='ocrx_word' id='word_1_228' title='bbox 865 1425 894 1459; x_wconf 88' lang='lat' dir='ltr'>ad</span> <span class='ocrx_word' id='word_1_229' title='bbox 914 1423 936 1460; x_wconf 83' lang='lat'>3:</span> 
     </span>
     <span class='ocr_line' id='line_1_25' title="bbox 92 1475 939 1521; baseline -0.002 -10"><span class='ocrx_word' id='word_1_230' title='bbox 92 1476 220 1520; x_wconf 85' lang='lat' dir='ltr'>Requiritur</span> <span class='ocrx_word' id='word_1_231' title='bbox 246 1476 317 1511; x_wconf 84' lang='lat' dir='ltr'>tides</span> <span class='ocrx_word' id='word_1_232' title='bbox 342 1476 370 1510; x_wconf 91' lang='lat' dir='ltr'>in</span> <span class='ocrx_word' id='word_1_233' title='bbox 395 1477 476 1511; x_wconf 91' lang='lat' dir='ltr'>Deum</span> <span class='ocrx_word' id='word_1_234' title='bbox 502 1475 717 1511; x_wconf 77' lang='lat' dir='ltr'>iustificatorem</span> <span class='ocrx_word' id='word_1_235' title='bbox 742 1484 782 1521; x_wconf 90' lang='lat' dir='ltr'>per</span> <span class='ocrx_word' id='word_1_236' title='bbox 807 1475 939 1520; x_wconf 82' lang='lat' dir='ltr'>mysterium</span> 
     </span>
     <span class='ocr_line' id='line_1_26' title="bbox 93 1527 940 1572; baseline -0.002 -9"><span class='ocrx_word' id='word_1_237' title='bbox 93 1527 181 1563; x_wconf 87' lang='lat' dir='ltr'>Christi.</span> <span class='ocrx_word' id='word_1_238' title='bbox 198 1528 255 1562; x_wconf 80' lang='lat' dir='ltr'>-a</span> <span class='ocrx_word' id='word_1_239' title='bbox 273 1527 295 1563; x_wconf 88' lang='lat'>5:</span> <span class='ocrx_word' id='word_1_240' title='bbox 314 1527 369 1562; x_wconf 89' lang='lat' dir='ltr'>Cum</span> <span class='ocrx_word' id='word_1_241' title='bbox 383 1528 409 1562; x_wconf 90' lang='lat' dir='ltr'>in</span> <span class='ocrx_word' id='word_1_242' title='bbox 423 1528 483 1562; x_wconf 89' lang='lat' dir='ltr'>omni</span> <span class='ocrx_word' id='word_1_243' title='bbox 499 1527 561 1562; x_wconf 91' lang='lat' dir='ltr'>motu</span> <span class='ocrx_word' id='word_1_244' title='bbox 577 1528 644 1562; x_wconf 85' lang='lat' dir='ltr'>etiam</span> <span class='ocrx_word' id='word_1_245' title='bbox 660 1528 767 1563; x_wconf 82' lang='lat' dir='ltr'>terminus</span> <span class='ocrx_word' id='word_1_246' title='bbox 784 1536 798 1562; x_wconf 86' lang='lat' dir='ltr'>n</span> <span class='ocrx_word' id='word_1_247' title='bbox 814 1536 855 1572; x_wconf 78' lang='lat' dir='ltr'>qno</span> <span class='ocrx_word' id='word_1_248' title='bbox 871 1527 940 1572; x_wconf 87' lang='lat' dir='ltr'>respi-</span> 
     </span>
     <span class='ocr_line' id='line_1_27' title="bbox 91 1578 939 1622; baseline 0.001 -9"><span class='ocrx_word' id='word_1_249' title='bbox 91 1578 183 1613; x_wconf 87' lang='lat' dir='ltr'>ciendus</span> <span class='ocrx_word' id='word_1_250' title='bbox 200 1579 236 1620; x_wconf 87' lang='lat' dir='ltr'>sit,</span> <span class='ocrx_word' id='word_1_251' title='bbox 253 1587 317 1613; x_wconf 89' lang='lat' dir='ltr'>mens</span> <span class='ocrx_word' id='word_1_252' title='bbox 333 1578 440 1622; x_wconf 85' lang='lat' dir='ltr'>humana,</span> <span class='ocrx_word' id='word_1_253' title='bbox 459 1579 566 1615; x_wconf 82' lang='lat' dir='ltr'>accedens</span> <span class='ocrx_word' id='word_1_254' title='bbox 584 1580 613 1615; x_wconf 89' lang='lat' dir='ltr'>ad</span> <span class='ocrx_word' id='word_1_255' title='bbox 629 1580 707 1621; x_wconf 85' lang='lat' dir='ltr'>Deum,</span> <span class='ocrx_word' id='word_1_256' title='bbox 727 1579 790 1615; x_wconf 85' lang='lat' dir='ltr'>debet</span> <span class='ocrx_word' id='word_1_257' title='bbox 806 1578 907 1614; x_wconf 83' lang='lat' dir='ltr'>recedere</span> <span class='ocrx_word' id='word_1_258' title='bbox 925 1589 939 1614; x_wconf 92' lang='lat' dir='ltr'>a</span> 
     </span>
     <span class='ocr_line' id='line_1_28' title="bbox 91 1629 939 1675; baseline 0 -10"><span class='ocrx_word' id='word_1_259' title='bbox 91 1630 187 1675; x_wconf 87' lang='lat' dir='ltr'>peccato,</span> <span class='ocrx_word' id='word_1_260' title='bbox 202 1630 215 1666; x_wconf 92' lang='grc'>1,</span> <span class='ocrx_word' id='word_1_261' title='bbox 231 1629 248 1665; x_wconf 82' lang='grc'>’1.</span> <span class='ocrx_word' id='word_1_262' title='bbox 263 1638 303 1675; x_wconf 85' lang='lat' dir='ltr'>per</span> <span class='ocrx_word' id='word_1_263' title='bbox 316 1630 451 1666; x_wconf 86' lang='lat' dir='ltr'>desiderium</span> <span class='ocrx_word' id='word_1_264' title='bbox 464 1632 557 1666; x_wconf 87' lang='lat' dir='ltr'>tendens</span> <span class='ocrx_word' id='word_1_265' title='bbox 571 1631 595 1665; x_wconf 89' lang='lat' dir='ltr'>in</span> <span class='ocrx_word' id='word_1_266' title='bbox 608 1631 648 1666; x_wconf 85' lang='lat' dir='ltr'>Dei</span> <span class='ocrx_word' id='word_1_267' title='bbox 661 1631 778 1673; x_wconf 85' lang='lat' dir='ltr'>iustitiam,</span> <span class='ocrx_word' id='word_1_268' title='bbox 794 1631 860 1666; x_wconf 85' lang='lat' dir='ltr'>simui</span> <span class='ocrx_word' id='word_1_269' title='bbox 875 1631 939 1667; x_wconf 92' lang='lat' dir='ltr'>debet</span> 
     </span>
     <span class='ocr_line' id='line_1_29' title="bbox 92 1681 938 1727; baseline 0.001 -11"><span class='ocrx_word' id='word_1_270' title='bbox 92 1682 390 1726; x_wconf 81' lang='lat' dir='ltr'>detestaripeccatum.</span> <span class='ocrx_word' id='word_1_271' title='bbox 408 1701 431 1707; x_wconf 83' lang='lat'>—-</span> <span class='ocrx_word' id='word_1_272' title='bbox 447 1683 475 1718; x_wconf 82' lang='lat' dir='ltr'>ad</span> <span class='ocrx_word' id='word_1_273' title='bbox 494 1681 515 1719; x_wconf 89' lang='lat'>1:</span> <span class='ocrx_word' id='word_1_274' title='bbox 536 1683 569 1717; x_wconf 88' lang='lat' dir='ltr'>Ad</span> <span class='ocrx_word' id='word_1_275' title='bbox 586 1682 703 1718; x_wconf 86' lang='lat' dir='ltr'>caritatem</span> <span class='ocrx_word' id='word_1_276' title='bbox 720 1683 815 1727; x_wconf 84' lang='lat' dir='ltr'>pertinet</span> <span class='ocrx_word' id='word_1_277' title='bbox 833 1682 938 1717; x_wconf 86' lang='lat' dir='ltr'>detestari</span> 
     </span>
     <span class='ocr_line' id='line_1_30' title="bbox 91 1733 938 1780; baseline -0.002 -10"><span class='ocrx_word' id='word_1_278' title='bbox 91 1734 188 1780; x_wconf 88' lang='lat' dir='ltr'>peccata.</span> <span class='ocrx_word' id='word_1_279' title='bbox 200 1753 224 1759; x_wconf 79' lang='grc'><strong>-</strong></span> <span class='ocrx_word' id='word_1_280' title='bbox 234 1735 264 1769; x_wconf 86' lang='lat' dir='ltr'>ad</span> <span class='ocrx_word' id='word_1_281' title='bbox 274 1733 296 1770; x_wconf 86' lang='lat'>3:</span> <span class='ocrx_word' id='word_1_282' title='bbox 312 1733 402 1776; x_wconf 82' lang='lat' dir='ltr'>Sufficit,</span> <span class='ocrx_word' id='word_1_283' title='bbox 416 1734 440 1769; x_wconf 93' lang='lat' dir='ltr'>ut</span> <span class='ocrx_word' id='word_1_284' title='bbox 451 1734 476 1769; x_wconf 92' lang='lat' dir='ltr'>in</span> <span class='ocrx_word' id='word_1_285' title='bbox 486 1734 549 1769; x_wconf 87' lang='lat' dir='ltr'>motu</span> <span class='ocrx_word' id='word_1_286' title='bbox 561 1734 705 1769; x_wconf 86' lang='lat' dir='ltr'>concurrente</span> <span class='ocrx_word' id='word_1_287' title='bbox 717 1734 746 1769; x_wconf 90' lang='lat' dir='ltr'>ad</span> <span class='ocrx_word' id='word_1_288' title='bbox 758 1733 938 1769; x_wconf 74' lang='lat' dir='ltr'>tristificationem</span> 
     </span>
     <span class='ocr_line' id='line_1_31' title="bbox 91 1785 937 1831; baseline 0 -10"><span class='ocrx_word' id='word_1_289' title='bbox 91 1787 156 1821; x_wconf 87' lang='lat' dir='ltr'>bomo</span> <span class='ocrx_word' id='word_1_290' title='bbox 170 1785 327 1820; x_wconf 79' lang='lat' dir='ltr'>uniuersaliter</span> <span class='ocrx_word' id='word_1_291' title='bbox 341 1785 416 1820; x_wconf 83' lang='grc'>11111111</span> <span class='ocrx_word' id='word_1_292' title='bbox 430 1785 521 1831; x_wconf 87' lang='lat' dir='ltr'>peccata</span> <span class='ocrx_word' id='word_1_293' title='bbox 535 1785 653 1821; x_wconf 84' lang='lat' dir='ltr'>commissa</span> <span class='ocrx_word' id='word_1_294' title='bbox 667 1786 792 1827; x_wconf 82' lang='lat' dir='ltr'>detestetur,</span> <span class='ocrx_word' id='word_1_295' title='bbox 808 1786 866 1821; x_wconf 91' lang='lat' dir='ltr'>inter</span> <span class='ocrx_word' id='word_1_296' title='bbox 881 1795 937 1830; x_wconf 84' lang='lat' dir='ltr'>quae</span> 
     </span>
     <span class='ocr_line' id='line_1_32' title="bbox 92 1837 937 1883; baseline 0.001 -11"><span class='ocrx_word' id='word_1_297' title='bbox 92 1837 159 1873; x_wconf 84' lang='lat' dir='ltr'>etiam</span> <span class='ocrx_word' id='word_1_298' title='bbox 177 1837 323 1872; x_wconf 87' lang='lat' dir='ltr'>includuntur</span> <span class='ocrx_word' id='word_1_299' title='bbox 339 1837 431 1883; x_wconf 87' lang='lat' dir='ltr'>peccata</span> <span class='ocrx_word' id='word_1_300' title='bbox 448 1837 554 1872; x_wconf 89' lang='lat' dir='ltr'>oblivioni</span> <span class='ocrx_word' id='word_1_301' title='bbox 571 1837 660 1872; x_wconf 85' lang='lat' dir='ltr'>tradita.</span> <span class='ocrx_word' id='word_1_302' title='bbox 680 1856 704 1862; x_wconf 99' lang='lat'>—</span> <span class='ocrx_word' id='word_1_303' title='bbox 721 1847 740 1872; x_wconf 86' lang='lat' dir='ltr'>a.</span> <span class='ocrx_word' id='word_1_304' title='bbox 760 1837 782 1873; x_wconf 73' lang='grc' dir='ltr'>ὅς</span> <span class='ocrx_word' id='word_1_305' title='bbox 805 1838 937 1880; x_wconf 86' lang='lat' dir='ltr'>Quattuor</span> 
     </span>
     <span class='ocr_line' id='line_1_33' title="bbox 91 1888 937 1934; baseline 0 -11"><span class='ocrx_word' id='word_1_306' title='bbox 91 1889 160 1934; x_wconf 83' lang='lat' dir='ltr'>igitur</span> <span class='ocrx_word' id='word_1_307' title='bbox 176 1888 320 1934; x_wconf 86' lang='lat' dir='ltr'>requiruntur</span> <span class='ocrx_word' id='word_1_308' title='bbox 336 1889 365 1924; x_wconf 90' lang='lat' dir='ltr'>ad</span> <span class='ocrx_word' id='word_1_309' title='bbox 380 1888 562 1924; x_wconf 87' lang='lat' dir='ltr'>iustificationem</span> <span class='ocrx_word' id='word_1_310' title='bbox 577 1888 646 1934; x_wconf 88' lang='lat' dir='ltr'>impii.</span> <span class='ocrx_word' id='word_1_311' title='bbox 664 1890 692 1924; x_wconf 90' lang='lat' dir='ltr'>In</span> <span class='ocrx_word' id='word_1_312' title='bbox 707 1890 767 1924; x_wconf 88' lang='lat' dir='ltr'>omni</span> <span class='ocrx_word' id='word_1_313' title='bbox 782 1889 844 1925; x_wconf 87' lang='lat' dir='ltr'>motu</span> <span class='ocrx_word' id='word_1_314' title='bbox 860 1888 937 1924; x_wconf 88' lang='lat' dir='ltr'>distin-</span> 
     </span>
     <span class='ocr_line' id='line_1_34' title="bbox 91 1940 937 1988; baseline 0.001 -12"><span class='ocrx_word' id='word_1_315' title='bbox 91 1941 191 1985; x_wconf 81' lang='lat' dir='ltr'>guuntur</span> <span class='ocrx_word' id='word_1_316' title='bbox 202 1940 270 1988; x_wconf 86' lang='lat' dir='ltr'>motio</span> <span class='ocrx_word' id='word_1_317' title='bbox 281 1940 396 1983; x_wconf 80' lang='lat' dir='ltr'>monentis,</span> <span class='ocrx_word' id='word_1_318' title='bbox 409 1942 481 1976; x_wconf 84' lang='lat' dir='ltr'>motus</span> <span class='ocrx_word' id='word_1_319' title='bbox 493 1940 588 1980; x_wconf 74' lang='lat' dir='ltr'>mobilis.</span> <span class='ocrx_word' id='word_1_320' title='bbox 601 1941 714 1985; x_wconf 80' lang='lat' dir='ltr'>perventio</span> <span class='ocrx_word' id='word_1_321' title='bbox 727 1941 756 1976; x_wconf 86' lang='lat' dir='ltr'>ad</span> <span class='ocrx_word' id='word_1_322' title='bbox 767 1940 839 1985; x_wconf 75' lang='grc'>1111111.</span> <span class='ocrx_word' id='word_1_323' title='bbox 853 1941 937 1984; x_wconf 84' lang='lat' dir='ltr'>Quibus</span> 
     </span>
     <span class='ocr_line' id='line_1_35' title="bbox 91 1992 938 2039; baseline 0.002 -12"><span class='ocrx_word' id='word_1_324' title='bbox 91 1994 116 2027; x_wconf 90' lang='lat' dir='ltr'>in</span> <span class='ocrx_word' id='word_1_325' title='bbox 127 1992 285 2029; x_wconf 86' lang='lat' dir='ltr'>iustificatione</span> <span class='ocrx_word' id='word_1_326' title='bbox 298 1993 416 2038; x_wconf 86' lang='lat' dir='ltr'>respondet</span> <span class='ocrx_word' id='word_1_327' title='bbox 428 1993 532 2028; x_wconf 77' lang='lat' dir='ltr'>infusio</span> <span class='ocrx_word' id='word_1_328' title='bbox 545 1992 651 2038; x_wconf 80' lang='lat' dir='ltr'>gratiae</span> <span class='ocrx_word' id='word_1_329' title='bbox 665 1993 766 2038; x_wconf 80' lang='lat' dir='ltr'>exparte</span> <span class='ocrx_word' id='word_1_330' title='bbox 780 1993 826 2036; x_wconf 83' lang='lat' dir='ltr'>Dei,</span> <span class='ocrx_word' id='word_1_331' title='bbox 841 1993 938 2039; x_wconf 80' lang='lat' dir='ltr'>duplex</span> 
     </span>
     <span class='ocr_line' id='line_1_36' title="bbox 90 2044 938 2090; baseline 0.001 -11"><span class='ocrx_word' id='word_1_332' title='bbox 90 2045 179 2080; x_wconf 87' lang='lat' dir='ltr'>motus</span> <span class='ocrx_word' id='word_1_333' title='bbox 197 2044 279 2080; x_wconf 90' lang='lat' dir='ltr'>liberi</span> <span class='ocrx_word' id='word_1_334' title='bbox 299 2044 420 2086; x_wconf 84' lang='lat' dir='ltr'>arbitrii,</span> <span class='ocrx_word' id='word_1_335' title='bbox 442 2054 544 2080; x_wconf 85' lang='lat' dir='ltr'>accessus</span> <span class='ocrx_word' id='word_1_336' title='bbox 565 2044 610 2080; x_wconf 87' lang='lat' dir='ltr'>scil.</span> <span class='ocrx_word' id='word_1_337' title='bbox 633 2045 662 2080; x_wconf 85' lang='lat' dir='ltr'>ad</span> <span class='ocrx_word' id='word_1_338' title='bbox 683 2044 803 2080; x_wconf 89' lang='lat' dir='ltr'>terminum</span> <span class='ocrx_word' id='word_1_339' title='bbox 823 2046 851 2081; x_wconf 82' lang='lat' dir='ltr'>ad</span> <span class='ocrx_word' id='word_1_340' title='bbox 873 2054 938 2090; x_wconf 86' lang='lat' dir='ltr'>quem</span> 
     </span>
     <span class='ocr_line' id='line_1_37' title="bbox 91 2095 938 2142; baseline 0.001 -12"><span class='ocrx_word' id='word_1_341' title='bbox 91 2097 227 2141; x_wconf 89' lang='lat' dir='ltr'>permotum</span> <span class='ocrx_word' id='word_1_342' title='bbox 240 2095 292 2132; x_wconf 88' lang='lat' dir='ltr'>fidei</span> <span class='ocrx_word' id='word_1_343' title='bbox 304 2096 329 2130; x_wconf 90' lang='lat' dir='ltr'>in</span> <span class='ocrx_word' id='word_1_344' title='bbox 342 2098 418 2140; x_wconf 86' lang='lat' dir='ltr'>Deum,</span> <span class='ocrx_word' id='word_1_345' title='bbox 434 2096 454 2131; x_wconf 89' lang='lat' dir='ltr'>et-</span> <span class='ocrx_word' id='word_1_346' title='bbox 467 2106 569 2132; x_wconf 89' lang='lat' dir='ltr'>recessus</span> <span class='ocrx_word' id='word_1_347' title='bbox 582 2106 596 2132; x_wconf 87' lang='lat' dir='ltr'>a</span> <span class='ocrx_word' id='word_1_348' title='bbox 608 2097 704 2131; x_wconf 90' lang='lat' dir='ltr'>termino</span> <span class='ocrx_word' id='word_1_349' title='bbox 718 2107 732 2132; x_wconf 88' lang='lat' dir='ltr'>a</span> <span class='ocrx_word' id='word_1_350' title='bbox 746 2106 788 2142; x_wconf 90' lang='lat' dir='ltr'>quo</span> <span class='ocrx_word' id='word_1_351' title='bbox 801 2106 840 2142; x_wconf 88' lang='lat' dir='ltr'>per</span> <span class='ocrx_word' id='word_1_352' title='bbox 853 2097 938 2132; x_wconf 89' lang='lat' dir='ltr'>motum</span> 
     </span>
     <span class='ocr_line' id='line_1_38' title="bbox 92 2147 937 2193; baseline 0.001 -11"><span class='ocrx_word' id='word_1_353' title='bbox 92 2147 245 2183; x_wconf 88' lang='lat' dir='ltr'>detestationis</span> <span class='ocrx_word' id='word_1_354' title='bbox 266 2148 357 2193; x_wconf 82' lang='lat' dir='ltr'>peccati,</span> <span class='ocrx_word' id='word_1_355' title='bbox 380 2147 505 2183; x_wconf 88' lang='lat' dir='ltr'>remissio</span> <span class='ocrx_word' id='word_1_356' title='bbox 527 2148 622 2192; x_wconf 85' lang='lat' dir='ltr'>culpae</span> <span class='ocrx_word' id='word_1_357' title='bbox 645 2147 699 2193; x_wconf 84' lang='lat' dir='ltr'>(sire</span> <span class='ocrx_word' id='word_1_358' title='bbox 721 2148 830 2193; x_wconf 88' lang='lat' dir='ltr'>susceptio</span> <span class='ocrx_word' id='word_1_359' title='bbox 851 2148 937 2192; x_wconf 81' lang='lat' dir='ltr'>gratiae</span> 
     </span>
     <span class='ocr_line' id='line_1_39' title="bbox 91 2199 935 2245; baseline -0.001 -10"><span class='ocrx_word' id='word_1_360' title='bbox 91 2209 116 2235; x_wconf 81' lang='lat' dir='ltr'>ex</span> <span class='ocrx_word' id='word_1_361' title='bbox 129 2200 193 2245; x_wconf 91' lang='lat' dir='ltr'>parte</span> <span class='ocrx_word' id='word_1_362' title='bbox 206 2199 318 2244; x_wconf 82' lang='lat' dir='ltr'>hominis).</span> <span class='ocrx_word' id='word_1_363' title='bbox 333 2218 357 2224; x_wconf 80' lang='lat'><em>-</em></span> <span class='ocrx_word' id='word_1_364' title='bbox 368 2209 388 2235; x_wconf 86' lang='lat' dir='ltr'>a.</span> <span class='ocrx_word' id='word_1_365' title='bbox 404 2199 426 2236; x_wconf 85' lang='grc'>7.-</span> <span class='ocrx_word' id='word_1_366' title='bbox 442 2200 502 2235; x_wconf 87' lang='lat' dir='ltr'>Haec</span> <span class='ocrx_word' id='word_1_367' title='bbox 516 2199 620 2244; x_wconf 86' lang='lat' dir='ltr'>quattuor</span> <span class='ocrx_word' id='word_1_368' title='bbox 634 2199 691 2235; x_wconf 86' lang='lat' dir='ltr'>fiunt</span> <span class='ocrx_word' id='word_1_369' title='bbox 706 2200 795 2236; x_wconf 91' lang='lat' dir='ltr'>eodem</span> <span class='ocrx_word' id='word_1_370' title='bbox 808 2200 935 2235; x_wconf 86' lang='lat' dir='ltr'>instanti.</span> 
     </span>
     <span class='ocr_line' id='line_1_40' title="bbox 90 2250 937 2298; baseline 0 -12"><span class='ocrx_word' id='word_1_371' title='bbox 90 2252 148 2286; x_wconf 86' lang='lat' dir='ltr'>Nam</span> <span class='ocrx_word' id='word_1_372' title='bbox 160 2250 208 2286; x_wconf 89' lang='lat' dir='ltr'>tota</span> <span class='ocrx_word' id='word_1_373' title='bbox 220 2250 348 2286; x_wconf 84' lang='lat' dir='ltr'>iustificatio</span> <span class='ocrx_word' id='word_1_374' title='bbox 362 2250 501 2295; x_wconf 80' lang='lat' dir='ltr'>originaliter</span> <span class='ocrx_word' id='word_1_375' title='bbox 514 2251 615 2287; x_wconf 88' lang='lat' dir='ltr'>consistit</span> <span class='ocrx_word' id='word_1_376' title='bbox 628 2252 653 2286; x_wconf 90' lang='lat' dir='ltr'>in</span> <span class='ocrx_word' id='word_1_377' title='bbox 666 2251 752 2296; x_wconf 83' lang='lat' dir='ltr'>gratiae</span> <span class='ocrx_word' id='word_1_378' title='bbox 765 2251 884 2295; x_wconf 73' lang='lat' dir='ltr'>infusione5</span> <span class='ocrx_word' id='word_1_379' title='bbox 898 2261 937 2298; x_wconf 87' lang='lat' dir='ltr'>per</span> 
     </span>
     <span class='ocr_line' id='line_1_41' title="bbox 91 2302 938 2349; baseline 0.001 -11"><span class='ocrx_word' id='word_1_380' title='bbox 91 2311 140 2338; x_wconf 89' lang='lat' dir='ltr'>eam</span> <span class='ocrx_word' id='word_1_381' title='bbox 154 2302 249 2337; x_wconf 91' lang='lat' dir='ltr'>liberum</span> <span class='ocrx_word' id='word_1_382' title='bbox 265 2302 383 2338; x_wconf 85' lang='lat' dir='ltr'>arbitrium</span> <span class='ocrx_word' id='word_1_383' title='bbox 397 2303 498 2337; x_wconf 82' lang='lat' dir='ltr'>movetur</span> <span class='ocrx_word' id='word_1_384' title='bbox 513 2303 534 2338; x_wconf 87' lang='lat' dir='ltr'>et</span> <span class='ocrx_word' id='word_1_385' title='bbox 548 2302 614 2349; x_wconf 88' lang='lat' dir='ltr'>culpa</span> <span class='ocrx_word' id='word_1_386' title='bbox 629 2303 757 2347; x_wconf 87' lang='lat' dir='ltr'>remittitur;</span> <span class='ocrx_word' id='word_1_387' title='bbox 774 2303 847 2347; x_wconf 84' lang='lat' dir='ltr'>gratia</span> <span class='ocrx_word' id='word_1_388' title='bbox 863 2305 938 2339; x_wconf 83' lang='lat' dir='ltr'>autem</span> 
     </span>
     <span class='ocr_line' id='line_1_42' title="bbox 91 2353 937 2400; baseline 0.001 -10"><span class='ocrx_word' id='word_1_389' title='bbox 91 2357 115 2390; x_wconf 90' lang='lat' dir='ltr'>in</span> <span class='ocrx_word' id='word_1_390' title='bbox 130 2355 225 2390; x_wconf 89' lang='lat' dir='ltr'>instanti</span> <span class='ocrx_word' id='word_1_391' title='bbox 241 2355 373 2391; x_wconf 81' lang='lat' dir='ltr'>infunditur.</span> <span class='ocrx_word' id='word_1_392' title='bbox 393 2353 485 2390; x_wconf 85' lang='lat' dir='ltr'>Infinita</span> <span class='ocrx_word' id='word_1_393' title='bbox 501 2354 560 2390; x_wconf 90' lang='lat' dir='ltr'>enim</span> <span class='ocrx_word' id='word_1_394' title='bbox 577 2355 616 2390; x_wconf 90' lang='lat' dir='ltr'>Dei</span> <span class='ocrx_word' id='word_1_395' title='bbox 633 2355 705 2389; x_wconf 87' lang='lat' dir='ltr'>virtus</span> <span class='ocrx_word' id='word_1_396' title='bbox 722 2363 768 2390; x_wconf 89' lang='lat' dir='ltr'>non</span> <span class='ocrx_word' id='word_1_397' title='bbox 784 2355 868 2400; x_wconf 78' lang='lat' dir='ltr'>indiget</span> <span class='ocrx_word' id='word_1_398' title='bbox 885 2356 937 2391; x_wconf 89' lang='lat' dir='ltr'>tem-</span> 
     </span>
     <span class='ocr_line' id='line_1_43' title="bbox 90 2406 937 2455; baseline 0.002 -14"><span class='ocrx_word' id='word_1_399' title='bbox 90 2416 143 2455; x_wconf 83' lang='lat' dir='ltr'>pore</span> <span class='ocrx_word' id='word_1_400' title='bbox 156 2408 186 2442; x_wconf 87' lang='lat' dir='ltr'>ad</span> <span class='ocrx_word' id='word_1_401' title='bbox 198 2407 359 2452; x_wconf 87' lang='lat' dir='ltr'>disponendam</span> <span class='ocrx_word' id='word_1_402' title='bbox 370 2406 495 2450; x_wconf 82' lang='lat' dir='ltr'>materiam,</span> <span class='ocrx_word' id='word_1_403' title='bbox 510 2406 531 2441; x_wconf 93' lang='lat' dir='ltr'>et</span> <span class='ocrx_word' id='word_1_404' title='bbox 543 2406 606 2442; x_wconf 90' lang='lat' dir='ltr'>liberi</span> <span class='ocrx_word' id='word_1_405' title='bbox 620 2406 708 2442; x_wconf 85' lang='lat' dir='ltr'>arbitrii</span> <span class='ocrx_word' id='word_1_406' title='bbox 720 2407 793 2441; x_wconf 89' lang='lat' dir='ltr'>motus</span> <span class='ocrx_word' id='word_1_407' title='bbox 806 2407 877 2452; x_wconf 85' lang='lat' dir='ltr'>potest</span> <span class='ocrx_word' id='word_1_408' title='bbox 891 2417 937 2443; x_wconf 88' lang='lat' dir='ltr'>esse</span> 
     </span>
     <span class='ocr_line' id='line_1_44' title="bbox 90 2457 937 2503; baseline 0 -10"><span class='ocrx_word' id='word_1_409' title='bbox 90 2459 253 2494; x_wconf 85' lang='lat' dir='ltr'>instantaneus.</span> <span class='ocrx_word' id='word_1_410' title='bbox 267 2478 290 2482; x_wconf 98' lang='lat'><strong>—</strong></span> <span class='ocrx_word' id='word_1_411' title='bbox 301 2459 357 2493; x_wconf 89' lang='lat' dir='ltr'>Dein</span> <span class='ocrx_word' id='word_1_412' title='bbox 370 2466 389 2493; x_wconf 87' lang='lat' dir='ltr'>a.</span> <span class='ocrx_word' id='word_1_413' title='bbox 405 2457 416 2493; x_wconf 88' lang='lat'>8</span> <span class='ocrx_word' id='word_1_414' title='bbox 428 2458 549 2501; x_wconf 79' lang='lat' dir='ltr'>quaeritur,</span> <span class='ocrx_word' id='word_1_415' title='bbox 565 2467 607 2502; x_wconf 78' lang='lat' dir='ltr'>quo</span> <span class='ocrx_word' id='word_1_416' title='bbox 620 2457 698 2493; x_wconf 88' lang='lat' dir='ltr'>ordine</span> <span class='ocrx_word' id='word_1_417' title='bbox 711 2458 806 2494; x_wconf 84' lang='lat' dir='ltr'>naturae</span> <span class='ocrx_word' id='word_1_418' title='bbox 819 2459 863 2494; x_wconf 87' lang='lat' dir='ltr'>ista</span> <span class='ocrx_word' id='word_1_419' title='bbox 876 2460 937 2503; x_wconf 84' lang='lat' dir='ltr'>quat-</span> 
     </span>
     <span class='ocr_line' id='line_1_45' title="bbox 90 2509 937 2554; baseline 0 -9"><span class='ocrx_word' id='word_1_420' title='bbox 90 2512 142 2545; x_wconf 81' lang='lat' dir='ltr'>tuor</span> <span class='ocrx_word' id='word_1_421' title='bbox 153 2510 211 2545; x_wconf 84' lang='lat' dir='ltr'>inter</span> <span class='ocrx_word' id='word_1_422' title='bbox 223 2519 246 2544; x_wconf 90' lang='lat' dir='ltr'>se</span> <span class='ocrx_word' id='word_1_423' title='bbox 260 2509 385 2552; x_wconf 82' lang='lat' dir='ltr'>suocedant;</span> <span class='ocrx_word' id='word_1_424' title='bbox 397 2518 416 2543; x_wconf 81' lang='lat' dir='ltr'>r.</span> <span class='ocrx_word' id='word_1_425' title='bbox 431 2509 497 2544; x_wconf 88' lang='lat' dir='ltr'>schol.</span> <span class='ocrx_word' id='word_1_426' title='bbox 512 2509 529 2545; x_wconf 77' lang='lat'>2.</span> <span class='ocrx_word' id='word_1_427' title='bbox 540 2510 547 2531; x_wconf 76' lang='lat'>2</span> <span class='ocrx_word' id='word_1_428' title='bbox 559 2529 582 2534; x_wconf 81' lang='lat'>-</span> <span class='ocrx_word' id='word_1_429' title='bbox 593 2511 613 2546; x_wconf 88' lang='lat' dir='ltr'>S.</span> <span class='ocrx_word' id='word_1_430' title='bbox 629 2510 658 2545; x_wconf 80' lang='grc'>111.</span> <span class='ocrx_word' id='word_1_431' title='bbox 673 2510 684 2545; x_wconf 89' lang='grc'><strong>3</strong></span> <span class='ocrx_word' id='word_1_432' title='bbox 697 2519 715 2554; x_wconf 81' lang='lat' dir='ltr'>q.</span> <span class='ocrx_word' id='word_1_433' title='bbox 730 2510 753 2546; x_wconf 82' lang='lat'>85</span> <span class='ocrx_word' id='word_1_434' title='bbox 765 2520 784 2545; x_wconf 80' lang='lat' dir='ltr'>a.</span> <span class='ocrx_word' id='word_1_435' title='bbox 797 2512 809 2548; x_wconf 87' lang='lat'>5</span> <span class='ocrx_word' id='word_1_436' title='bbox 822 2511 937 2546; x_wconf 86' lang='lat' dir='ltr'>enumerat</span> 
     </span>
     <span class='ocr_line' id='line_1_46' title="bbox 92 2561 938 2606; baseline 0.002 -10"><span class='ocrx_word' id='word_1_437' title='bbox 92 2571 130 2596; x_wconf 78' lang='lat' dir='ltr'>scr</span> <span class='ocrx_word' id='word_1_438' title='bbox 147 2563 209 2596; x_wconf 79' lang='grc'>1111111</span> <span class='ocrx_word' id='word_1_439' title='bbox 226 2561 382 2606; x_wconf 76' lang='lat' dir='ltr'>poenitentiae,</span> <span class='ocrx_word' id='word_1_440' title='bbox 402 2561 439 2604; x_wconf 89' lang='lat' dir='ltr'>qui</span> <span class='ocrx_word' id='word_1_441' title='bbox 457 2561 566 2597; x_wconf 87' lang='lat' dir='ltr'>articulus</span> <span class='ocrx_word' id='word_1_442' title='bbox 585 2563 746 2606; x_wconf 83' lang='lat' dir='ltr'>quodammodo</span> <span class='ocrx_word' id='word_1_443' title='bbox 765 2562 876 2606; x_wconf 80' lang='lat' dir='ltr'>exemplar</span> <span class='ocrx_word' id='word_1_444' title='bbox 894 2563 938 2598; x_wconf 82' lang='lat' dir='ltr'>tuit</span> 
     </span>
     <span class='ocr_line' id='line_1_47' title="bbox 92 2611 343 2650; baseline -0.004 -2"><span class='ocrx_word' id='word_1_445' title='bbox 92 2613 215 2648; x_wconf 80' lang='lat' dir='ltr'>Tridentini</span> <span class='ocrx_word' id='word_1_446' title='bbox 231 2622 247 2648; x_wconf 88' lang='lat' dir='ltr'>s.</span> <span class='ocrx_word' id='word_1_447' title='bbox 266 2614 277 2650; x_wconf 82' lang='grc'>6</span> <span class='ocrx_word' id='word_1_448' title='bbox 292 2623 308 2648; x_wconf 87' lang='grc'>1.</span> <span class='ocrx_word' id='word_1_449' title='bbox 327 2611 343 2647; x_wconf 85' lang='grc'>6.</span> 
     </span>
    </p>
   </div>
   <div class='ocr_carea' id='block_1_5' title="bbox 90 2742 984 2973">
    <p class='ocr_par' dir='ltr' id='par_1_5' title="bbox 90 2742 984 2973">
     <span class='ocr_line' id='line_1_48' title="bbox 152 2742 938 2789; baseline 0.005 -12"><span class='ocrx_word' id='word_1_450' title='bbox 152 2744 159 2764; x_wconf 83' lang='lat'>1</span> <span class='ocrx_word' id='word_1_451' title='bbox 174 2744 234 2778; x_wconf 90' lang='lat' dir='ltr'>Haec</span> <span class='ocrx_word' id='word_1_452' title='bbox 249 2743 353 2787; x_wconf 86' lang='lat' dir='ltr'>quattuor</span> <span class='ocrx_word' id='word_1_453' title='bbox 367 2742 396 2777; x_wconf 88' lang='lat' dir='ltr'>ad</span> <span class='ocrx_word' id='word_1_454' title='bbox 410 2742 591 2779; x_wconf 87' lang='lat' dir='ltr'>iustificationem</span> <span class='ocrx_word' id='word_1_455' title='bbox 605 2744 713 2789; x_wconf 88' lang='lat' dir='ltr'>requisita</span> <span class='ocrx_word' id='word_1_456' title='bbox 727 2754 773 2779; x_wconf 88' lang='lat' dir='ltr'>non</span> <span class='ocrx_word' id='word_1_457' title='bbox 787 2754 801 2780; x_wconf 86' lang='lat' dir='ltr'>a</span> <span class='ocrx_word' id='word_1_458' title='bbox 816 2746 835 2781; x_wconf 65' lang='lat' dir='ltr'>Sl</span> <span class='ocrx_word' id='word_1_459' title='bbox 853 2745 938 2782; x_wconf 87' lang='lat' dir='ltr'>Thoma</span> 
     </span>
     <span class='ocr_line' id='line_1_49' title="bbox 90 2788 935 2835; baseline 0.005 -14"><span class='ocrx_word' id='word_1_460' title='bbox 90 2788 162 2831; x_wconf 89' lang='lat' dir='ltr'>primo</span> <span class='ocrx_word' id='word_1_461' title='bbox 180 2789 265 2824; x_wconf 82' lang='lat' dir='ltr'>statuta</span> <span class='ocrx_word' id='word_1_462' title='bbox 281 2788 338 2829; x_wconf 85' lang='lat' dir='ltr'>sunt,</span> <span class='ocrx_word' id='word_1_463' title='bbox 357 2788 395 2823; x_wconf 92' lang='lat' dir='ltr'>sed</span> <span class='ocrx_word' id='word_1_464' title='bbox 411 2788 456 2823; x_wconf 85' lang='lat' dir='ltr'>iam</span> <span class='ocrx_word' id='word_1_465' title='bbox 473 2788 579 2833; x_wconf 77' lang='lat' dir='ltr'>leguntur</span> <span class='ocrx_word' id='word_1_466' title='bbox 595 2790 679 2826; x_wconf 87' lang='lat' dir='ltr'>similia</span> <span class='ocrx_word' id='word_1_467' title='bbox 695 2790 720 2825; x_wconf 89' lang='lat' dir='ltr'>in</span> <span class='ocrx_word' id='word_1_468' title='bbox 736 2799 836 2826; x_wconf 85' lang='lat' dir='ltr'>sermone</span> <span class='ocrx_word' id='word_1_469' title='bbox 854 2790 935 2835; x_wconf 83' lang='lat' dir='ltr'>aliquo,</span> 
     </span>
     <span class='ocr_line' id='line_1_50' title="bbox 91 2833 937 2882; baseline 0.007 -15"><span class='ocrx_word' id='word_1_470' title='bbox 91 2833 129 2877; x_wconf 88' lang='lat' dir='ltr'>qui</span> <span class='ocrx_word' id='word_1_471' title='bbox 147 2834 278 2869; x_wconf 89' lang='lat' dir='ltr'>attribuitur</span> <span class='ocrx_word' id='word_1_472' title='bbox 297 2834 424 2869; x_wconf 79' lang='lat' dir='ltr'>Hildeberio</span> <span class='ocrx_word' id='word_1_473' title='bbox 445 2834 606 2871; x_wconf 77' lang='lat' dir='ltr'>Cenomanenrt</span> <span class='ocrx_word' id='word_1_474' title='bbox 628 2837 652 2882; x_wconf 86' lang='lat' dir='ltr'>(c.</span> <span class='ocrx_word' id='word_1_475' title='bbox 675 2846 694 2872; x_wconf 87' lang='lat' dir='ltr'>a.</span> <span class='ocrx_word' id='word_1_476' title='bbox 716 2836 784 2882; x_wconf 83' lang='lat'>1133):</span> <span class='ocrx_word' id='word_1_477' title='bbox 806 2836 937 2873; x_wconf 82' lang='lat' dir='ltr'>Iustificatio</span> 
     </span>
     <span class='ocr_line' id='line_1_51' title="bbox 90 2879 935 2927; baseline 0.007 -15"><span class='ocrx_word' id='word_1_478' title='bbox 90 2879 164 2922; x_wconf 87' lang='lat' dir='ltr'>prima</span> <span class='ocrx_word' id='word_1_479' title='bbox 180 2880 243 2915; x_wconf 87' lang='lat' dir='ltr'>«tres</span> <span class='ocrx_word' id='word_1_480' title='bbox 259 2880 322 2924; x_wconf 81' lang='lat' dir='ltr'>quasi</span> <span class='ocrx_word' id='word_1_481' title='bbox 336 2879 395 2915; x_wconf 86' lang='lat' dir='ltr'>filias</span> <span class='ocrx_word' id='word_1_482' title='bbox 409 2879 482 2921; x_wconf 85' lang='lat' dir='ltr'>habet,</span> <span class='ocrx_word' id='word_1_483' title='bbox 499 2890 594 2925; x_wconf 84' lang='lat' dir='ltr'>quarum</span> <span class='ocrx_word' id='word_1_484' title='bbox 608 2882 683 2926; x_wconf 83' lang='lat' dir='ltr'>prima</span> <span class='ocrx_word' id='word_1_485' title='bbox 698 2882 730 2917; x_wconf 88' lang='lat' dir='ltr'>est</span> <span class='ocrx_word' id='word_1_486' title='bbox 745 2882 831 2927; x_wconf 86' lang='lat' dir='ltr'>gratiae</span> <span class='ocrx_word' id='word_1_487' title='bbox 846 2883 935 2926; x_wconf 81' lang='lat' dir='ltr'>inlusio,</span> 
     </span>
     <span class='ocr_line' id='line_1_52' title="bbox 92 2925 984 2973; baseline 0.007 -15"><span class='ocrx_word' id='word_1_488' title='bbox 92 2925 190 2961; x_wconf 86' lang='lat' dir='ltr'>secunda</span> <span class='ocrx_word' id='word_1_489' title='bbox 208 2926 295 2961; x_wconf 86' lang='lat' dir='ltr'>arbitrii</span> <span class='ocrx_word' id='word_1_490' title='bbox 315 2925 445 2970; x_wconf 81' lang='lat' dir='ltr'>cooperatiO,</span> <span class='ocrx_word' id='word_1_491' title='bbox 466 2927 534 2961; x_wconf 88' lang='lat' dir='ltr'>tertia</span> <span class='ocrx_word' id='word_1_492' title='bbox 553 2927 627 2963; x_wconf 87' lang='lat' dir='ltr'>delicti</span> <span class='ocrx_word' id='word_1_493' title='bbox 646 2928 725 2964; x_wconf 89' lang='lat' dir='ltr'>deletio</span> <span class='ocrx_word' id='word_1_494' title='bbox 734 2942 744 2961; x_wconf 71' lang='lat'>1&gt;</span> <span class='ocrx_word' id='word_1_495' title='bbox 767 2928 870 2973; x_wconf 79' lang='lat' dir='ltr'>(ML-171,</span> <span class='ocrx_word' id='word_1_496' title='bbox 885 2929 927 2973; x_wconf 68' lang='lat'>542)</span> <span class='ocrx_word' id='word_1_497' title='bbox 982 2927 984 2932; x_wconf 81' lang='grc'><em>“</em></span> 
     </span>
    </p>
   </div>
   <div class='ocr_carea' id='block_1_6' title="bbox 932 2940 937 2972">
    <p class='ocr_par' dir='ltr' id='par_1_6' title="bbox 932 2940 937 2972">
     <span class='ocr_line' id='line_1_53' title="bbox 932 2940 936 2948; baseline 0 0"><span class='ocrx_word' id='word_1_498' title='bbox 932 2940 936 2948; x_wconf 76' lang='grc' dir='ltr'>ι</span> 
     </span>
     <span class='ocr_line' id='line_1_54' title="bbox 932 2958 937 2972; baseline 0 0"><span class='ocrx_word' id='word_1_499' title='bbox 932 2958 937 2972; x_wconf 78' lang='lat'>5</span> 
     </span>
    </p>
   </div>
   <div class='ocr_carea' id='block_1_7' title="bbox 90 2969 937 3020">
    <p class='ocr_par' dir='ltr' id='par_1_7' title="bbox 90 2969 937 3020">
     <span class='ocr_line' id='line_1_55' title="bbox 90 2969 937 3020; baseline 0.006 -16"><span class='ocrx_word' id='word_1_500' title='bbox 90 2969 142 3004; x_wconf 86' lang='lat' dir='ltr'>dein</span> <span class='ocrx_word' id='word_1_501' title='bbox 159 2971 284 3016; x_wconf 83' lang='lat' dir='ltr'>[paululum</span> <span class='ocrx_word' id='word_1_502' title='bbox 298 2972 394 3016; x_wconf 77' lang='lat' dir='ltr'>mutata]</span> <span class='ocrx_word' id='word_1_503' title='bbox 411 2971 471 3016; x_wconf 82' lang='lat' dir='ltr'>apud</span> <span class='ocrx_word' id='word_1_504' title='bbox 485 2971 599 3008; x_wconf 79' lang='lat' dir='ltr'>Simonem</span> <span class='ocrx_word' id='word_1_505' title='bbox 614 2973 782 3017; x_wconf 75' lang='lat' dir='ltr'>Tornncenrem</span> <span class='ocrx_word' id='word_1_506' title='bbox 799 2975 937 3020; x_wconf 72' lang='lat' dir='ltr'>Stephanum</span> 
     </span>
    </p>
   </div>
   <div class='ocr_carea' id='block_1_8' title="bbox 0 0 1112 3350">
    <p class='ocr_par' dir='ltr' id='par_1_8' title="bbox 0 0 1112 3350">
     <span class='ocr_line' id='line_1_56' title="bbox 0 0 1112 3350; baseline 0 1"><span class='ocrx_word' id='word_1_507' title='bbox 0 0 1112 3350; x_wconf 95' lang='lat' dir='ltr'> </span> 
     </span>
    </p>
   </div>
  </div>
 </body>
</html>
