<?xml version="1.0" encoding="UTF-8"?>
<!DOCTYPE html PUBLIC "-//W3C//DTD XHTML 1.0 Transitional//EN"
    "http://www.w3.org/TR/xhtml1/DTD/xhtml1-transitional.dtd">
<html xmlns="http://www.w3.org/1999/xhtml" xml:lang="en" lang="en">
 <head>
  <title>
</title>
<meta http-equiv="Content-Type" content="text/html;charset=utf-8" />
  <meta name='ocr-system' content='tesseract 3.04.00' />
  <meta name='ocr-capabilities' content='ocr_page ocr_carea ocr_par ocr_line ocrx_word'/>
</head>
<body>
  <div class='ocr_page' id='page_1' title='image "./MN41637ucmf_2_0023.png"; bbox 0 0 2214 3350; ppageno 0'>
   <div class='ocr_carea' id='block_1_1' title="bbox 123 212 983 375">
    <p class='ocr_par' dir='ltr' id='par_1_1' title="bbox 123 212 983 375">
     <span class='ocr_line' id='line_1_1' title="bbox 123 212 982 268; baseline -0.007 -7"><span class='ocrx_word' id='word_1_1' title='bbox 123 212 203 268; x_wconf 79' lang='lat' dir='ltr'><em>tione,</em></span> <span class='ocrx_word' id='word_1_2' title='bbox 221 225 244 258; x_wconf 93' lang='lat' dir='ltr'><em>in</em></span> <span class='ocrx_word' id='word_1_3' title='bbox 260 223 358 259; x_wconf 89' lang='lat' dir='ltr'><em>dilucida</em></span> <span class='ocrx_word' id='word_1_4' title='bbox 373 222 520 267; x_wconf 86' lang='lat' dir='ltr'><em>obiectionam</em></span> <span class='ocrx_word' id='word_1_5' title='bbox 536 222 651 264; x_wconf 89' lang='lat' dir='ltr'><em>solutione,</em></span> <span class='ocrx_word' id='word_1_6' title='bbox 669 222 792 266; x_wconf 81' lang='lat' dir='ltr'><em>neptectarn</em></span> <span class='ocrx_word' id='word_1_7' title='bbox 807 222 852 256; x_wconf 89' lang='lat' dir='ltr'><em>non</em></span> <span class='ocrx_word' id='word_1_8' title='bbox 869 230 982 256; x_wconf 83' lang='lat' dir='ltr'><em>essecon-</em></span> 
     </span>
     <span class='ocr_line' id='line_1_2' title="bbox 137 274 983 325; baseline -0.006 -12"><span class='ocrx_word' id='word_1_9' title='bbox 137 278 186 323; x_wconf 69' lang='lat' dir='ltr'><em>fida</em></span> <span class='ocrx_word' id='word_1_10' title='bbox 202 275 290 325; x_wconf 75' lang='lat' dir='ltr'><em>Etenim</em></span> <span class='ocrx_word' id='word_1_11' title='bbox 303 284 383 320; x_wconf 91' lang='lat' dir='ltr'><em>scopus</em></span> <span class='ocrx_word' id='word_1_12' title='bbox 397 275 441 309; x_wconf 89' lang='lat' dir='ltr'><em>mei</em></span> <span class='ocrx_word' id='word_1_13' title='bbox 455 274 505 325; x_wconf 83' lang='lat' dir='ltr'><em>libri</em></span> <span class='ocrx_word' id='word_1_14' title='bbox 520 276 558 318; x_wconf 82' lang='lat' dir='ltr'><em>est,</em></span> <span class='ocrx_word' id='word_1_15' title='bbox 574 276 605 317; x_wconf 74' lang='lat' dir='ltr'><em>ui,</em></span> <span class='ocrx_word' id='word_1_16' title='bbox 621 275 677 309; x_wconf 86' lang='lat' dir='ltr'><em>sicut</em></span> <span class='ocrx_word' id='word_1_17' title='bbox 693 283 717 325; x_wconf 85' lang='lat' dir='ltr'><em>ea</em></span> <span class='ocrx_word' id='word_1_18' title='bbox 731 274 794 318; x_wconf 78' lang='lat' dir='ltr'><em>praei</em></span> <span class='ocrx_word' id='word_1_19' title='bbox 808 274 983 318; x_wconf 69' lang='lat' dir='ltr'><em>praelectionum</em></span> 
     </span>
     <span class='ocr_line' id='line_1_3' title="bbox 124 325 982 375; baseline -0.006 -11"><span class='ocrx_word' id='word_1_20' title='bbox 124 332 158 364; x_wconf 84' lang='lat' dir='ltr'><em>et</em></span> <span class='ocrx_word' id='word_1_21' title='bbox 171 327 350 375; x_wconf 74' lang='lat' dir='ltr'><em>‘disputationum</em></span> <span class='ocrx_word' id='word_1_22' title='bbox 365 326 453 372; x_wconf 66' lang='lat' dir='ltr'><em>prodiit</em></span> <span class='ocrx_word' id='word_1_23' title='bbox 470 327 503 361; x_wconf 89' lang='lat' dir='ltr'><em>ita</em></span> <span class='ocrx_word' id='word_1_24' title='bbox 518 326 586 361; x_wconf 90' lang='lat' dir='ltr'><em>etiam</em></span> <span class='ocrx_word' id='word_1_25' title='bbox 599 327 664 371; x_wconf 84' lang='lat' dir='ltr'><em>praei</em></span> <span class='ocrx_word' id='word_1_26' title='bbox 678 326 765 361; x_wconf 88' lang='lat' dir='ltr'><em>scholae</em></span> <span class='ocrx_word' id='word_1_27' title='bbox 782 325 899 370; x_wconf 75' lang='lat' dir='ltr'><em>praecipue</em></span> <span class='ocrx_word' id='word_1_28' title='bbox 914 326 982 360; x_wconf 90' lang='lat' dir='ltr'><em>inser-</em></span> 
     </span>
    </p>
   </div>
   <div class='ocr_carea' id='block_1_2' title="bbox 64 374 1001 422">
    <p class='ocr_par' dir='ltr' id='par_1_2' title="bbox 64 374 1001 422">
     <span class='ocr_line' id='line_1_4' title="bbox 64 374 1001 422; baseline -0.003 -6"><span class='ocrx_word' id='word_1_29' title='bbox 64 374 77 411; x_wconf 67' lang='grc'><em>’.</em></span> <span class='ocrx_word' id='word_1_30' title='bbox 119 381 188 416; x_wconf 78' lang='lat' dir='ltr'><em>·-vtac.</em></span> <span class='ocrx_word' id='word_1_31' title='bbox 207 379 278 422; x_wconf 84' lang='lat' dir='ltr'><em>Quare</em></span> <span class='ocrx_word' id='word_1_32' title='bbox 294 388 354 414; x_wconf 80' lang='lat' dir='ltr'><em>more</em></span> <span class='ocrx_word' id='word_1_33' title='bbox 370 379 507 414; x_wconf 72' lang='lat' dir='ltr'><em>scholasticis</em></span> <span class='ocrx_word' id='word_1_34' title='bbox 523 380 627 413; x_wconf 75' lang='lat' dir='ltr'><em>consueto</em></span> <span class='ocrx_word' id='word_1_35' title='bbox 642 379 760 420; x_wconf 77' lang='lat' dir='ltr'><em>materiam</em></span> <span class='ocrx_word' id='word_1_36' title='bbox 776 380 845 413; x_wconf 89' lang='lat' dir='ltr'><em>totam</em></span> <span class='ocrx_word' id='word_1_37' title='bbox 861 379 885 413; x_wconf 90' lang='lat' dir='ltr'><em>in</em></span> <span class='ocrx_word' id='word_1_38' title='bbox 901 379 980 420; x_wconf 89' lang='lat' dir='ltr'><em>theses,</em></span> <span class='ocrx_word' id='word_1_39' title='bbox 999 380 1001 383; x_wconf 82' lang='lat'>&#39;</span> 
     </span>
    </p>
   </div>
   <div class='ocr_carea' id='block_1_3' title="bbox 90 429 983 631">
    <p class='ocr_par' dir='ltr' id='par_1_3' title="bbox 90 429 983 631">
     <span class='ocr_line' id='line_1_5' title="bbox 137 429 982 475; baseline -0.004 -8"><span class='ocrx_word' id='word_1_40' title='bbox 137 432 222 468; x_wconf 90' lang='lat' dir='ltr'><em>scholia</em></span> <span class='ocrx_word' id='word_1_41' title='bbox 236 433 273 467; x_wconf 89' lang='lat' dir='ltr'><em>etc.</em></span> <span class='ocrx_word' id='word_1_42' title='bbox 290 431 356 467; x_wconf 81' lang='lat' dir='ltr'><em>divisi</em></span> <span class='ocrx_word' id='word_1_43' title='bbox 369 432 434 475; x_wconf 78' lang='lat' dir='ltr'><em>alque</em></span> <span class='ocrx_word' id='word_1_44' title='bbox 449 429 549 474; x_wconf 73' lang='lat' dir='ltr'><em>stapulas</em></span> <span class='ocrx_word' id='word_1_45' title='bbox 565 429 636 465; x_wconf 88' lang='lat' dir='ltr'><em>theses</em></span> <span class='ocrx_word' id='word_1_46' title='bbox 651 429 773 465; x_wconf 87' lang='lat' dir='ltr'><em>secundum</em></span> <span class='ocrx_word' id='word_1_47' title='bbox 788 429 878 475; x_wconf 78' lang='lat' dir='ltr'><em>aliquod</em></span> <span class='ocrx_word' id='word_1_48' title='bbox 893 429 982 464; x_wconf 88' lang='lat' dir='ltr'><em>schema</em></span> 
     </span>
     <span class='ocr_line' id='line_1_6' title="bbox 90 480 983 528; baseline -0.004 -9"><span class='ocrx_word' id='word_1_49' title='bbox 90 502 92 505; x_wconf 92' lang='lat'>·</span> <span class='ocrx_word' id='word_1_50' title='bbox 138 484 248 528; x_wconf 71' lang='lat' dir='ltr'><em>uniforme</em></span> <span class='ocrx_word' id='word_1_51' title='bbox 267 485 287 518; x_wconf 88' lang='lat' dir='ltr'><em>et</em></span> <span class='ocrx_word' id='word_1_52' title='bbox 306 483 441 528; x_wconf 73' lang='lat' dir='ltr'><em>experientia</em></span> <span class='ocrx_word' id='word_1_53' title='bbox 466 482 584 527; x_wconf 91' lang='lat' dir='ltr'><em>probatum</em></span> <span class='ocrx_word' id='word_1_54' title='bbox 609 481 714 526; x_wconf 85' lang='lat' dir='ltr'><em>disposui.</em></span> <span class='ocrx_word' id='word_1_55' title='bbox 741 483 786 517; x_wconf 88' lang='lat' dir='ltr'><em>Hoc</em></span> <span class='ocrx_word' id='word_1_56' title='bbox 811 482 875 516; x_wconf 91' lang='lat' dir='ltr'><em>modo</em></span> <span class='ocrx_word' id='word_1_57' title='bbox 901 480 983 516; x_wconf 85' lang='lat' dir='ltr'><em>librum</em></span> 
     </span>
     <span class='ocr_line' id='line_1_7' title="bbox 98 533 982 579; baseline -0.002 -10"><span class='ocrx_word' id='word_1_58' title='bbox 98 574 99 577; x_wconf 11' lang='grc' dir='ltr'><strong>Ἴ</strong></span> <span class='ocrx_word' id='word_1_59' title='bbox 139 538 188 572; x_wconf 88' lang='lat' dir='ltr'><em>iam</em></span> <span class='ocrx_word' id='word_1_60' title='bbox 196 535 338 579; x_wconf 83' lang='lat' dir='ltr'><em>perspicuum</em></span> <span class='ocrx_word' id='word_1_61' title='bbox 348 533 460 568; x_wconf 88' lang='lat' dir='ltr'><em>redditum</em></span> <span class='ocrx_word' id='word_1_62' title='bbox 472 542 517 568; x_wconf 89' lang='lat' dir='ltr'><em>esse</em></span> <span class='ocrx_word' id='word_1_63' title='bbox 531 534 590 577; x_wconf 71' lang='lat' dir='ltr'><em>paro,</em></span> <span class='ocrx_word' id='word_1_64' title='bbox 605 535 635 576; x_wconf 75' lang='lat' dir='ltr'><em>ut,</em></span> <span class='ocrx_word' id='word_1_65' title='bbox 651 533 700 567; x_wconf 89' lang='lat' dir='ltr'><em>licet</em></span> <span class='ocrx_word' id='word_1_66' title='bbox 713 533 819 577; x_wconf 83' lang='lat' dir='ltr'><em>proliaior</em></span> <span class='ocrx_word' id='word_1_67' title='bbox 832 533 932 574; x_wconf 75' lang='lat' dir='ltr'><em>evaserit,</em></span> <span class='ocrx_word' id='word_1_68' title='bbox 947 534 982 567; x_wconf 88' lang='lat' dir='ltr'><em>sat</em></span> 
     </span>
     <span class='ocr_line' id='line_1_8' title="bbox 136 584 981 631; baseline -0.005 -10"><span class='ocrx_word' id='word_1_69' title='bbox 136 586 202 631; x_wconf 69' lang='lat' dir='ltr'><em>facile</em></span> <span class='ocrx_word' id='word_1_70' title='bbox 216 586 243 620; x_wconf 90' lang='lat' dir='ltr'><em>ab</em></span> <span class='ocrx_word' id='word_1_71' title='bbox 257 585 396 626; x_wconf 80' lang='lat' dir='ltr'><em>auditoribus</em></span> <span class='ocrx_word' id='word_1_72' title='bbox 410 593 487 619; x_wconf 91' lang='lat' dir='ltr'><em>cursus</em></span> <span class='ocrx_word' id='word_1_73' title='bbox 502 584 624 627; x_wconf 81' lang='lat' dir='ltr'><em>theoiopiae</em></span> <span class='ocrx_word' id='word_1_74' title='bbox 638 584 782 619; x_wconf 80' lang='lat' dir='ltr'><em>scholasticae</em></span> <span class='ocrx_word' id='word_1_75' title='bbox 798 586 912 628; x_wconf 80' lang='lat' dir='ltr'><em>tamquam</em></span> <span class='ocrx_word' id='word_1_76' title='bbox 927 584 981 618; x_wconf 91' lang='lat' dir='ltr'><em>liber</em></span> 
     </span>
    </p>
   </div>
   <div class='ocr_carea' id='block_1_4' title="bbox 80 631 981 684">
    <p class='ocr_par' dir='ltr' id='par_1_4' title="bbox 80 631 981 684">
     <span class='ocr_line' id='line_1_9' title="bbox 80 631 981 684; baseline -0.004 -11"><span class='ocrx_word' id='word_1_77' title='bbox 80 657 82 660; x_wconf 43' lang='lat'><em>⁴</em></span> <span class='ocrx_word' id='word_1_78' title='bbox 138 640 209 673; x_wconf 79' lang='lat' dir='ltr'><em>tentus</em></span> <span class='ocrx_word' id='word_1_79' title='bbox 227 637 334 684; x_wconf 80' lang='lat' dir='ltr'><em>¹adhiberi</em></span> <span class='ocrx_word' id='word_1_80' title='bbox 359 631 434 682; x_wconf 83' lang='lat' dir='ltr'><em>possit,</em></span> <span class='ocrx_word' id='word_1_81' title='bbox 455 637 478 671; x_wconf 89' lang='lat' dir='ltr'><em>id</em></span> <span class='ocrx_word' id='word_1_82' title='bbox 498 636 639 681; x_wconf 79' lang='lat' dir='ltr'><em>quodetiam</em></span> <span class='ocrx_word' id='word_1_83' title='bbox 665 646 689 671; x_wconf 87' lang='lat' dir='ltr'><em>erc</em></span> <span class='ocrx_word' id='word_1_84' title='bbox 714 636 821 671; x_wconf 87' lang='lat' dir='ltr'><em>diuturna</em></span> <span class='ocrx_word' id='word_1_85' title='bbox 846 636 981 680; x_wconf 83' lang='lat' dir='ltr'><em>eaperientia</em></span> 
     </span>
    </p>
   </div>
   <div class='ocr_carea' id='block_1_5' title="bbox 137 690 346 730">
    <p class='ocr_par' dir='ltr' id='par_1_5' title="bbox 137 690 346 730">
     <span class='ocr_line' id='line_1_10' title="bbox 137 690 346 730; baseline 0 -6"><span class='ocrx_word' id='word_1_86' title='bbox 137 690 289 730; x_wconf 77' lang='lat' dir='ltr'><em>iamconstai</em></span> <span class='ocrx_word' id='word_1_87' title='bbox 323 703 328 710; x_wconf 49' lang='lat' dir='ltr'><em>v·</em></span> <span class='ocrx_word' id='word_1_88' title='bbox 344 699 346 701; x_wconf 63' lang='grc'><strong><em>’</em></strong></span> 
     </span>
    </p>
   </div>
   <div class='ocr_carea' id='block_1_6' title="bbox 111 755 981 1890">
    <p class='ocr_par' dir='ltr' id='par_1_6' title="bbox 111 755 981 1890">
     <span class='ocr_line' id='line_1_11' title="bbox 196 755 978 801; baseline -0.003 -10"><span class='ocrx_word' id='word_1_89' title='bbox 196 756 310 792; x_wconf 86' lang='lat' dir='ltr'><em>Nonnulla</em></span> <span class='ocrx_word' id='word_1_90' title='bbox 336 757 361 791; x_wconf 91' lang='lat' dir='ltr'><em>de</em></span> <span class='ocrx_word' id='word_1_91' title='bbox 385 756 449 791; x_wconf 84' lang='lat' dir='ltr'><em>niodo</em></span> <span class='ocrx_word' id='word_1_92' title='bbox 475 756 558 791; x_wconf 89' lang='lat' dir='ltr'><em>citandi</em></span> <span class='ocrx_word' id='word_1_93' title='bbox 583 756 655 801; x_wconf 68' lang='lat' dir='ltr'><em>sorites</em></span> <span class='ocrx_word' id='word_1_94' title='bbox 672 765 686 790; x_wconf 94' lang='lat' dir='ltr'><em>a</em></span> <span class='ocrx_word' id='word_1_95' title='bbox 705 764 739 789; x_wconf 83' lang='lat' dir='ltr'><em>me</em></span> <span class='ocrx_word' id='word_1_96' title='bbox 765 755 864 790; x_wconf 89' lang='lat' dir='ltr'><em>adhibito</em></span> <span class='ocrx_word' id='word_1_97' title='bbox 891 755 978 790; x_wconf 87' lang='lat' dir='ltr'><em>addam.</em></span> 
     </span>
     <span class='ocr_line' id='line_1_12' title="bbox 138 806 981 853; baseline -0.004 -10"><span class='ocrx_word' id='word_1_98' title='bbox 138 806 230 852; x_wconf 79' lang='lat' dir='ltr'><em>Quando</em></span> <span class='ocrx_word' id='word_1_99' title='bbox 250 808 371 843; x_wconf 88' lang='lat' dir='ltr'><em>decisiones</em></span> <span class='ocrx_word' id='word_1_100' title='bbox 390 807 522 843; x_wconf 78' lang='lat' dir='ltr'><em>doctrinales</em></span> <span class='ocrx_word' id='word_1_101' title='bbox 541 808 576 842; x_wconf 86' lang='lat' dir='ltr'><em>oei</em></span> <span class='ocrx_word' id='word_1_102' title='bbox 595 809 666 843; x_wconf 80' lang='lat' dir='ltr'><em>tectus</em></span> <span class='ocrx_word' id='word_1_103' title='bbox 686 808 796 853; x_wconf 86' lang='lat' dir='ltr'><em>putristici</em></span> <span class='ocrx_word' id='word_1_104' title='bbox 815 807 839 841; x_wconf 91' lang='lat' dir='ltr'><em>in</em></span> <span class='ocrx_word' id='word_1_105' title='bbox 858 806 981 842; x_wconf 89' lang='lat' dir='ltr'><em>notissimis</em></span> 
     </span>
     <span class='ocr_line' id='line_1_13' title="bbox 137 856 980 902; baseline -0.002 -8"><span class='ocrx_word' id='word_1_106' title='bbox 137 859 272 895; x_wconf 83' lang='lat' dir='ltr'><em>Euchiridiis</em></span> <span class='ocrx_word' id='word_1_107' title='bbox 291 868 305 894; x_wconf 90' lang='lat' dir='ltr'><em>a</em></span> <span class='ocrx_word' id='word_1_108' title='bbox 323 859 446 902; x_wconf 82' lang='lat' dir='ltr'><em>Denzinger</em></span> <span class='ocrx_word' id='word_1_109' title='bbox 465 861 485 893; x_wconf 90' lang='lat' dir='ltr'><em>et</em></span> <span class='ocrx_word' id='word_1_110' title='bbox 503 860 574 895; x_wconf 74' lang='lat' dir='ltr'><em>Roubt</em></span> <span class='ocrx_word' id='word_1_111' title='bbox 592 860 619 895; x_wconf 82' lang='lat' dir='ltr'><em>de</em></span> <span class='ocrx_word' id='word_1_112' title='bbox 635 856 727 895; x_wconf 65' lang='lat' dir='ltr'><em>Journal</em></span> <span class='ocrx_word' id='word_1_113' title='bbox 753 859 817 894; x_wconf 83' lang='lat' dir='ltr'><em>editis</em></span> <span class='ocrx_word' id='word_1_114' title='bbox 844 858 980 899; x_wconf 73' lang='lat' dir='ltr'><em>adhibentur,</em></span> 
     </span>
     <span class='ocr_line' id='line_1_14' title="bbox 137 910 980 956; baseline -0.004 -10"><span class='ocrx_word' id='word_1_115' title='bbox 137 912 193 946; x_wconf 92' lang='lat' dir='ltr'><em>alios</em></span> <span class='ocrx_word' id='word_1_116' title='bbox 204 910 274 955; x_wconf 72' lang='lat' dir='ltr'><em>tontes</em></span> <span class='ocrx_word' id='word_1_117' title='bbox 288 913 365 946; x_wconf 82' lang='lat' dir='ltr'><em>notare</em></span> <span class='ocrx_word' id='word_1_118' title='bbox 379 911 515 955; x_wconf 71' lang='lat' dir='ltr'><em>superfluum</em></span> <span class='ocrx_word' id='word_1_119' title='bbox 528 910 586 954; x_wconf 79' lang='lat' dir='ltr'><em>duci,</em></span> <span class='ocrx_word' id='word_1_120' title='bbox 602 911 680 956; x_wconf 82' lang='lat' dir='ltr'><em>quippe</em></span> <span class='ocrx_word' id='word_1_121' title='bbox 696 911 769 955; x_wconf 77' lang='lat' dir='ltr'><em>quiin</em></span> <span class='ocrx_word' id='word_1_122' title='bbox 782 910 831 945; x_wconf 87' lang='lat' dir='ltr'><em>istis</em></span> <span class='ocrx_word' id='word_1_123' title='bbox 844 910 980 945; x_wconf 80' lang='lat' dir='ltr'><em>Erichiridtis</em></span> 
     </span>
     <span class='ocr_line' id='line_1_15' title="bbox 136 962 980 1007; baseline -0.001 -10"><span class='ocrx_word' id='word_1_124' title='bbox 136 963 201 1007; x_wconf 74' lang='lat' dir='ltr'><em>tacite</em></span> <span class='ocrx_word' id='word_1_125' title='bbox 216 962 366 998; x_wconf 81' lang='lat' dir='ltr'><em>inveniantur.</em></span> <span class='ocrx_word' id='word_1_126' title='bbox 383 963 494 1005; x_wconf 82' lang='lat' dir='ltr'><em>Quoniam</em></span> <span class='ocrx_word' id='word_1_127' title='bbox 508 962 631 1006; x_wconf 72' lang='lat' dir='ltr'><em>Densinper</em></span> <span class='ocrx_word' id='word_1_128' title='bbox 647 963 676 998; x_wconf 87' lang='lat' dir='ltr'><em>ad</em></span> <span class='ocrx_word' id='word_1_129' title='bbox 691 962 824 997; x_wconf 89' lang='lat' dir='ltr'><em>indicandas</em></span> <span class='ocrx_word' id='word_1_130' title='bbox 842 962 980 1006; x_wconf 59' lang='lat' dir='ltr'><em>definitiones</em></span> 
     </span>
     <span class='ocr_line' id='line_1_16' title="bbox 137 1014 980 1058; baseline 0.001 -10"><span class='ocrx_word' id='word_1_131' title='bbox 137 1014 296 1049; x_wconf 84' lang='lat' dir='ltr'><em>ecclesiasticas</em></span> <span class='ocrx_word' id='word_1_132' title='bbox 315 1014 360 1058; x_wconf 71' lang='lat' dir='ltr'><em>iere</em></span> <span class='ocrx_word' id='word_1_133' title='bbox 380 1023 465 1058; x_wconf 88' lang='lat' dir='ltr'><em>semper</em></span> <span class='ocrx_word' id='word_1_134' title='bbox 482 1014 570 1058; x_wconf 65' lang='lat' dir='ltr'><em>sufficit,</em></span> <span class='ocrx_word' id='word_1_135' title='bbox 590 1024 641 1049; x_wconf 91' lang='lat' dir='ltr'><em>raro</em></span> <span class='ocrx_word' id='word_1_136' title='bbox 661 1014 781 1049; x_wconf 85' lang='lat' dir='ltr'><em>admodum</em></span> <span class='ocrx_word' id='word_1_137' title='bbox 800 1015 866 1049; x_wconf 83' lang='lat' dir='ltr'><em>citavi</em></span> <span class='ocrx_word' id='word_1_138' title='bbox 885 1015 980 1049; x_wconf 89' lang='lat' dir='ltr'><em>aiterum</em></span> 
     </span>
     <span class='ocr_line' id='line_1_17' title="bbox 111 1066 980 1111; baseline 0 -10"><span class='ocrx_word' id='word_1_139' title='bbox 111 1075 113 1078; x_wconf 89' lang='lat'>·</span> <span class='ocrx_word' id='word_1_140' title='bbox 136 1067 245 1102; x_wconf 90' lang='lat' dir='ltr'><em>recentius</em></span> <span class='ocrx_word' id='word_1_141' title='bbox 262 1069 282 1101; x_wconf 94' lang='lat' dir='ltr'><em>et</em></span> <span class='ocrx_word' id='word_1_142' title='bbox 298 1075 352 1102; x_wconf 88' lang='lat' dir='ltr'><em>sane</em></span> <span class='ocrx_word' id='word_1_143' title='bbox 370 1066 477 1111; x_wconf 89' lang='lat' dir='ltr'><em>optimum</em></span> <span class='ocrx_word' id='word_1_144' title='bbox 491 1066 636 1101; x_wconf 82' lang='lat' dir='ltr'><em>Euchiridion</em></span> <span class='ocrx_word' id='word_1_145' title='bbox 652 1067 788 1102; x_wconf 76' lang='lat' dir='ltr'><em>Fordinaudi</em></span> <span class='ocrx_word' id='word_1_146' title='bbox 806 1066 928 1109; x_wconf 80' lang='lat' dir='ltr'><em>Cavallers,</em></span> <span class='ocrx_word' id='word_1_147' title='bbox 944 1067 980 1101; x_wconf 88' lang='lat' dir='ltr'><em>cui</em></span> 
     </span>
     <span class='ocr_line' id='line_1_18' title="bbox 139 1117 980 1162; baseline -0.004 -8"><span class='ocrx_word' id='word_1_148' title='bbox 139 1120 227 1154; x_wconf 90' lang='lat' dir='ltr'><em>titulus:</em></span> <span class='ocrx_word' id='word_1_149' title='bbox 254 1119 381 1155; x_wconf 78' lang='lat' dir='ltr'><em>Thesaurus</em></span> <span class='ocrx_word' id='word_1_150' title='bbox 406 1117 518 1154; x_wconf 76' lang='lat' dir='ltr'><em>doctrinae</em></span> <span class='ocrx_word' id='word_1_151' title='bbox 542 1118 664 1153; x_wconf 78' lang='lat' dir='ltr'><em>catholicae</em></span> <span class='ocrx_word' id='word_1_152' title='bbox 690 1118 792 1162; x_wconf 83' lang='lat' dir='ltr'><em>(Parisiis</em></span> <span class='ocrx_word' id='word_1_153' title='bbox 816 1117 980 1162; x_wconf 76' lang='lat' dir='ltr'><em>t920).Patrolo-</em></span> 
     </span>
     <span class='ocr_line' id='line_1_19' title="bbox 136 1170 980 1218; baseline -0.001 -13"><span class='ocrx_word' id='word_1_154' title='bbox 136 1172 197 1215; x_wconf 80' lang='lat' dir='ltr'><em>piam</em></span> <span class='ocrx_word' id='word_1_155' title='bbox 215 1179 228 1205; x_wconf 90' lang='lat' dir='ltr'><em>a</em></span> <span class='ocrx_word' id='word_1_156' title='bbox 245 1171 319 1215; x_wconf 81' lang='lat' dir='ltr'><em>Migne</em></span> <span class='ocrx_word' id='word_1_157' title='bbox 338 1170 420 1205; x_wconf 86' lang='lat' dir='ltr'><em>editam</em></span> <span class='ocrx_word' id='word_1_158' title='bbox 438 1179 451 1205; x_wconf 89' lang='lat' dir='ltr'><em>a</em></span> <span class='ocrx_word' id='word_1_159' title='bbox 470 1170 579 1215; x_wconf 83' lang='lat' dir='ltr'><em>plerisque</em></span> <span class='ocrx_word' id='word_1_160' title='bbox 597 1171 714 1206; x_wconf 83' lang='lat' dir='ltr'><em>tectoribus</em></span> <span class='ocrx_word' id='word_1_161' title='bbox 733 1170 821 1214; x_wconf 68' lang='lat' dir='ltr'><em>facilius</em></span> <span class='ocrx_word' id='word_1_162' title='bbox 842 1170 899 1218; x_wconf 83' lang='lat' dir='ltr'><em>adiri</em></span> <span class='ocrx_word' id='word_1_163' title='bbox 915 1179 980 1215; x_wconf 90' lang='lat' dir='ltr'><em>posse</em></span> 
     </span>
     <span class='ocr_line' id='line_1_20' title="bbox 136 1222 980 1267; baseline 0.001 -11"><span class='ocrx_word' id='word_1_164' title='bbox 136 1231 268 1267; x_wconf 84' lang='lat' dir='ltr'><em>supponens,</em></span> <span class='ocrx_word' id='word_1_165' title='bbox 289 1223 359 1257; x_wconf 83' lang='lat' dir='ltr'><em>tentas</em></span> <span class='ocrx_word' id='word_1_166' title='bbox 378 1222 415 1258; x_wconf 87' lang='lat' dir='ltr'><em>SS.</em></span> <span class='ocrx_word' id='word_1_167' title='bbox 434 1223 528 1257; x_wconf 87' lang='lat' dir='ltr'><em>Patrum</em></span> <span class='ocrx_word' id='word_1_168' title='bbox 546 1223 674 1267; x_wconf 76' lang='lat' dir='ltr'><em>plerumque</em></span> <span class='ocrx_word' id='word_1_169' title='bbox 695 1232 720 1258; x_wconf 75' lang='lat' dir='ltr'><em>esc</em></span> <span class='ocrx_word' id='word_1_170' title='bbox 737 1224 781 1258; x_wconf 88' lang='lat' dir='ltr'><em>ista</em></span> <span class='ocrx_word' id='word_1_171' title='bbox 799 1223 925 1258; x_wconf 85' lang='lat' dir='ltr'><em>collectione</em></span> <span class='ocrx_word' id='word_1_172' title='bbox 946 1222 980 1257; x_wconf 87' lang='lat' dir='ltr'><em>de-</em></span> 
     </span>
     <span class='ocr_line' id='line_1_21' title="bbox 136 1274 979 1318; baseline 0 -10"><span class='ocrx_word' id='word_1_173' title='bbox 136 1274 227 1318; x_wconf 85' lang='lat' dir='ltr'><em>sumpsi,</em></span> <span class='ocrx_word' id='word_1_174' title='bbox 247 1274 334 1309; x_wconf 87' lang='lat' dir='ltr'><em>etiamsi</em></span> <span class='ocrx_word' id='word_1_175' title='bbox 352 1274 453 1309; x_wconf 90' lang='lat' dir='ltr'><em>meliores</em></span> <span class='ocrx_word' id='word_1_176' title='bbox 472 1274 579 1313; x_wconf 86' lang='lat' dir='ltr'><em>editiones</em></span> <span class='ocrx_word' id='word_1_177' title='bbox 595 1275 744 1310; x_wconf 79' lang='lat' dir='ltr'><em>berolinenses</em></span> <span class='ocrx_word' id='word_1_178' title='bbox 764 1277 785 1310; x_wconf 90' lang='lat' dir='ltr'><em>et</em></span> <span class='ocrx_word' id='word_1_179' title='bbox 804 1274 979 1315; x_wconf 81' lang='lat' dir='ltr'><em>vindobonenses</em></span> 
     </span>
     <span class='ocr_line' id='line_1_22' title="bbox 135 1326 979 1371; baseline 0 -10"><span class='ocrx_word' id='word_1_180' title='bbox 135 1328 181 1362; x_wconf 92' lang='lat' dir='ltr'><em>iam</em></span> <span class='ocrx_word' id='word_1_181' title='bbox 197 1329 284 1371; x_wconf 87' lang='lat' dir='ltr'><em>praesto</em></span> <span class='ocrx_word' id='word_1_182' title='bbox 311 1328 381 1368; x_wconf 58' lang='lat' dir='ltr'><em>crarta</em></span> <span class='ocrx_word' id='word_1_183' title='bbox 407 1326 467 1362; x_wconf 90' lang='lat' dir='ltr'><em>haud</em></span> <span class='ocrx_word' id='word_1_184' title='bbox 485 1335 535 1361; x_wconf 86' lang='lat' dir='ltr'><em>raro</em></span> <span class='ocrx_word' id='word_1_185' title='bbox 555 1329 629 1361; x_wconf 86' lang='lat' dir='ltr'><em>tamen</em></span> <span class='ocrx_word' id='word_1_186' title='bbox 655 1327 695 1362; x_wconf 88' lang='lat' dir='ltr'><em>has</em></span> <span class='ocrx_word' id='word_1_187' title='bbox 721 1328 852 1361; x_wconf 72' lang='lat' dir='ltr'><em>recentiores</em></span> <span class='ocrx_word' id='word_1_188' title='bbox 872 1327 979 1362; x_wconf 77' lang='lat' dir='ltr'><em>editiones</em></span> 
     </span>
     <span class='ocr_line' id='line_1_23' title="bbox 137 1378 980 1422; baseline 0 -9"><span class='ocrx_word' id='word_1_189' title='bbox 137 1378 232 1414; x_wconf 88' lang='lat' dir='ltr'><em>laudaui.</em></span> <span class='ocrx_word' id='word_1_190' title='bbox 252 1379 307 1415; x_wconf 88' lang='lat' dir='ltr'><em>Cum</em></span> <span class='ocrx_word' id='word_1_191' title='bbox 322 1378 346 1413; x_wconf 90' lang='lat' dir='ltr'><em>in</em></span> <span class='ocrx_word' id='word_1_192' title='bbox 361 1378 483 1422; x_wconf 83' lang='lat' dir='ltr'><em>Conspectu</em></span> <span class='ocrx_word' id='word_1_193' title='bbox 499 1378 652 1421; x_wconf 80' lang='lat' dir='ltr'><em>chronotopico</em></span> <span class='ocrx_word' id='word_1_194' title='bbox 668 1387 689 1414; x_wconf 91' lang='lat' dir='ltr'><em>n.</em></span> <span class='ocrx_word' id='word_1_195' title='bbox 708 1379 761 1414; x_wconf 64' lang='lat' dir='ltr'><em>iuss</em></span> <span class='ocrx_word' id='word_1_196' title='bbox 778 1380 881 1414; x_wconf 86' lang='lat' dir='ltr'><em>accurate</em></span> <span class='ocrx_word' id='word_1_197' title='bbox 896 1379 980 1413; x_wconf 90' lang='lat' dir='ltr'><em>indica-</em></span> 
     </span>
     <span class='ocr_line' id='line_1_24' title="bbox 136 1429 978 1474; baseline 0.001 -11"><span class='ocrx_word' id='word_1_198' title='bbox 136 1431 183 1465; x_wconf 86' lang='lat' dir='ltr'><em>tum</em></span> <span class='ocrx_word' id='word_1_199' title='bbox 194 1430 228 1471; x_wconf 88' lang='lat' dir='ltr'><em>sit,</em></span> <span class='ocrx_word' id='word_1_200' title='bbox 244 1438 285 1473; x_wconf 78' lang='lat' dir='ltr'><em>auo</em></span> <span class='ocrx_word' id='word_1_201' title='bbox 300 1430 346 1464; x_wconf 90' lang='lat' dir='ltr'><em>loco</em></span> <span class='ocrx_word' id='word_1_202' title='bbox 360 1429 424 1464; x_wconf 82' lang='lat' dir='ltr'><em>varia</em></span> <span class='ocrx_word' id='word_1_203' title='bbox 438 1429 457 1465; x_wconf 87' lang='lat' dir='ltr'><em>S.</em></span> <span class='ocrx_word' id='word_1_204' title='bbox 473 1430 592 1473; x_wconf 78' lang='lat' dir='ltr'><em>Augustini</em></span> <span class='ocrx_word' id='word_1_205' title='bbox 607 1429 632 1464; x_wconf 90' lang='lat' dir='ltr'><em>de</em></span> <span class='ocrx_word' id='word_1_206' title='bbox 646 1430 720 1474; x_wconf 76' lang='lat' dir='ltr'><em>pratia</em></span> <span class='ocrx_word' id='word_1_207' title='bbox 734 1430 816 1474; x_wconf 86' lang='lat' dir='ltr'><em>scripta</em></span> <span class='ocrx_word' id='word_1_208' title='bbox 830 1431 890 1474; x_wconf 90' lang='lat' dir='ltr'><em>apud</em></span> <span class='ocrx_word' id='word_1_209' title='bbox 904 1431 978 1474; x_wconf 84' lang='lat' dir='ltr'><em>Migne</em></span> 
     </span>
     <span class='ocr_line' id='line_1_25' title="bbox 134 1481 979 1527; baseline 0.001 -12"><span class='ocrx_word' id='word_1_210' title='bbox 134 1481 283 1523; x_wconf 84' lang='lat' dir='ltr'><em>inveniantur,</em></span> <span class='ocrx_word' id='word_1_211' title='bbox 297 1483 374 1526; x_wconf 86' lang='lat' dir='ltr'><em>postea</em></span> <span class='ocrx_word' id='word_1_212' title='bbox 387 1483 457 1516; x_wconf 79' lang='lat' dir='ltr'><em>iectus</em></span> <span class='ocrx_word' id='word_1_213' title='bbox 472 1481 544 1516; x_wconf 77' lang='lat' dir='ltr'><em>echis</em></span> <span class='ocrx_word' id='word_1_214' title='bbox 557 1482 645 1526; x_wconf 89' lang='lat' dir='ltr'><em>scriptis</em></span> <span class='ocrx_word' id='word_1_215' title='bbox 658 1482 753 1527; x_wconf 78' lang='lat' dir='ltr'><em>afferens</em></span> <span class='ocrx_word' id='word_1_216' title='bbox 767 1482 910 1526; x_wconf 81' lang='lat' dir='ltr'><em>ctestpnandis</em></span> <span class='ocrx_word' id='word_1_217' title='bbox 925 1482 979 1517; x_wconf 91' lang='lat' dir='ltr'><em>locis</em></span> 
     </span>
     <span class='ocr_line' id='line_1_26' title="bbox 134 1533 979 1577; baseline 0 -10"><span class='ocrx_word' id='word_1_218' title='bbox 134 1533 254 1576; x_wconf 81' lang='lat' dir='ltr'><em>mipnianis</em></span> <span class='ocrx_word' id='word_1_219' title='bbox 272 1533 400 1577; x_wconf 65' lang='lat' dir='ltr'><em>supersedi.&gt;</em></span> <span class='ocrx_word' id='word_1_220' title='bbox 412 1534 471 1576; x_wconf 83' lang='lat' dir='ltr'><em>Quae</em></span> <span class='ocrx_word' id='word_1_221' title='bbox 487 1533 511 1567; x_wconf 89' lang='lat' dir='ltr'><em>in</em></span> <span class='ocrx_word' id='word_1_222' title='bbox 528 1533 601 1568; x_wconf 87' lang='lat' dir='ltr'><em>citatis</em></span> <span class='ocrx_word' id='word_1_223' title='bbox 619 1534 719 1577; x_wconf 80' lang='lat' dir='ltr'><em>tectibus,</em></span> <span class='ocrx_word' id='word_1_224' title='bbox 738 1534 806 1569; x_wconf 89' lang='lat' dir='ltr'><em>etiarn</em></span> <span class='ocrx_word' id='word_1_225' title='bbox 822 1534 979 1569; x_wconf 89' lang='lat' dir='ltr'><em>modernorum</em></span> 
     </span>
     <span class='ocr_line' id='line_1_27' title="bbox 135 1584 979 1630; baseline 0.004 -13"><span class='ocrx_word' id='word_1_226' title='bbox 135 1586 256 1626; x_wconf 82' lang='lat' dir='ltr'><em>auctorum,</em></span> <span class='ocrx_word' id='word_1_227' title='bbox 272 1584 426 1628; x_wconf 79' lang='lat' dir='ltr'><em>insipniuniur</em></span> <span class='ocrx_word' id='word_1_228' title='bbox 443 1585 506 1629; x_wconf 84' lang='lat' dir='ltr'><em>tppis,</em></span> <span class='ocrx_word' id='word_1_229' title='bbox 524 1585 653 1630; x_wconf 77' lang='lat' dir='ltr'><em>pierumque</em></span> <span class='ocrx_word' id='word_1_230' title='bbox 669 1595 683 1620; x_wconf 89' lang='lat' dir='ltr'><em>a</em></span> <span class='ocrx_word' id='word_1_231' title='bbox 696 1595 737 1628; x_wconf 88' lang='lat' dir='ltr'><em>me,</em></span> <span class='ocrx_word' id='word_1_232' title='bbox 754 1594 800 1620; x_wconf 92' lang='lat' dir='ltr'><em>non</em></span> <span class='ocrx_word' id='word_1_233' title='bbox 815 1586 842 1621; x_wconf 89' lang='lat' dir='ltr'><em>ab</em></span> <span class='ocrx_word' id='word_1_234' title='bbox 858 1587 912 1630; x_wconf 86' lang='lat' dir='ltr'><em>ipsis</em></span> <span class='ocrx_word' id='word_1_235' title='bbox 928 1595 979 1620; x_wconf 90' lang='lat' dir='ltr'><em>auc-</em></span> 
     </span>
     <span class='ocr_line' id='line_1_28' title="bbox 135 1635 979 1681; baseline 0.004 -12"><span class='ocrx_word' id='word_1_236' title='bbox 135 1635 224 1677; x_wconf 81' lang='lat' dir='ltr'><em>toribus,</em></span> <span class='ocrx_word' id='word_1_237' title='bbox 241 1636 280 1669; x_wconf 92' lang='lat' dir='ltr'><em>hoc</em></span> <span class='ocrx_word' id='word_1_238' title='bbox 294 1636 359 1670; x_wconf 90' lang='lat' dir='ltr'><em>rnodo</em></span> <span class='ocrx_word' id='word_1_239' title='bbox 374 1645 427 1680; x_wconf 87' lang='lat' dir='ltr'><em>prae</em></span> <span class='ocrx_word' id='word_1_240' title='bbox 442 1637 519 1681; x_wconf 90' lang='lat' dir='ltr'><em>ceteris</em></span> <span class='ocrx_word' id='word_1_241' title='bbox 534 1638 611 1672; x_wconf 69' lang='lat' dir='ltr'><em>notata</em></span> <span class='ocrx_word' id='word_1_242' title='bbox 626 1640 683 1673; x_wconf 89' lang='lat' dir='ltr'><em>sunt.</em></span> <span class='ocrx_word' id='word_1_243' title='bbox 700 1639 806 1673; x_wconf 82' lang='lat' dir='ltr'><em>Auctores</em></span> <span class='ocrx_word' id='word_1_244' title='bbox 821 1638 979 1673; x_wconf 87' lang='lat' dir='ltr'><em>modernorum</em></span> 
     </span>
     <span class='ocr_line' id='line_1_29' title="bbox 135 1687 979 1733; baseline 0.004 -11"><span class='ocrx_word' id='word_1_245' title='bbox 135 1689 275 1729; x_wconf 84' lang='lat' dir='ltr'><em>tractatuum,</em></span> <span class='ocrx_word' id='word_1_246' title='bbox 293 1688 330 1732; x_wconf 79' lang='lat' dir='ltr'><em>qui</em></span> <span class='ocrx_word' id='word_1_247' title='bbox 347 1687 452 1723; x_wconf 76' lang='lat' dir='ltr'><em>adhibitis</em></span> <span class='ocrx_word' id='word_1_248' title='bbox 468 1689 567 1724; x_wconf 88' lang='lat' dir='ltr'><em>numeris</em></span> <span class='ocrx_word' id='word_1_249' title='bbox 582 1689 745 1733; x_wconf 82' lang='lat' dir='ltr'><em>marpinatibus</em></span> <span class='ocrx_word' id='word_1_250' title='bbox 760 1690 879 1725; x_wconf 83' lang='lat' dir='ltr'><em>materiam</em></span> <span class='ocrx_word' id='word_1_251' title='bbox 894 1691 918 1725; x_wconf 90' lang='lat' dir='ltr'><em>in</em></span> <span class='ocrx_word' id='word_1_252' title='bbox 934 1700 979 1726; x_wconf 91' lang='lat' dir='ltr'><em>sec-</em></span> 
     </span>
     <span class='ocr_line' id='line_1_30' title="bbox 135 1739 978 1784; baseline 0.004 -11"><span class='ocrx_word' id='word_1_253' title='bbox 135 1739 245 1774; x_wconf 87' lang='lat' dir='ltr'><em>tiunculas</em></span> <span class='ocrx_word' id='word_1_254' title='bbox 260 1739 394 1781; x_wconf 85' lang='lat' dir='ltr'><em>discernant,</em></span> <span class='ocrx_word' id='word_1_255' title='bbox 413 1739 534 1774; x_wconf 85' lang='lat' dir='ltr'><em>secundum</em></span> <span class='ocrx_word' id='word_1_256' title='bbox 552 1741 591 1775; x_wconf 90' lang='lat' dir='ltr'><em>hos</em></span> <span class='ocrx_word' id='word_1_257' title='bbox 608 1749 719 1784; x_wconf 79' lang='lat' dir='ltr'><em>numeros,</em></span> <span class='ocrx_word' id='word_1_258' title='bbox 737 1750 782 1776; x_wconf 90' lang='lat' dir='ltr'><em>non</em></span> <span class='ocrx_word' id='word_1_259' title='bbox 800 1742 921 1777; x_wconf 90' lang='lat' dir='ltr'><em>secundum</em></span> <span class='ocrx_word' id='word_1_260' title='bbox 937 1750 978 1776; x_wconf 91' lang='lat' dir='ltr'><em>nu-</em></span> 
     </span>
     <span class='ocr_line' id='line_1_31' title="bbox 133 1791 978 1839; baseline 0.005 -15"><span class='ocrx_word' id='word_1_261' title='bbox 133 1799 205 1825; x_wconf 87' lang='lat' dir='ltr'><em>meros</em></span> <span class='ocrx_word' id='word_1_262' title='bbox 218 1791 358 1834; x_wconf 75' lang='lat' dir='ltr'><em>papularum,</em></span> <span class='ocrx_word' id='word_1_263' title='bbox 373 1791 444 1825; x_wconf 88' lang='lat' dir='ltr'><em>citaoi.</em></span> <span class='ocrx_word' id='word_1_264' title='bbox 460 1791 558 1826; x_wconf 85' lang='lat' dir='ltr'><em>Tandem</em></span> <span class='ocrx_word' id='word_1_265' title='bbox 570 1792 646 1839; x_wconf 84' lang='lat' dir='ltr'><em>lectori</em></span> <span class='ocrx_word' id='word_1_266' title='bbox 660 1793 793 1835; x_wconf 87' lang='lat' dir='ltr'><em>commendo,</em></span> <span class='ocrx_word' id='word_1_267' title='bbox 809 1796 833 1828; x_wconf 85' lang='lat' dir='ltr'><em>ut</em></span> <span class='ocrx_word' id='word_1_268' title='bbox 847 1796 897 1829; x_wconf 87' lang='lat' dir='ltr'><em>anie</em></span> <span class='ocrx_word' id='word_1_269' title='bbox 910 1802 978 1829; x_wconf 87' lang='lat' dir='ltr'><em>usum</em></span> 
     </span>
     <span class='ocr_line' id='line_1_32' title="bbox 133 1842 910 1890; baseline 0.005 -14"><span class='ocrx_word' id='word_1_270' title='bbox 133 1842 184 1877; x_wconf 89' lang='lat' dir='ltr'><em>iibri</em></span> <span class='ocrx_word' id='word_1_271' title='bbox 199 1843 304 1886; x_wconf 88' lang='lat' dir='ltr'><em>inspiciat</em></span> <span class='ocrx_word' id='word_1_272' title='bbox 318 1842 414 1877; x_wconf 86' lang='lat' dir='ltr'><em>indicem</em></span> <span class='ocrx_word' id='word_1_273' title='bbox 427 1842 618 1878; x_wconf 79' lang='lat' dir='ltr'><em>abbreviationum</em></span> <span class='ocrx_word' id='word_1_274' title='bbox 634 1854 653 1889; x_wconf 87' lang='lat' dir='ltr'><em>p¹</em></span> <span class='ocrx_word' id='word_1_275' title='bbox 671 1845 724 1880; x_wconf 85' lang='lat' dir='ltr'><strong><em>XIII</em></strong></span> <span class='ocrx_word' id='word_1_276' title='bbox 732 1854 741 1879; x_wconf 89' lang='lat' dir='ltr'><em>s</em></span> <span class='ocrx_word' id='word_1_277' title='bbox 757 1845 910 1890; x_wconf 86' lang='lat' dir='ltr'><em>praemissum.</em></span> 
     </span>
    </p>
   </div>
   <div class='ocr_carea' id='block_1_7' title="bbox 208 1956 856 2001">
    <p class='ocr_par' dir='ltr' id='par_1_7' title="bbox 208 1956 856 2001">
     <span class='ocr_line' id='line_1_33' title="bbox 208 1956 856 2001; baseline 0.009 -11"><span class='ocrx_word' id='word_1_278' title='bbox 208 1956 364 2001; x_wconf 79' lang='lat' dir='ltr'><em>valkenburgi,</em></span> <span class='ocrx_word' id='word_1_279' title='bbox 379 1966 390 1991; x_wconf 86' lang='lat' dir='ltr'><em>e</em></span> <span class='ocrx_word' id='word_1_280' title='bbox 405 1956 500 2001; x_wconf 82' lang='lat' dir='ltr'><em>collegio</em></span> <span class='ocrx_word' id='word_1_281' title='bbox 515 1958 534 1994; x_wconf 68' lang='lat' dir='ltr'><em>S⁴</em></span> <span class='ocrx_word' id='word_1_282' title='bbox 551 1959 640 2001; x_wconf 80' lang='lat' dir='ltr'><em>Ignatii,</em></span> <span class='ocrx_word' id='word_1_283' title='bbox 656 1960 691 1995; x_wconf 83' lang='lat' dir='ltr'><em>die</em></span> <span class='ocrx_word' id='word_1_284' title='bbox 704 1959 716 1995; x_wconf 84' lang='lat'><strong>3</strong></span> <span class='ocrx_word' id='word_1_285' title='bbox 729 1961 788 1995; x_wconf 84' lang='lat' dir='ltr'><em>Iunii</em></span> <span class='ocrx_word' id='word_1_286' title='bbox 804 1959 856 1997; x_wconf 73' lang='lat'>1929.</span> 
     </span>
    </p>
   </div>
   <div class='ocr_carea' id='block_1_8' title="bbox 0 0 1112 3350">
    <p class='ocr_par' dir='ltr' id='par_1_8' title="bbox 0 0 1112 3350">
     <span class='ocr_line' id='line_1_34' title="bbox 0 0 1112 3350; baseline 0 2"><span class='ocrx_word' id='word_1_287' title='bbox 0 0 1112 3350; x_wconf 95' lang='lat' dir='ltr'><em> </em></span> 
     </span>
    </p>
   </div>
  </div>
 </body>
</html>
