2214 3350
333 145 410 182 Thesis
425 144 453 181 17.
470 144 567 201 Amissio
582 144 684 179 Iustitiae
899 140 934 178 351

85 251 158 292 habet
176 250 323 293 Calvinus.
342 279 374 284 -
391 252 546 292 praeiverant
566 251 673 291 Gerson
692 249 781 299 aliique
801 249 934 290 Nomina-

85 309 137 363 155,
155 314 196 364 qui
214 313 342 356 discrimen
360 316 422 356 inter
438 314 550 355 mortalia
567 314 591 355 et
606 313 710 353 venialia
725 312 805 363 potius
823 312 933 353 511115111-

85 377 173 427 gnitate
188 377 239 425 Dei,
256 389 303 418 non
317 380 400 419 omnia
413 377 510 429 peccata
524 374 667 427 imputantis
681 375 799 424 mortalia,
816 386 889 427 quam
904 387 934 416 ex

85 440 171 480 natura
184 440 335 490 peccatorum
349 440 495 493 repetebant.
510 466 541 471 υ
555 439 643 479 Baius
657 449 751 488 quoque
766 439 890 488 paccatum
905 450 934 478 cac

84 508 171 543 natura
189 514 232 543 saa
249 505 342 545 veniale
359 504 455 555 negavit
474 505 505 555 (v.
526 503 639 550 Wirceb.,
659 502 693 542 De
711 512 775 552 pecc.
795 512 819 541 n.
838 502 883 553 34).
902 525 934 532 —

84 565 232 607 Hirscher:
250 567 330 607 Iustus
341 579 389 607 non
402 566 484 618 peccat
496 566 543 606 nisi
557 564 689 613 venialiter,
704 563 839 615 peccatore
852 563 933 603 contra

85 640 179 679 semper
192 628 325 670 mortaliter
339 629 458 680 delinquit
474 631 505 680 (v.
521 630 540 670 P
556 630 588 669 IX
602 628 661 677 517).
676 651 708 656 —
721 626 802 667 Herm.
821 626 929 667 Schell:

84 691 183 732 Nullum
199 693 322 742 peccatum
345 693 375 733 ad
398 692 569 743 sempiternam
593 690 659 732 ducit
680 689 867 738 damnationem,
886 689 933 728 nisi

84 754 153 803 illud,
172 755 236 805 quod
256 756 364 796 «eleuata
381 763 474 795 rnannt
494 754 604 806 patratur
622 753 702 805 (Kath.
721 753 850 804 Dogmatik
868 753 901 793 Ill
920 755 933 793 2

84 818 368 877 [Paderborn1893]742).
377 842 408 848 -
414 819 513 859 Errores
522 819 685 868 professorum
696 817 811 857 Hirscher
820 816 844 857 et
854 814 933 856 Sabell

83 881 226 931 coniungere
241 880 337 921 videtur
351 882 398 921 Jos
414 880 540 931 Wittigl.
817 904 819 906 >

123 957 125 960 ’
152 955 173 1005 c)
190 955 273 1004 Quoad
288 956 354 995 varia
368 955 430 995 dona
445 965 542 995 omnes
557 953 694 995 catholici
709 953 795 995 dolcent
809 953 932 1004 caritatem

31 1071 33 1074 y
83 1018 106 1059 et
118 1017 317 1058 inhabitationem
331 1016 435 1068 Spiritus
448 1017 529 1059 Sancti
542 1027 667 1067 nunquam
680 1026 777 1057 manere
791 1016 842 1057 sine
855 1015 932 1067 gratia

84 1080 255 1121 sanctificante.
274 1081 355 1130 Neque
371 1080 396 1128 ii,
414 1082 456 1131 qui
472 1079 573 1121 virtutes
589 1079 691 1120 morales
707 1080 731 1120 et
747 1079 810 1120 dona
826 1079 932 1130 'Spiritus

43 1187 45 1193 ,
84 1143 164 1184 Sancti
178 1143 241 1184 inter
254 1143 351 1183 habitus
365 1143 458 1183 inlusos
471 1141 606 1191 numerant,
621 1142 666 1183 hos
679 1141 777 1182 habitus
790 1155 804 1183 a
819 1141 896 1192 gratia
910 1141 932 1181 ei

83 1206 180 1247 caritate
199 1205 318 1256 separant,
339 1205 442 1255 exceptis
461 1205 647 1254 paucissimis
665 1206 745 1255 quoad
764 1205 863 1245 virtutes
883 1217 932 1245 mo-

83 1269 144 1309 rales
162 1269 279 1317 infusas2,
298 1268 438 1321 praesertim
456 1278 503 1316 eae,
523 1279 585 1318 quae
603 1268 676 1308 simili
693 1268 765 1309 modo
784 1280 811 1309 ao
830 1267 892 1309 tides
910 1268 933 1307 et

83 1343 137 1382 spes
151 1343 225 1372 novae
241 1331 405 1372 testificationi
420 1331 535 1372 inservire
551 1331 650 1381 possint,
666 1330 701 1371 uti
716 1332 752 1372 est
766 1330 864 1372 habitus
877 1343 932 1383 poe.

83 1395 204 1443 pitantiae,
220 1395 356 1442 attritionis,
373 1396 464 1434 timoris
480 1395 572 1434 seruilis
590 1396 620 1446 (v.
636 1395 739 1445 Ripalda
753 1395 769 1435 1,
785 1398 799 1435 6
814 1395 874 1444 disp.
891 1397 931 1435 128

83 1469 107 1498 n.
120 1458 223 1509 css-75).
237 1458 271 1498 De
284 1458 334 1498 fide
345 1457 369 1498 et
380 1469 420 1508 spe
433 1457 543 1498 catholici
555 1468 603 1498 non
616 1457 761 1498 dissentiunt
773 1457 820 1497 nisi
833 1458 862 1498 de
875 1470 932 1509 qaa-

83 1521 212 1571 iijicatione
226 1522 250 1561 et
263 1521 292 1561 de
306 1521 382 1560 causis
398 1521 583 1561 conservationis
598 1527 621 1560 et
635 1520 809 1560 destructionis.
824 1546 856 1551 -
870 1521 931 1561 Non-

83 1583 144 1624 nulli
168 1583 279 1624 veteres
303 1583 414 1633 theologi,
434 1594 495 1633 quos
518 1583 542 1623 S.
563 1583 668 1623 Thomas
692 1583 788 1631 refutat,
815 1582 950 1634 putabant·

82 1646 193 1687 habitum
209 1646 340 1687 formatum
355 1646 413 1686 fidei
429 1646 452 1688 et
468 1647 517 1696 spei
534 1657 590 1686 cum
605 1646 682 1696 gratia
697 1645 787 1687 destrui
804 1646 827 1687 et
840 1658 931 1687 novant

83 1710 193 1750 habitam
208 1709 339 1759 informent
353 1709 461 1759 produci.
479 1709 633 1750 Durandus
649 1709 803 1759 singulariter
819 1709 931 1760 opinatur

85 1773 121 1823 (ln
133 1775 147 1812 3
161 1772 214 1813 dist.
230 1774 258 1812 23
271 1783 293 1822 q.
308 1772 329 1823 9)
345 1772 436 1812 haeresi
450 1771 547 1812 formali
561 1771 624 1812 circa
638 1782 714 1812 unum
728 1771 861 1812 alterumve
875 1772 930 1813 arti-

82 1835 164 1875 culum
179 1835 306 1875 commissa
321 1845 368 1891 non
383 1833 487 1874 totaliter
501 1834 592 1875 destrui
607 1835 717 1875 habiturn
734 1834 800 1875 fidei.
817 1834 930 1876 Velunia·
962 1873 963 1877 ,

82 1899 119 1938 ria
137 1898 253 1938 dubitatio
279 1909 310 1937 an
335 1896 441 1938 destruat
464 1897 548 1945 iidem,
568 1896 711 1948 disputatum
738 1897 796 1938 item
814 1909 845 1938 an
863 1909 930 1950 prac-

82 1961 186 2011 snrnptio
199 1960 306 2001 destruat
317 1970 383 2009 spem
391 1960 407 1999 ³.
420 1985 452 1990 —
465 1959 511 2000 Gar
524 1971 574 2000 non
586 1970 669 2000 omnes
679 1959 778 2002 habitus
790 1961 863 2002 simul
875 1972 929 2002 cum

78 2024 158 2076 ¹gratia
174 2023 279 2073 pereant,
298 2015 457 2063 diversimode
474 2021 613 2073 explicatur.

143 2140 202 2175 1Die
214 2140 318 2175 Erldstan
332 2139 457 2185 (Hocbtand
471 2139 493 2176 19
506 2139 647 2185 [1115115511]
662 2139 731 2178 1—26:
745 2140 834 2176 aWenn
845 2141 881 2176 bei
893 2148 931 2184 gu-

81 2186 126 2220 tem
137 2185 219 2221 Willen
232 2186 279 2220 eine
291 2185 334 2220 Tat
344 2185 446 2230 passiert,
461 2185 496 2221 die
508 2187 571 2221 sonst
583 2186 625 2221 alle
637 2186 793 2222 Kennzeichen
805 2187 843 2223 der
856 2188 930 2224 Sitnde

82 2240 112 2266 an
122 2232 170 2267 sich
179 2231 225 2274 hat,
238 2240 262 2266 so
273 2231 329 2267 sidrt
339 2232 398 2267 diese
409 2231 451 2267 Tat
462 2232 497 2267 die
508 2232 620 2276 Erldsung
630 2231 692 2267 nicht
699 2244 710 2264 a
721 2230 768 2277 (12).
783 2245 793 2265 (t
802 2233 834 2273 Ja,
847 2242 870 2268 es
881 2241 930 2278 pas-

83 2276 156 2312 sieren
172 2277 227 2313 euch
245 2277 343 2320 Stinden,
360 2277 413 2312 aber
429 2277 470 2312 das
487 2277 538 2312 sind
554 2276 618 2313 keine
634 2277 733 2320 Stinden,
752 2278 793 2313 das
809 2278 839 2314 ist
856 2278 930 2314 Gottes

81 2322 176 2367 heiliger
189 2322 261 2360 Wille.
279 2324 328 2359 Wie
341 2324 423 2358 konnte
439 2332 462 2358 es
477 2323 553 2359 Stinde
569 2323 623 2365 sein,
639 2333 686 2359 was
702 2324 732 2359 du
747 2323 788 2357 mit
803 2324 930 2369 glaubigem

81 2369 168 2404 Herzen
178 2368 247 2413 guten
257 2368 351 2404 Willens
361 2368 430 2404 iusti.
440 2395 459 2404 ..
472 2370 501 2404 Ε5
512 2369 542 2404 151
552 2368 655 2413 maguae,
669 2370 721 2405 dass
734 2370 764 2404 du
776 2370 819 2405 den
830 2370 931 2406 Glauben

81 2413 189 2456 verlierst,
205 2415 235 2449 da
247 2415 312 2450 hehst
326 2415 357 2450 du
370 2413 434 2449 deine
448 2414 516 2449 Hand
530 2423 601 2459 gegen
614 2414 672 2457 eon,
689 2415 718 2450 da
733 2415 829 2460 sprichst
844 2416 875 2451 du
889 2417 935 2451 das,

81 2460 214 2505 meineidige
226 2460 296 2503 vvort
309 2460 395 2495 datust
407 2460 438 2495 du
450 2459 485 2495 die
498 2460 613 2497 schlimme
626 2461 673 2504 Tot,
687 2461 716 2496 da
729 2462 758 2497 ist
770 2461 846 2497 Stinde
854 2475 865 2494 o
881 2461 927 2507 (aa).

143 2513 151 2534 ²
168 2515 187 2549 S.
205 2514 409 2554 Beneventum,
425 2513 506 2549 Breoii.
525 2513 543 2557 5,
560 2513 579 2556 t,
596 2514 658 2549 docet
674 2513 758 2559 septem
775 2522 822 2551 esse
839 2514 931 2549 habitus

81 2558 189 2594 virtutum
207 2559 365 2603 gratuitarum,
384 2559 453 2593 trium
470 2559 647 2604 theologicarum
666 2561 686 2595 et
704 2559 810 2604 quattuor
828 2561 930 2596 cardina·
948 2593 949 2596 ,

80 2603 144 2646 1111111;
162 2617 173 2636 a
182 2605 202 2640 et
219 2605 271 2640 licet
288 2605 333 2640 sint
349 2604 462 2649 gratuitae
485 2614 525 2650 per
549 2605 647 2649 gratiam
669 2606 810 2647 informatae,
835 2607 929 2651 possunt

80 2650 156 2685 tamen
165 2650 214 2686 fieri
224 2651 332 2686 informes
342 2659 381 2695 per
391 2649 487 2696 culpam,
500 2651 549 2687 sola
559 2651 652 2687 caritate
664 2651 759 2696 excepta,
773 2653 794 2687 et
804 2651 887 2688 iterum
897 2653 929 2687 in-

80 2695 173 2731 formari
185 2705 225 2741 per
238 2697 404 2742 poenitentiam,
413 2696 545 2733 adveniente
553 2697 639 2741 gratia»
657 2699 690 2743 (ci.
699 2697 816 2742 Bonnefoy
824 2696 837 2733 l.
847 2708 864 2733 c.
873 2697 897 2732 70
902 2698 927 2743 5).

141 2748 189 2792 381
202 2749 288 2784 iudicia
304 2748 457 2784 credibilitatis
474 2750 494 2784 et
510 2749 648 2785 credulitatis
664 2749 757 2794 affectus
774 2760 800 2786 ex
814 2751 928 2786 habitibus

81 2792 162 2828 infusis
181 2794 271 2839 prodire
290 2794 400 2836 dicuntur,
419 2803 491 2829 novae
510 2795 633 2840 exsurgunt
652 2795 800 2839 quaestiones.
821 2795 929 2831 Nonnulli

82 2837 184 2889 dixerunt
201 2840 292 2885 propter
308 2840 391 2875 iudicia
409 2840 565 2876 credibilitatis
583 2850 673 2876 manere
690 2841 811 2877 intormem
827 2841 929 2877 habitum

81 2884 338 2976 {rvtiulsqizrssrynllggalderczssiaa
359 2886 399 2920 His
419 2886 588 2929 quaestionibus
609 2887 740 2922 dirimendis
760 2887 931 2932 supersedemus
