2214 3350
195 225 230 261 146
352 226 406 262 sect.
422 226 445 262 V.
460 226 507 263 Art.
523 227 550 263 Π.
566 226 689 272 Explicatio
701 212 788 270 gratiae
801 216 895 261 efficacis

195 334 219 374 C.
236 345 258 373 a.
274 335 327 373 1571
343 333 479 375 hadericus
492 333 589 381 Melina,
606 333 677 374 natus
692 344 713 373 a.
725 335 784 374 ,1535
800 333 908 374 Conchae
927 332 1040 385 (Caenea)

227 396 254 435 111
271 396 394 450 Hispania,
415 409 436 438 a.
447 397 512 439 *1553
528 395 668 438 Societatem
686 397 740 436 Iesu
758 396 886 446 ingressus,
907 394 1041 446 discipulus

227 459 291 499 Petri
303 460 415 509 Fonseca
427 471 471 511 per
480 471 556 501 annos
566 458 651 510 viginti
662 461 688 500 in
698 460 821 507 academia
832 459 940 500 eborensi
955 460 1039 512 (anm

192 590 312 626 materiam
330 591 356 626 de
374 590 515 637 providentia
533 590 610 625 divina
628 590 650 626 ct
667 589 870 636 praedestinatione
895 591 919 624 in
944 589 1039 635 publicis

193 635 325 672 lectionibus
337 646 435 672 essemus
446 636 543 680 ingressi
553 636 680 681 multaeque
693 645 718 671 ac
731 645 810 680 graves
822 634 969 678 difficultates,
982 643 1038 679 qnae

193 681 261 717 inea
277 682 402 724 occurrunt,
419 691 441 717 se
458 682 521 717 nobis
538 681 656 725 obicerent,
672 681 737 717 nulla
753 680 848 717 faciliori
861 681 900 717 via
916 682 937 717 ct
953 682 1039 717 ratione

193 727 330 772 putabamus
347 727 452 773 explicari
469 736 546 763 omnes
562 736 633 772 posse,
650 736 717 771 quam
734 726 890 763 constituenda
907 737 934 764 ca
951 727 1040 763 distinc-

153 790 154 793 =
193 773 260 815 tione,
277 782 344 818 quam
358 772 425 819 paulo
440 773 492 808 ante
506 773 606 815 fecimus,
623 772 718 817 duplicis
733 775 804 808 status
820 781 897 809 eornm
912 772 1041 817 contineanss

194 819 257 861 tium,
273 829 329 864 qnae
343 828 420 854 revera
434 818 512 854 tntura
526 819 585 863 sunt,
602 819 699 854 absoluti
713 818 758 855 scil.
776 820 796 854 et
812 819 966 862 condicionati
981 828 1039 854 asse-

193 865 306 909 rendaque
318 864 449 900 certitudine
462 864 550 900 diuinae
563 864 695 908 counitionis
707 865 768 900 circa
778 864 818 900 illa
828 865 854 899 in
864 866 958 910 utroque
970 865 1037 907 statu,

192 910 256 955 prius
271 910 360 954 quidem
373 910 398 945 in
412 910 573 954 condiciouato,
587 911 666 946 deinde
680 920 733 946 vero
749 910 855 946 absoluto.
873 911 933 953 Quae
950 910 1039 946 distinc-

192 957 224 990 tio
241 956 262 991 et
277 955 394 999 utriusque
410 956 550 992 certitudinis
567 956 705 991 confirmatio
722 956 755 992 ita
770 955 834 992 nohis
851 956 952 992 omnium
967 965 1040 1001 paene

192 1001 329 1037 obiectarum
348 1000 504 1037 difficultatum
522 1002 625 1037 tenebras
644 1001 789 1047 depellebant,
808 1002 833 1037 ut
852 1011 910 1037 nova
929 1002 1038 1047 quaedam

192 1046 231 1082 11111
249 1047 338 1082 nostrae
357 1048 438 1082 mentis
455 1047 524 1083 oculis
543 1048 621 1083 oborta
637 1048 789 1084 videretur...
809 1049 885 1084 Unum
903 1047 960 1084 illud
979 1058 1038 1083 scru-

192 1093 271 1136 pulum
286 1093 398 1135 iniciebat,
413 1102 440 1128 ne
456 1093 499 1129 bac
514 1093 601 1128 ratione
615 1101 698 1128 novum
715 1093 799 1138 alimiid
814 1094 910 1129 tortasse
925 1093 1039 1129 inducere-

191 1139 268 1174 tur...
281 1138 357 1183 Neque
369 1139 428 1173 enirn
439 1139 559 1183 quisquam
571 1139 624 1182 erat,
638 1140 675 1184 qui
686 1140 728 1175 1100
739 1140 803 1185 pacto
813 1139 940 1176 libertatem
951 1138 1038 1175 arbitrii

192 1184 263 1219 nostri
275 1193 326 1218 cum
335 1184 413 1219 divina
423 1185 574 1229 praescientia
584 1185 624 1220 aut
633 1184 774 1230 providentia
785 1184 860 1231 aperte
872 1184 899 1228 et,
912 1186 937 1221 ut
949 1185 1036 1229 dicitnr,

191 1229 216 1264 in
233 1230 332 1264 terminis
348 1230 494 1266 conciliasset.
511 1231 555 1266 ÷Sed
570 1240 620 1266 eum
634 1240 658 1266 re
673 1231 729 1266 bene
744 1239 854 1276 perpensa
870 1231 946 1266 omnia
961 1239 1038 1266 eorum

193 1276 298 1321 [Patrum
312 1275 333 1310 et
347 1275 544 1321 seliniasticornm]
561 1277 621 1312 dicta
634 1276 675 1312 1100
688 1276 753 1322 pacto
767 1276 847 1312 melius
861 1278 882 1313 et
896 1276 1002 1322 explicari
1016 1277 1038 1312 et

191 1322 308 1358 conciliari
321 1321 457 1364 viderentur,
473 1321 531 1357 nihil
545 1322 659 1366 antiquius
673 1322 800 1364 habuimus,
817 1331 885 1366 quam
899 1323 925 1358 ut
940 1322 1039 1368 praedic-

191 1368 239 1403 tam
250 1367 534 1404 distictionemiuturorum
540 1376 723 1413 persequeremur
735 1369 756 1404 et
768 1367 856 1404 divinae
869 1368 1001 1413 cognitionis
1012 1369 1038 1403 111

191 1414 285 1457 utroque
299 1422 376 1448 eornm
389 1413 449 1449 statu
461 1414 617 1450 certitudinem
631 1413 838 1450 confirmaremus.»
853 1416 935 1451 Postea
949 1416 976 1460 (p.
993 1414 1035 1460 tao)

192 1460 279 1496 scribit:
296 1471 306 1492 κ
315 1460 375 1495 Haec
387 1468 474 1494 carneo
485 1459 584 1505 tempore
596 1460 678 1494 dictare
691 1459 839 1505 coepissemus
852 1460 879 1502 et,
893 1461 952 1505 quod
963 1467 1037 1504 super-

151 1547 153 1551 4
191 1505 245 1548 erat,
266 1504 399 1549 quibusdam
414 1515 440 1540 ea
457 1505 597 1541 auditoribus
615 1505 697 1540 nostris
715 1506 846 1540 verbotenus
866 1506 1037 1541 communicare-

191 1560 248 1593 mus,
264 1551 326 1586 haud
340 1550 431 1595 gravate
447 1551 547 1596 tulimus,
564 1552 628 1595 quod,
645 1551 697 1587 aliis
713 1550 792 1587 deinde
806 1551 872 1587 rebus
888 1551 995 1596 occupati,
1010 1560 1037 1586 ea

191 1598 305 1634 absolvere
316 1606 438 1643 possemus
452 1598 506 1633 dnm
516 1598 574 1633 ratio
586 1598 640 1633 haec
651 1596 804 1633 conciliandae
815 1596 937 1633 voluntatis
949 1597 1038 1634 creatae

190 1653 242 1679 011111
258 1644 334 1679 divina
351 1644 501 1689 praescientia
519 1652 544 1679 ac
563 1643 710 1688 providentia,
734 1642 781 1678 sola
806 1643 878 1687 specie
903 1642 1036 1687 quibusdam

191 1699 255 1732 noua,
267 1689 378 1735 paulatim
388 1688 530 1725 emolliretur.
543 1690 587 1725 Nec
598 1698 638 1724 nos
649 1689 707 1725 certe
717 1689 794 1725 nostra
805 1688 884 1724 fefellit
893 1689 974 1734 opinio,
986 1698 1037 1724 cum

191 1746 240 1772 eam
254 1737 320 1772 hodie
335 1737 368 1772 ita
383 1737 437 1771 bene
453 1736 518 1780 quasi
533 1735 649 1770 subactam
665 1744 679 1770 a
693 1733 770 1770 multis
785 1734 907 1777 videamus,
925 1736 950 1770 ut
963 1743 1036 1780 panca

190 1784 254 1818 nobis
272 1792 298 1818 ex
315 1782 350 1825 iis,
371 1791 427 1827 quae
446 1781 472 1816 in
490 1790 517 1816 ea
536 1780 709 1823 observavimus,
730 1789 817 1816 necesse
837 1781 867 1816 sit
887 1780 1014 1824 adiungere.
1024 1793 1036 1812 a

189 1828 313 1873 Distingnit
329 1828 381 1864 dein
395 1827 435 1863 Dei
451 1826 588 1862 «scientiam
603 1827 731 1861 naturalem
744 1826 765 1862 et
781 1826 874 1861 liberam
890 1835 915 1862 ac
933 1827 1037 1871 quodam-

190 1874 255 1909 mado
268 1874 359 1909 mistam
367 1886 377 1906 n
392 1874 413 1909 et
426 1872 522 1917 advertit
537 1873 564 1918 (p.
581 1871 624 1917 121)
640 1884 650 1904 a
658 1872 717 1908 hanc
731 1873 795 1917 quasi
808 1872 899 1908 mistam
912 1872 1034 1914 scientiam,

190 1930 258 1966 quam
275 1921 454 1956 condicionatarn
471 1920 682 1966 appellavimus...
706 1918 817 1965 pertinere
841 1928 887 1955 non
911 1919 982 1955 solum
1007 1919 1036 1955 ad

190 1978 223 2013 ea,
237 1978 293 2013 quae
308 1977 386 2004 revera
399 1967 477 2012 futura
490 1969 548 2011 sunt,
565 1968 604 2003 sed
618 1967 686 2003 etiarn
700 1967 729 2002 ad
743 1975 775 2010 ea,
791 1975 848 2012 quae
862 1967 940 2012 sutura
955 1969 1033 2009 essent,

189 2017 209 2052 si
225 2018 284 2052 Deus
301 2016 372 2051 alium
394 2015 495 2051 ordinem
519 2014 729 2061 dispositionemque
745 2015 769 2050 111
785 2016 852 2051 rebus
873 2015 1035 2050 instituisset».

190 2063 289 2099 Tandem
306 2063 371 2099 dicit:
399 2075 409 2095 a
418 2063 450 2098 Ex
475 2062 555 2107 quibus
579 2060 692 2106 colligitur
715 2061 833 2107 utramque
858 2062 1037 2097 condicionatam

190 2111 307 2146 scientiam
323 2119 370 2145 esse
387 2110 451 2155 quasi
468 2110 565 2145 mediam
580 2109 638 2145 inter
654 2108 781 2144 naturalem
797 2110 818 2144 et
831 2108 932 2151 liberam,
948 2109 973 2145 ut
989 2109 1036 2144 iam

190 2158 255 2193 hodie
270 2167 284 2192 a
298 2157 375 2193 multis
391 2157 478 2192 dicitur.
488 2170 499 2189 1)
514 2175 538 2181 -
552 2155 653 2195 Melina
667 2156 755 2192 videtur
769 2156 811 2191 hac
826 2157 866 2192 Dei
882 2156 975 2192 scientia
989 2157 1036 2192 iam

190 2205 278 2239 circiter
293 2205 320 2240 ab
338 2213 396 2240 anno
413 2205 459 2239 1561
472 2214 528 2240 usus
544 2213 591 2239 esse
608 2204 637 2239 ad
652 2204 709 2239 istas
725 2203 866 2248 quaestiones
882 2203 1033 2240 elucidandas.

191 2252 226 2289 Sic
241 2253 301 2288 enirn
314 2252 347 2287 ait
361 2251 386 2287 111
400 2252 447 2287 suis
461 2251 631 2287 Commentariis
647 2252 672 2285 tn
686 2251 781 2295 primam
795 2252 882 2296 partem
896 2252 921 2287 D.
939 2252 1037 2287 Thomae

192 2300 301 2344 (quana.
321 2298 368 2336 1591
386 2298 516 2344 approbata,
535 2307 554 2334 a.
573 2308 632 2343 sequ.
652 2298 724 2344 primo
740 2298 799 2334 edita
814 2299 874 2345 sunt)
894 2309 912 2344 q.
932 2299 955 2335 14
972 2308 991 2335 a.
1012 2298 1037 2335 13

190 2348 245 2393 disp.
263 2346 286 2382 18
300 2348 379 2382 memb.
395 2347 430 2392 2§
446 2346 570 2382 «Auctores
585 2346 720 2392 praeterea»
738 2346 823 2392 (eadem
836 2356 855 2382 r.
872 2347 897 2382 in
913 2347 1036 2383 eoncordia

189 2395 241 2431 inde
256 2395 284 2431 ab
300 2395 331 2430 ed.
348 2395 451 2439 Anioerp.
469 2393 522 2438 1595,
538 2394 593 2440 disp.
610 2394 634 2431 53
647 2394 738 2430 membr.
754 2394 790 2439 2§
806 2394 892 2430 «Parvi
907 2394 1036 2440 pendentm

189 2442 214 2477 111
227 2442 259 2477 ed.
274 2442 346 2477 Paris.
364 2440 410 2477 1876
423 2450 443 2486 p.
460 2440 495 2478 353
503 2441 534 2485 s):
550 2441 610 2476 Haec
624 2440 723 2476 dilucida
737 2441 855 2477 concordia
866 2450 912 2476 non
926 2442 1007 2477 recedit
1021 2450 1035 2476 a

189 2489 292 2525 doctrina
309 2489 404 2525 Patrum
423 2489 580 2533 doctorumque
599 2487 764 2525 catholicorum.
787 2488 909 2525 «Ceterum
928 2488 992 2534 quod,
1010 2488 1037 2524 111

188 2537 276 2572 labores
290 2545 366 2572 eorum
380 2536 518 2572 introeuntes
531 2536 607 2581 totquc
620 2537 822 2572 concertationibus
836 2537 858 2572 et
873 2537 966 2581 careatis
981 2537 1034 2572 alio-

188 2593 239 2619 rum
255 2584 319 2619 dictis
333 2586 399 2629 atque
415 2584 511 2619 inventis
527 2584 640 2626 illustrati,
659 2583 778 2620 dilucidius
794 2584 960 2629 aliquantulum
976 2585 1035 2621 radi-

188 2641 235 2667 cem
246 2631 393 2675 attigerimus,
407 2632 466 2666 unde
478 2631 534 2666 baec
547 2632 622 2667 omnia
634 2631 774 2667 consentiant
787 2633 808 2667 et
821 2630 880 2668 urida
894 2630 1036 2667 difficultates

189 2688 264 2715 omnes
277 2680 343 2715 iacile
355 2679 484 2721 enodentur,
498 2679 564 2723 atque
578 2688 592 2714 a
604 2679 696 2722 triptota
709 2678 774 2714 annis
786 2679 811 2713 ia
823 2680 917 2724 priuatis
931 2679 1034 2724 11011111-

189 2725 219 2760 eis
237 2724 432 2769 disputationibus,
452 2735 466 2760 a
482 2725 562 2769 uipinti
579 2734 629 2759 cero
647 2725 672 2760 111
689 2726 771 2761 nostris
788 2725 818 2760 ad
834 2726 930 2770 primam
947 2728 1035 2771 partem

190 2772 359 2808 Commentariis
374 2772 544 2818 [manuscriptis
560 2772 581 2808 et
597 2773 723 2817 praelectis]
741 2781 790 2808 eam
805 2774 845 2808 sub
861 2773 951 2808 nomine
965 2775 1034 2808 scien-

190 2820 233 2855 tiae
252 2820 364 2855 nataralis
381 2821 464 2856 idcirco
482 2819 647 2863 tradiderimus,
668 2820 727 2864 qtiod
745 2819 816 2855 libera
834 2820 859 2855 in
877 2821 921 2856 Deo
941 2829 986 2857 non
1005 2820 1034 2855 sit

188 2875 319 2911 omnemque
335 2867 423 2902 divinae
438 2866 561 2903 voluntatis
575 2867 671 2903 liberum
686 2868 760 2903 actum
774 2868 897 2911 antecedat,
914 2868 1034 2904 novissime

188 2915 264 2950 autem
278 2915 376 2950 exactius
391 2924 459 2959 quam
472 2923 573 2959 unquam
588 2915 655 2950 antea
667 2915 707 2950 sab
722 2916 811 2950 nomine
827 2915 932 2950 scientiae
947 2916 1033 2951 mediae

189 2963 283 2997 eandem
300 2962 325 2997 111
342 2962 384 2997 hac
403 2963 481 2998 nostra
500 2962 639 2998 docuerimus
659 2962 780 2998 Concordia
801 2961 877 3008 [1588]‚
898 2971 962 2999 uerno
979 2972 1036 2999 sane

187 3008 259 3053 potest
273 3008 296 3043 id
309 3008 373 3044 nobis
387 3008 441 3043 vitio
454 3008 566 3043 vertere.»
