<?xml version="1.0" encoding="UTF-8"?>
<!DOCTYPE html PUBLIC "-//W3C//DTD XHTML 1.0 Transitional//EN"
    "http://www.w3.org/TR/xhtml1/DTD/xhtml1-transitional.dtd">
<html xmlns="http://www.w3.org/1999/xhtml" xml:lang="en" lang="en">
 <head>
  <title>
</title>
<meta http-equiv="Content-Type" content="text/html;charset=utf-8" />
  <meta name='ocr-system' content='tesseract 3.04.00' />
  <meta name='ocr-capabilities' content='ocr_page ocr_carea ocr_par ocr_line ocrx_word'/>
</head>
<body>
  <div class='ocr_page' id='page_1' title='image "./MN41637ucmf_2_0270.png"; bbox 0 0 2214 3350; ppageno 0'>
   <div class='ocr_carea' id='block_1_1' title="bbox 87 136 859 200">
    <p class='ocr_par' dir='ltr' id='par_1_1' title="bbox 87 136 859 200">
     <span class='ocr_line' id='line_1_1' title="bbox 87 136 859 200; baseline -0.005 -8"><span class='ocrx_word' id='word_1_1' title='bbox 87 160 89 163; x_wconf 87' lang='grc'><strong>’</strong></span> <span class='ocrx_word' id='word_1_2' title='bbox 155 154 191 191; x_wconf 78' lang='grc'>236</span> <span class='ocrx_word' id='word_1_3' title='bbox 296 155 352 192; x_wconf 85' lang='lat' dir='ltr'>Seot.</span> <span class='ocrx_word' id='word_1_4' title='bbox 370 155 409 191; x_wconf 91' lang='grc' dir='ltr'>ΙΙΙ.</span> <span class='ocrx_word' id='word_1_5' title='bbox 428 155 474 191; x_wconf 80' lang='lat' dir='ltr'>Art.</span> <span class='ocrx_word' id='word_1_6' title='bbox 493 156 510 190; x_wconf 92' lang='lat' dir='ltr'>I.</span> <span class='ocrx_word' id='word_1_7' title='bbox 528 156 558 191; x_wconf 88' lang='lat' dir='ltr'>De</span> <span class='ocrx_word' id='word_1_8' title='bbox 574 163 679 200; x_wconf 88' lang='lat' dir='ltr'>processu</span> <span class='ocrx_word' id='word_1_9' title='bbox 695 136 859 189; x_wconf 82' lang='lat' dir='ltr'>iustificationis</span> 
     </span>
    </p>
   </div>
   <div class='ocr_carea' id='block_1_2' title="bbox 155 234 1000 318">
    <p class='ocr_par' dir='ltr' id='par_1_2' title="bbox 155 234 1000 318">
     <span class='ocr_line' id='line_1_2' title="bbox 155 234 1000 318; baseline -0.006 -13"><span class='ocrx_word' id='word_1_10' title='bbox 155 264 210 305; x_wconf 75' lang='lat'>330.</span> <span class='ocrx_word' id='word_1_11' title='bbox 247 266 267 304; x_wconf 76' lang='lat'>4.</span> <span class='ocrx_word' id='word_1_12' title='bbox 281 264 305 305; x_wconf 80' lang='lat' dir='ltr'>S.</span> <span class='ocrx_word' id='word_1_13' title='bbox 319 267 333 305; x_wconf 86' lang='grc'><strong>6</strong></span> <span class='ocrx_word' id='word_1_14' title='bbox 345 268 397 318; x_wconf 84' lang='lat' dir='ltr'>cap.</span> <span class='ocrx_word' id='word_1_15' title='bbox 410 266 425 305; x_wconf 83' lang='grc'><strong>9</strong></span> <span class='ocrx_word' id='word_1_16' title='bbox 440 263 482 316; x_wconf 88' lang='lat' dir='ltr'>(Dz</span> <span class='ocrx_word' id='word_1_17' title='bbox 494 234 654 314; x_wconf 65' lang='lat' dir='ltr'>itotlreicitur</span> <span class='ocrx_word' id='word_1_18' title='bbox 667 273 746 302; x_wconf 79' lang='lat' dir='ltr'>«enno</span> <span class='ocrx_word' id='word_1_19' title='bbox 759 267 780 302; x_wconf 86' lang='lat' dir='ltr'>et</span> <span class='ocrx_word' id='word_1_20' title='bbox 793 262 821 303; x_wconf 81' lang='lat' dir='ltr'>ab</span> <span class='ocrx_word' id='word_1_21' title='bbox 835 262 900 302; x_wconf 83' lang='lat' dir='ltr'>omni</span> <span class='ocrx_word' id='word_1_22' title='bbox 912 261 1000 313; x_wconf 79' lang='lat' dir='ltr'>pietate</span> 
     </span>
    </p>
   </div>
   <div class='ocr_carea' id='block_1_3' title="bbox 153 324 999 504">
    <p class='ocr_par' dir='ltr' id='par_1_3' title="bbox 153 324 999 504">
     <span class='ocr_line' id='line_1_3' title="bbox 154 324 999 378; baseline -0.002 -12"><span class='ocrx_word' id='word_1_23' title='bbox 154 330 245 366; x_wconf 80' lang='lat' dir='ltr'>remota</span> <span class='ocrx_word' id='word_1_24' title='bbox 262 326 372 378; x_wconf 64' lang='lat' dir='ltr'>fiducie»</span> <span class='ocrx_word' id='word_1_25' title='bbox 392 326 572 369; x_wconf 82' lang='lat' dir='ltr'>haereticorum.</span> <span class='ocrx_word' id='word_1_26' title='bbox 601 326 743 376; x_wconf 83' lang='lat' dir='ltr'>«Neque...</span> <span class='ocrx_word' id='word_1_27' title='bbox 764 324 871 375; x_wconf 77' lang='lat' dir='ltr'>oportere</span> <span class='ocrx_word' id='word_1_28' title='bbox 890 336 937 373; x_wconf 88' lang='lat' dir='ltr'>eos,</span> <span class='ocrx_word' id='word_1_29' title='bbox 956 324 999 375; x_wconf 88' lang='lat' dir='ltr'>qui</span> 
     </span>
     <span class='ocr_line' id='line_1_4' title="bbox 153 388 999 443; baseline 0 -14"><span class='ocrx_word' id='word_1_30' title='bbox 153 401 207 430; x_wconf 91' lang='lat' dir='ltr'>vere</span> <span class='ocrx_word' id='word_1_31' title='bbox 230 390 354 432; x_wconf 87' lang='lat' dir='ltr'>iust&#39;iicati</span> <span class='ocrx_word' id='word_1_32' title='bbox 376 391 437 439; x_wconf 79' lang='lat' dir='ltr'>sunt,</span> <span class='ocrx_word' id='word_1_33' title='bbox 461 390 550 440; x_wconf 84' lang='lat' dir='ltr'>absque</span> <span class='ocrx_word' id='word_1_34' title='bbox 569 388 623 443; x_wconf 64' lang='lat' dir='ltr'>&gt;ulla</span> <span class='ocrx_word' id='word_1_35' title='bbox 643 389 740 429; x_wconf 89' lang='lat' dir='ltr'>omnino</span> <span class='ocrx_word' id='word_1_36' title='bbox 764 388 910 429; x_wconf 72' lang='lat' dir='ltr'>dubitatione</span> <span class='ocrx_word' id='word_1_37' title='bbox 933 389 999 439; x_wconf 84' lang='lat' dir='ltr'>apud</span> 
     </span>
     <span class='ocr_line' id='line_1_5' title="bbox 154 450 998 504; baseline -0.001 -12"><span class='ocrx_word' id='word_1_38' title='bbox 154 452 293 504; x_wconf 89' lang='lat' dir='ltr'>semetipsos</span> <span class='ocrx_word' id='word_1_39' title='bbox 309 453 410 494; x_wconf 82' lang='lat' dir='ltr'>statuere</span> <span class='ocrx_word' id='word_1_40' title='bbox 426 464 450 493; x_wconf 91' lang='lat' dir='ltr'>se</span> <span class='ocrx_word' id='word_1_41' title='bbox 465 463 515 493; x_wconf 87' lang='lat' dir='ltr'>esse</span> <span class='ocrx_word' id='word_1_42' title='bbox 532 450 716 492; x_wconf 82' lang='lat' dir='ltr'>iustificatos...</span> <span class='ocrx_word' id='word_1_43' title='bbox 734 451 805 502; x_wconf 85' lang='lat' dir='ltr'>etque</span> <span class='ocrx_word' id='word_1_44' title='bbox 821 451 865 492; x_wconf 84' lang='lat' dir='ltr'>hac</span> <span class='ocrx_word' id='word_1_45' title='bbox 882 452 932 492; x_wconf 87' lang='lat' dir='ltr'>sola</span> <span class='ocrx_word' id='word_1_46' title='bbox 948 451 998 492; x_wconf 85' lang='lat' dir='ltr'>tide</span> 
     </span>
    </p>
   </div>
   <div class='ocr_carea' id='block_1_4' title="bbox 153 513 1066 565">
    <p class='ocr_par' dir='ltr' id='par_1_4' title="bbox 153 513 1066 565">
     <span class='ocr_line' id='line_1_6' title="bbox 153 513 1066 565; baseline 0 -9"><span class='ocrx_word' id='word_1_47' title='bbox 153 515 328 557; x_wconf 84' lang='lat' dir='ltr'>absolutionem</span> <span class='ocrx_word' id='word_1_48' title='bbox 353 516 376 556; x_wconf 89' lang='lat' dir='ltr'>et</span> <span class='ocrx_word' id='word_1_49' title='bbox 400 514 595 556; x_wconf 82' lang='lat' dir='ltr'>iustificationem</span> <span class='ocrx_word' id='word_1_50' title='bbox 620 514 749 565; x_wconf 81' lang='lat' dir='ltr'>perfici...</span> <span class='ocrx_word' id='word_1_51' title='bbox 770 514 875 555; x_wconf 87' lang='lat' dir='ltr'>Nam...</span> <span class='ocrx_word' id='word_1_52' title='bbox 897 513 999 565; x_wconf 73' lang='lat' dir='ltr'>quilibet</span> <span class='ocrx_word' id='word_1_53' title='bbox 1065 561 1066 564; x_wconf 8' lang='grc' dir='ltr'><strong>Ἰ</strong></span> 
     </span>
    </p>
   </div>
   <div class='ocr_carea' id='block_1_5' title="bbox 146 577 998 1132">
    <p class='ocr_par' dir='ltr' id='par_1_5' title="bbox 146 577 998 1132">
     <span class='ocr_line' id='line_1_7' title="bbox 205 577 998 629; baseline -0.001 -11.06"><span class='ocrx_word' id='word_1_54' title='bbox 205 579 235 620; x_wconf 91' lang='lat' dir='ltr'>de</span> <span class='ocrx_word' id='word_1_55' title='bbox 249 591 291 620; x_wconf 85' lang='lat' dir='ltr'>sua</span> <span class='ocrx_word' id='word_1_56' title='bbox 305 579 381 629; x_wconf 85' lang='lat' dir='ltr'>gratia</span> <span class='ocrx_word' id='word_1_57' title='bbox 395 578 525 619; x_wconf 83' lang='lat' dir='ltr'>formidare</span> <span class='ocrx_word' id='word_1_58' title='bbox 538 578 560 619; x_wconf 88' lang='lat' dir='ltr'>et</span> <span class='ocrx_word' id='word_1_59' title='bbox 574 577 658 619; x_wconf 86' lang='lat' dir='ltr'>timere</span> <span class='ocrx_word' id='word_1_60' title='bbox 672 578 755 628; x_wconf 85' lang='lat' dir='ltr'>potest,</span> <span class='ocrx_word' id='word_1_61' title='bbox 771 589 827 617; x_wconf 88' lang='lat' dir='ltr'>oum</span> <span class='ocrx_word' id='word_1_62' title='bbox 841 578 922 618; x_wconf 83' lang='lat' dir='ltr'>nullus</span> <span class='ocrx_word' id='word_1_63' title='bbox 938 578 998 617; x_wconf 83' lang='lat' dir='ltr'>scire</span> 
     </span>
     <span class='ocr_line' id='line_1_8' title="bbox 153 640 997 692; baseline 0 -10"><span class='ocrx_word' id='word_1_64' title='bbox 153 642 231 682; x_wconf 79' lang='lat' dir='ltr'>caleat</span> <span class='ocrx_word' id='word_1_65' title='bbox 244 642 384 682; x_wconf 76' lang='lat' dir='ltr'><em>certitudine</em></span> <span class='ocrx_word' id='word_1_66' title='bbox 397 641 463 691; x_wconf 78' lang='lat' dir='ltr'>fidet,</span> <span class='ocrx_word' id='word_1_67' title='bbox 480 642 519 681; x_wconf 80' lang='lat' dir='ltr'>cui</span> <span class='ocrx_word' id='word_1_68' title='bbox 532 652 581 680; x_wconf 85' lang='lat' dir='ltr'>non</span> <span class='ocrx_word' id='word_1_69' title='bbox 594 646 671 692; x_wconf 79' lang='lat' dir='ltr'>potest</span> <span class='ocrx_word' id='word_1_70' title='bbox 684 640 780 681; x_wconf 79' lang='lat' dir='ltr'><em>subesse</em></span> <span class='ocrx_word' id='word_1_71' title='bbox 793 640 890 691; x_wconf 75' lang='lat' dir='ltr'>falsum,</span> <span class='ocrx_word' id='word_1_72' title='bbox 907 653 931 682; x_wconf 90' lang='lat' dir='ltr'>se</span> <span class='ocrx_word' id='word_1_73' title='bbox 945 653 997 692; x_wconf 85' lang='lat' dir='ltr'>gra-</span> 
     </span>
     <span class='ocr_line' id='line_1_9' title="bbox 152 703 996 745; baseline -0.002 0"><span class='ocrx_word' id='word_1_74' title='bbox 152 705 211 745; x_wconf 83' lang='lat' dir='ltr'>tiam</span> <span class='ocrx_word' id='word_1_75' title='bbox 226 706 268 745; x_wconf 85' lang='lat' dir='ltr'>Dei</span> <span class='ocrx_word' id='word_1_76' title='bbox 283 715 333 744; x_wconf 89' lang='lat' dir='ltr'>esse</span> <span class='ocrx_word' id='word_1_77' title='bbox 348 703 508 744; x_wconf 88' lang='lat' dir='ltr'>consecutum.</span> <span class='ocrx_word' id='word_1_78' title='bbox 517 721 527 740; x_wconf 71' lang='lat' dir='ltr'>n</span> <span class='ocrx_word' id='word_1_79' title='bbox 543 727 574 733; x_wconf 79' lang='lat'>—-</span> <span class='ocrx_word' id='word_1_80' title='bbox 589 713 641 745; x_wconf 86' lang='lat' dir='ltr'>can.</span> <span class='ocrx_word' id='word_1_81' title='bbox 660 703 698 745; x_wconf 81' lang='lat'>12:</span> <span class='ocrx_word' id='word_1_82' title='bbox 713 704 784 744; x_wconf 82' lang='lat' dir='ltr'>Fides</span> <span class='ocrx_word' id='word_1_83' title='bbox 798 703 933 745; x_wconf 81' lang='lat' dir='ltr'>iust&#39;iicans</span> <span class='ocrx_word' id='word_1_84' title='bbox 948 715 996 744; x_wconf 93' lang='lat' dir='ltr'>non</span> 
     </span>
     <span class='ocr_line' id='line_1_10' title="bbox 152 766 997 818; baseline 0.001 -11"><span class='ocrx_word' id='word_1_85' title='bbox 152 767 186 808; x_wconf 87' lang='lat' dir='ltr'>est</span> <span class='ocrx_word' id='word_1_86' title='bbox 205 766 295 808; x_wconf 79' lang='lat' dir='ltr'>fiducia</span> <span class='ocrx_word' id='word_1_87' title='bbox 314 766 409 818; x_wconf 82' lang='lat' dir='ltr'>divinae</span> <span class='ocrx_word' id='word_1_88' title='bbox 428 766 605 808; x_wconf 80' lang='lat' dir='ltr'>misericordiae</span> <span class='ocrx_word' id='word_1_89' title='bbox 624 766 719 817; x_wconf 84' lang='lat' dir='ltr'>peccata</span> <span class='ocrx_word' id='word_1_90' title='bbox 738 766 880 808; x_wconf 70' lang='lat' dir='ltr'>remittentis</span> <span class='ocrx_word' id='word_1_91' title='bbox 899 766 997 818; x_wconf 88' lang='lat' dir='ltr'>propter</span> 
     </span>
     <span class='ocr_line' id='line_1_11' title="bbox 146 827 996 880; baseline -0.002 -9"><span class='ocrx_word' id='word_1_92' title='bbox 146 827 280 871; x_wconf 72' lang='lat' dir='ltr'>Christum.</span> <span class='ocrx_word' id='word_1_93' title='bbox 303 855 335 860; x_wconf 88' lang='lat'><em>-</em></span> <span class='ocrx_word' id='word_1_94' title='bbox 357 840 409 870; x_wconf 83' lang='lat' dir='ltr'>cau.</span> <span class='ocrx_word' id='word_1_95' title='bbox 428 829 466 870; x_wconf 82' lang='lat'>13:</span> <span class='ocrx_word' id='word_1_96' title='bbox 489 829 526 869; x_wconf 84' lang='lat' dir='ltr'>Ad</span> <span class='ocrx_word' id='word_1_97' title='bbox 548 828 713 871; x_wconf 80' lang='lat' dir='ltr'>remissionem</span> <span class='ocrx_word' id='word_1_98' title='bbox 729 830 879 880; x_wconf 86' lang='lat' dir='ltr'>peccatorum</span> <span class='ocrx_word' id='word_1_99' title='bbox 896 830 996 870; x_wconf 88' lang='lat' dir='ltr'>nonest</span> 
     </span>
     <span class='ocr_line' id='line_1_12' title="bbox 151 891 996 943; baseline 0.001 -11"><span class='ocrx_word' id='word_1_100' title='bbox 151 892 317 940; x_wconf 79' lang='lat' dir='ltr'>necessarium,</span> <span class='ocrx_word' id='word_1_101' title='bbox 334 892 361 933; x_wconf 88' lang='grc'>111</span> <span class='ocrx_word' id='word_1_102' title='bbox 375 893 446 932; x_wconf 85' lang='lat' dir='ltr'>horno</span> <span class='ocrx_word' id='word_1_103' title='bbox 461 891 524 933; x_wconf 89' lang='lat' dir='ltr'>certo</span> <span class='ocrx_word' id='word_1_104' title='bbox 539 892 561 933; x_wconf 91' lang='lat' dir='ltr'>et</span> <span class='ocrx_word' id='word_1_105' title='bbox 575 893 664 943; x_wconf 87' lang='lat' dir='ltr'>absque</span> <span class='ocrx_word' id='word_1_106' title='bbox 680 892 730 932; x_wconf 87' lang='lat' dir='ltr'>ulla</span> <span class='ocrx_word' id='word_1_107' title='bbox 745 891 899 933; x_wconf 68' lang='lat' dir='ltr'>haesitatione</span> <span class='ocrx_word' id='word_1_108' title='bbox 914 892 996 933; x_wconf 83' lang='lat' dir='ltr'>credat</span> 
     </span>
     <span class='ocr_line' id='line_1_13' title="bbox 150 954 995 1006; baseline 0 -11"><span class='ocrx_word' id='word_1_109' title='bbox 150 955 245 1006; x_wconf 85' lang='lat' dir='ltr'>peccata</span> <span class='ocrx_word' id='word_1_110' title='bbox 262 955 307 996; x_wconf 88' lang='lat' dir='ltr'>sibi</span> <span class='ocrx_word' id='word_1_111' title='bbox 325 966 374 995; x_wconf 88' lang='lat' dir='ltr'>esse</span> <span class='ocrx_word' id='word_1_112' title='bbox 391 955 497 996; x_wconf 86' lang='lat' dir='ltr'>remissa.</span> <span class='ocrx_word' id='word_1_113' title='bbox 515 981 547 986; x_wconf 78' lang='lat'>-—</span> <span class='ocrx_word' id='word_1_114' title='bbox 564 965 616 996; x_wconf 83' lang='lat' dir='ltr'>cau.</span> <span class='ocrx_word' id='word_1_115' title='bbox 637 955 674 995; x_wconf 76' lang='lat' dir='ltr'>li:</span> <span class='ocrx_word' id='word_1_116' title='bbox 692 955 762 995; x_wconf 81' lang='lat' dir='ltr'>Fides</span> <span class='ocrx_word' id='word_1_117' title='bbox 780 954 900 996; x_wconf 84' lang='lat' dir='ltr'>fiducialis</span> <span class='ocrx_word' id='word_1_118' title='bbox 918 966 995 1006; x_wconf 88' lang='lat' dir='ltr'>neque</span> 
     </span>
     <span class='ocr_line' id='line_1_14' title="bbox 148 1017 994 1069; baseline 0.002 -12"><span class='ocrx_word' id='word_1_119' title='bbox 148 1018 263 1058; x_wconf 76' lang='lat' dir='ltr'>iustificat</span> <span class='ocrx_word' id='word_1_120' title='bbox 277 1029 354 1069; x_wconf 90' lang='lat' dir='ltr'>neque</span> <span class='ocrx_word' id='word_1_121' title='bbox 369 1019 500 1058; x_wconf 84' lang='lat' dir='ltr'>necessaria</span> <span class='ocrx_word' id='word_1_122' title='bbox 516 1018 550 1059; x_wconf 91' lang='lat' dir='ltr'>est</span> <span class='ocrx_word' id='word_1_123' title='bbox 564 1018 596 1058; x_wconf 82' lang='lat' dir='ltr'>ad</span> <span class='ocrx_word' id='word_1_124' title='bbox 610 1029 691 1059; x_wconf 82' lang='lat' dir='ltr'>veram</span> <span class='ocrx_word' id='word_1_125' title='bbox 707 1017 901 1059; x_wconf 79' lang='lat' dir='ltr'>iustificationem</span> <span class='ocrx_word' id='word_1_126' title='bbox 916 1029 994 1069; x_wconf 89' lang='lat' dir='ltr'>neque</span> 
     </span>
     <span class='ocr_line' id='line_1_15' title="bbox 149 1079 903 1132; baseline 0.001 -12"><span class='ocrx_word' id='word_1_127' title='bbox 149 1080 244 1131; x_wconf 80' lang='lat' dir='ltr'>perficit</span> <span class='ocrx_word' id='word_1_128' title='bbox 261 1080 435 1121; x_wconf 83' lang='lat' dir='ltr'>absolutionem</span> <span class='ocrx_word' id='word_1_129' title='bbox 454 1081 477 1121; x_wconf 89' lang='lat' dir='ltr'>et</span> <span class='ocrx_word' id='word_1_130' title='bbox 496 1079 690 1121; x_wconf 84' lang='lat' dir='ltr'>iust&#39;iicationern</span> <span class='ocrx_word' id='word_1_131' title='bbox 712 1081 754 1132; x_wconf 82' lang='lat' dir='ltr'>(Dz</span> <span class='ocrx_word' id='word_1_132' title='bbox 773 1082 903 1132; x_wconf 73' lang='lat' dir='ltr'>sea-824).</span> 
     </span>
    </p>
   </div>
   <div class='ocr_carea' id='block_1_6' title="bbox 146 1204 993 1458">
    <p class='ocr_par' dir='ltr' id='par_1_6' title="bbox 146 1204 993 1458">
     <span class='ocr_line' id='line_1_16' title="bbox 148 1204 990 1250; baseline -0.006 -4"><span class='ocrx_word' id='word_1_133' title='bbox 148 1206 202 1247; x_wconf 80' lang='lat'><strong>331.</strong></span> <span class='ocrx_word' id='word_1_134' title='bbox 236 1207 266 1241; x_wconf 90' lang='lat' dir='ltr'>De</span> <span class='ocrx_word' id='word_1_135' title='bbox 282 1205 351 1250; x_wconf 83' lang='lat' dir='ltr'>longa</span> <span class='ocrx_word' id='word_1_136' title='bbox 374 1204 510 1240; x_wconf 79' lang='lat' dir='ltr'>discussione</span> <span class='ocrx_word' id='word_1_137' title='bbox 534 1206 599 1241; x_wconf 84' lang='lat' dir='ltr'>butus</span> <span class='ocrx_word' id='word_1_138' title='bbox 623 1205 758 1249; x_wconf 75' lang='lat' dir='ltr'>quaestionis</span> <span class='ocrx_word' id='word_1_139' title='bbox 776 1206 801 1241; x_wconf 93' lang='lat' dir='ltr'>in</span> <span class='ocrx_word' id='word_1_140' title='bbox 817 1206 875 1242; x_wconf 89' lang='lat' dir='ltr'>Trid.</span> <span class='ocrx_word' id='word_1_141' title='bbox 894 1205 955 1242; x_wconf 88' lang='lat' dir='ltr'>iacta</span> <span class='ocrx_word' id='word_1_142' title='bbox 970 1215 990 1241; x_wconf 86' lang='lat' dir='ltr'>v.</span> 
     </span>
     <span class='ocr_line' id='line_1_17' title="bbox 148 1255 993 1305; baseline 0.002 -13"><span class='ocrx_word' id='word_1_143' title='bbox 148 1255 236 1292; x_wconf 71' lang='lat' dir='ltr'>berner</span> <span class='ocrx_word' id='word_1_144' title='bbox 253 1267 274 1303; x_wconf 89' lang='lat' dir='ltr'>p.</span> <span class='ocrx_word' id='word_1_145' title='bbox 295 1257 392 1293; x_wconf 57' lang='grc' dir='ltr'><strong>2117ωὸ28</strong></span> <span class='ocrx_word' id='word_1_146' title='bbox 414 1257 649 1304; x_wconf 79' lang='lat' dir='ltr'>(Gnadenqewtsshett)</span> <span class='ocrx_word' id='word_1_147' title='bbox 672 1258 693 1293; x_wconf 89' lang='lat' dir='ltr'>et</span> <span class='ocrx_word' id='word_1_148' title='bbox 712 1259 730 1293; x_wconf 86' lang='lat' dir='ltr'>P</span> <span class='ocrx_word' id='word_1_149' title='bbox 751 1257 792 1294; x_wconf 77' lang='lat'>369.</span> <span class='ocrx_word' id='word_1_150' title='bbox 815 1258 901 1305; x_wconf 85' lang='lat' dir='ltr'>Omnes</span> <span class='ocrx_word' id='word_1_151' title='bbox 916 1258 993 1294; x_wconf 90' lang='lat' dir='ltr'>contra</span> 
     </span>
     <span class='ocr_line' id='line_1_18' title="bbox 147 1309 991 1355; baseline 0.001 -11"><span class='ocrx_word' id='word_1_152' title='bbox 147 1309 269 1344; x_wconf 88' lang='lat' dir='ltr'>Lutherum</span> <span class='ocrx_word' id='word_1_153' title='bbox 291 1309 396 1344; x_wconf 87' lang='lat' dir='ltr'>tenebant</span> <span class='ocrx_word' id='word_1_154' title='bbox 418 1309 573 1346; x_wconf 84' lang='lat' dir='ltr'>certitudinem</span> <span class='ocrx_word' id='word_1_155' title='bbox 596 1309 649 1345; x_wconf 85' lang='lat' dir='ltr'>iidei</span> <span class='ocrx_word' id='word_1_156' title='bbox 673 1310 698 1344; x_wconf 92' lang='lat' dir='ltr'>de</span> <span class='ocrx_word' id='word_1_157' title='bbox 721 1310 813 1355; x_wconf 89' lang='lat' dir='ltr'>propria</span> <span class='ocrx_word' id='word_1_158' title='bbox 835 1309 991 1345; x_wconf 87' lang='lat' dir='ltr'>iustificatione</span> 
     </span>
     <span class='ocr_line' id='line_1_19' title="bbox 146 1360 991 1406; baseline -0.001 -9"><span class='ocrx_word' id='word_1_159' title='bbox 146 1370 199 1397; x_wconf 93' lang='lat' dir='ltr'>non</span> <span class='ocrx_word' id='word_1_160' title='bbox 216 1362 329 1406; x_wconf 84' lang='lat' dir='ltr'>requiri.</span> <span class='ocrx_word' id='word_1_161' title='bbox 348 1361 520 1397; x_wconf 85' lang='lat' dir='ltr'>Dominicani</span> <span class='ocrx_word' id='word_1_162' title='bbox 538 1370 588 1397; x_wconf 87' lang='lat' dir='ltr'>cum</span> <span class='ocrx_word' id='word_1_163' title='bbox 607 1361 627 1397; x_wconf 84' lang='lat' dir='ltr'>S.</span> <span class='ocrx_word' id='word_1_164' title='bbox 647 1361 732 1397; x_wconf 82' lang='lat' dir='ltr'>Thema</span> <span class='ocrx_word' id='word_1_165' title='bbox 748 1362 861 1406; x_wconf 76' lang='lat' dir='ltr'>negabant</span> <span class='ocrx_word' id='word_1_166' title='bbox 878 1360 991 1396; x_wconf 87' lang='lat' dir='ltr'>bominem</span> 
     </span>
     <span class='ocr_line' id='line_1_20' title="bbox 146 1412 990 1458; baseline 0 -10"><span class='ocrx_word' id='word_1_167' title='bbox 146 1414 193 1449; x_wconf 90' lang='lat' dir='ltr'>sine</span> <span class='ocrx_word' id='word_1_168' title='bbox 218 1413 309 1458; x_wconf 89' lang='lat' dir='ltr'>speciali</span> <span class='ocrx_word' id='word_1_169' title='bbox 332 1412 465 1448; x_wconf 82' lang='lat' dir='ltr'>revelatione</span> <span class='ocrx_word' id='word_1_170' title='bbox 489 1422 553 1458; x_wconf 90' lang='lat' dir='ltr'>posse</span> <span class='ocrx_word' id='word_1_171' title='bbox 576 1413 658 1449; x_wconf 87' lang='lat' dir='ltr'>habere</span> <span class='ocrx_word' id='word_1_172' title='bbox 676 1412 727 1458; x_wconf 89' lang='lat' dir='ltr'>plus</span> <span class='ocrx_word' id='word_1_173' title='bbox 745 1422 812 1457; x_wconf 88' lang='lat' dir='ltr'>quam</span> <span class='ocrx_word' id='word_1_174' title='bbox 836 1413 990 1449; x_wconf 82' lang='lat' dir='ltr'>certitudinem</span> 
     </span>
    </p>
   </div>
   <div class='ocr_carea' id='block_1_7' title="bbox 145 1464 991 1556">
    <p class='ocr_par' dir='ltr' id='par_1_7' title="bbox 145 1464 991 1556">
     <span class='ocr_line' id='line_1_21' title="bbox 147 1464 991 1511; baseline 0.001 -12"><span class='ocrx_word' id='word_1_175' title='bbox 147 1464 323 1501; x_wconf 80' lang='lat' dir='ltr'>coniecturalem.</span> <span class='ocrx_word' id='word_1_176' title='bbox 343 1464 407 1500; x_wconf 86' lang='lat' dir='ltr'>Multi</span> <span class='ocrx_word' id='word_1_177' title='bbox 425 1465 471 1508; x_wconf 85' lang='lat' dir='ltr'>alii,</span> <span class='ocrx_word' id='word_1_178' title='bbox 489 1465 615 1501; x_wconf 80' lang='lat' dir='ltr'>testimonio</span> <span class='ocrx_word' id='word_1_179' title='bbox 634 1464 741 1500; x_wconf 82' lang='lat' dir='ltr'>Gabrielts</span> <span class='ocrx_word' id='word_1_180' title='bbox 759 1465 807 1500; x_wconf 84' lang='lat' dir='ltr'>Btel</span> <span class='ocrx_word' id='word_1_181' title='bbox 824 1464 882 1507; x_wconf 85' lang='lat' dir='ltr'>ireti,</span> <span class='ocrx_word' id='word_1_182' title='bbox 901 1465 991 1511; x_wconf 89' lang='lat' dir='ltr'>putave-</span> 
     </span>
     <span class='ocr_line' id='line_1_22' title="bbox 145 1510 989 1556; baseline -0.001 -9"><span class='ocrx_word' id='word_1_183' title='bbox 145 1512 197 1547; x_wconf 89' lang='lat' dir='ltr'>runt</span> <span class='ocrx_word' id='word_1_184' title='bbox 217 1512 323 1547; x_wconf 87' lang='lat' dir='ltr'>Scotum</span> <span class='ocrx_word' id='word_1_185' title='bbox 342 1511 418 1547; x_wconf 89' lang='lat' dir='ltr'>docere</span> <span class='ocrx_word' id='word_1_186' title='bbox 437 1510 607 1556; x_wconf 88' lang='lat' dir='ltr'>possibilitatem</span> <span class='ocrx_word' id='word_1_187' title='bbox 626 1510 765 1546; x_wconf 88' lang='lat' dir='ltr'>certitudinis</span> <span class='ocrx_word' id='word_1_188' title='bbox 784 1511 835 1555; x_wconf 78' lang='lat' dir='ltr'>fidei</span> <span class='ocrx_word' id='word_1_189' title='bbox 854 1511 921 1546; x_wconf 87' lang='lat' dir='ltr'>etiam</span> <span class='ocrx_word' id='word_1_190' title='bbox 942 1511 989 1547; x_wconf 88' lang='lat' dir='ltr'>sine</span> 
     </span>
    </p>
   </div>
   <div class='ocr_carea' id='block_1_8' title="bbox 133 1562 1006 2974">
    <p class='ocr_par' dir='ltr' id='par_1_8' title="bbox 133 1562 1006 2974">
     <span class='ocr_line' id='line_1_23' title="bbox 144 1562 988 1608; baseline 0 -10"><span class='ocrx_word' id='word_1_191' title='bbox 144 1563 277 1600; x_wconf 81' lang='lat' dir='ltr'>revelatione</span> <span class='ocrx_word' id='word_1_192' title='bbox 301 1563 397 1608; x_wconf 79' lang='lat' dir='ltr'>privata3</span> <span class='ocrx_word' id='word_1_193' title='bbox 422 1572 492 1607; x_wconf 84' lang='lat' dir='ltr'>quare</span> <span class='ocrx_word' id='word_1_194' title='bbox 517 1562 637 1598; x_wconf 87' lang='lat' dir='ltr'>noluerunt</span> <span class='ocrx_word' id='word_1_195' title='bbox 663 1563 751 1598; x_wconf 82' lang='lat' dir='ltr'>scotum</span> <span class='ocrx_word' id='word_1_196' title='bbox 777 1563 891 1605; x_wconf 85' lang='lat' dir='ltr'>damnare,</span> <span class='ocrx_word' id='word_1_197' title='bbox 917 1572 988 1607; x_wconf 89' lang='lat' dir='ltr'>neque</span> 
     </span>
     <span class='ocr_line' id='line_1_24' title="bbox 145 1614 986 1660; baseline -0.001 -9"><span class='ocrx_word' id='word_1_198' title='bbox 145 1615 243 1658; x_wconf 79' lang='lat' dir='ltr'>deerant,</span> <span class='ocrx_word' id='word_1_199' title='bbox 262 1615 299 1660; x_wconf 88' lang='lat' dir='ltr'>qui</span> <span class='ocrx_word' id='word_1_200' title='bbox 317 1614 354 1650; x_wconf 88' lang='lat' dir='ltr'>isti</span> <span class='ocrx_word' id='word_1_201' title='bbox 373 1614 486 1650; x_wconf 88' lang='lat' dir='ltr'>doctrinae</span> <span class='ocrx_word' id='word_1_202' title='bbox 510 1614 616 1658; x_wconf 79' lang='lat' dir='ltr'>faverent,</span> <span class='ocrx_word' id='word_1_203' title='bbox 641 1614 699 1650; x_wconf 88' lang='lat' dir='ltr'>inter</span> <span class='ocrx_word' id='word_1_204' title='bbox 723 1623 777 1659; x_wconf 88' lang='lat' dir='ltr'>quos</span> <span class='ocrx_word' id='word_1_205' title='bbox 802 1615 890 1660; x_wconf 87' lang='lat' dir='ltr'>praeter</span> <span class='ocrx_word' id='word_1_206' title='bbox 913 1615 986 1650; x_wconf 81' lang='lat' dir='ltr'>Ambr.</span> 
     </span>
     <span class='ocr_line' id='line_1_25' title="bbox 144 1666 989 1712; baseline -0.001 -9"><span class='ocrx_word' id='word_1_207' title='bbox 144 1667 322 1703; x_wconf 85' lang='lat' dir='ltr'>Catharinurn</span> <span class='ocrx_word' id='word_1_208' title='bbox 343 1667 366 1702; x_wconf 90' lang='grc' dir='ltr'>Ο.</span> <span class='ocrx_word' id='word_1_209' title='bbox 389 1667 412 1704; x_wconf 87' lang='lat' dir='ltr'>P.</span> <span class='ocrx_word' id='word_1_210' title='bbox 437 1666 504 1701; x_wconf 88' lang='lat' dir='ltr'>etiam</span> <span class='ocrx_word' id='word_1_211' title='bbox 526 1666 612 1710; x_wconf 82' lang='lat' dir='ltr'>legatus</span> <span class='ocrx_word' id='word_1_212' title='bbox 634 1666 693 1701; x_wconf 87' lang='lat' dir='ltr'>card.</span> <span class='ocrx_word' id='word_1_213' title='bbox 723 1667 757 1701; x_wconf 91' lang='lat' dir='ltr'>De</span> <span class='ocrx_word' id='word_1_214' title='bbox 786 1666 873 1703; x_wconf 89' lang='lat' dir='ltr'>Monte</span> <span class='ocrx_word' id='word_1_215' title='bbox 903 1666 989 1712; x_wconf 84' lang='lat' dir='ltr'>(postea</span> 
     </span>
     <span class='ocr_line' id='line_1_26' title="bbox 143 1717 989 1766; baseline -0.002 -10"><span class='ocrx_word' id='word_1_216' title='bbox 143 1720 214 1756; x_wconf 91' lang='lat' dir='ltr'>Iulius</span> <span class='ocrx_word' id='word_1_217' title='bbox 226 1720 274 1766; x_wconf 89' lang='lat' dir='ltr'>III).</span> <span class='ocrx_word' id='word_1_218' title='bbox 289 1721 316 1755; x_wconf 81' lang='lat' dir='ltr'>In</span> <span class='ocrx_word' id='word_1_219' title='bbox 329 1718 349 1754; x_wconf 67' lang='lat'>1³</span> <span class='ocrx_word' id='word_1_220' title='bbox 361 1719 508 1756; x_wconf 84' lang='lat' dir='ltr'>delineatione</span> <span class='ocrx_word' id='word_1_221' title='bbox 521 1719 602 1754; x_wconf 84' lang='lat' dir='ltr'>decreti</span> <span class='ocrx_word' id='word_1_222' title='bbox 617 1719 652 1765; x_wconf 86' lang='lat' dir='ltr'>(m.</span> <span class='ocrx_word' id='word_1_223' title='bbox 667 1718 708 1754; x_wconf 88' lang='lat' dir='ltr'>Iul.</span> <span class='ocrx_word' id='word_1_224' title='bbox 723 1717 777 1764; x_wconf 70' lang='lat'>1546)</span> <span class='ocrx_word' id='word_1_225' title='bbox 792 1728 842 1754; x_wconf 89' lang='lat' dir='ltr'>cum</span> <span class='ocrx_word' id='word_1_226' title='bbox 856 1720 875 1755; x_wconf 64' lang='grc' dir='ltr'>δ’.</span> <span class='ocrx_word' id='word_1_227' title='bbox 890 1719 989 1755; x_wconf 85' lang='lat' dir='ltr'>Thema</span> 
     </span>
     <span class='ocr_line' id='line_1_27' title="bbox 144 1770 990 1815; baseline -0.002 -8"><span class='ocrx_word' id='word_1_228' title='bbox 144 1772 264 1807; x_wconf 85' lang='lat' dir='ltr'>docebatur</span> <span class='ocrx_word' id='word_1_229' title='bbox 279 1771 363 1807; x_wconf 87' lang='lat' dir='ltr'>statum</span> <span class='ocrx_word' id='word_1_230' title='bbox 379 1771 464 1815; x_wconf 83' lang='lat' dir='ltr'>gratiae</span> <span class='ocrx_word' id='word_1_231' title='bbox 481 1770 552 1806; x_wconf 88' lang='lat' dir='ltr'>conici</span> <span class='ocrx_word' id='word_1_232' title='bbox 567 1770 661 1812; x_wconf 83' lang='lat' dir='ltr'>tantum,</span> <span class='ocrx_word' id='word_1_233' title='bbox 679 1779 724 1805; x_wconf 94' lang='lat' dir='ltr'>non</span> <span class='ocrx_word' id='word_1_234' title='bbox 739 1770 798 1806; x_wconf 84' lang='lat' dir='ltr'>certo</span> <span class='ocrx_word' id='word_1_235' title='bbox 814 1770 866 1806; x_wconf 89' lang='lat' dir='ltr'>sciri</span> <span class='ocrx_word' id='word_1_236' title='bbox 882 1780 896 1805; x_wconf 90' lang='lat' dir='ltr'>a</span> <span class='ocrx_word' id='word_1_237' title='bbox 912 1770 990 1806; x_wconf 89' lang='lat' dir='ltr'>iustifi-</span> 
     </span>
     <span class='ocr_line' id='line_1_28' title="bbox 140 1822 990 1870; baseline 0.001 -12"><span class='ocrx_word' id='word_1_238' title='bbox 140 1823 201 1860; x_wconf 88' lang='lat' dir='ltr'>catis.</span> <span class='ocrx_word' id='word_1_239' title='bbox 220 1822 579 1869; x_wconf 61' lang='grc' dir='ltr'><strong>011000003111011021111εο10110</strong></span> <span class='ocrx_word' id='word_1_240' title='bbox 594 1825 629 1870; x_wconf 88' lang='lat' dir='ltr'>(rn.</span> <span class='ocrx_word' id='word_1_241' title='bbox 646 1823 713 1869; x_wconf 84' lang='lat' dir='ltr'>Sept.)</span> <span class='ocrx_word' id='word_1_242' title='bbox 728 1822 815 1869; x_wconf 88' lang='lat' dir='ltr'>cautius</span> <span class='ocrx_word' id='word_1_243' title='bbox 829 1822 944 1858; x_wconf 87' lang='lat' dir='ltr'>redactum</span> <span class='ocrx_word' id='word_1_244' title='bbox 958 1824 990 1859; x_wconf 90' lang='lat' dir='ltr'>est</span> 
     </span>
     <span class='ocr_line' id='line_1_29' title="bbox 141 1874 987 1920; baseline 0.001 -11"><span class='ocrx_word' id='word_1_245' title='bbox 141 1884 211 1919; x_wconf 90' lang='lat' dir='ltr'>neque</span> <span class='ocrx_word' id='word_1_246' title='bbox 231 1875 306 1910; x_wconf 88' lang='lat' dir='ltr'>tamen</span> <span class='ocrx_word' id='word_1_247' title='bbox 325 1874 643 1920; x_wconf 62' lang='grc' dir='ltr'><strong>1011010110110111Εε11111111111</strong></span> <span class='ocrx_word' id='word_1_248' title='bbox 661 1874 800 1919; x_wconf 86' lang='lat' dir='ltr'>aliorumque</span> <span class='ocrx_word' id='word_1_249' title='bbox 818 1874 908 1910; x_wconf 89' lang='lat' dir='ltr'>invenit.</span> <span class='ocrx_word' id='word_1_250' title='bbox 935 1875 987 1910; x_wconf 90' lang='lat' dir='ltr'>Diu-</span> 
     </span>
     <span class='ocr_line' id='line_1_30' title="bbox 140 1926 985 1973; baseline -0.001 -10"><span class='ocrx_word' id='word_1_251' title='bbox 140 1929 221 1963; x_wconf 87' lang='lat' dir='ltr'>turnae</span> <span class='ocrx_word' id='word_1_252' title='bbox 235 1927 388 1973; x_wconf 84' lang='lat' dir='ltr'>theologorum</span> <span class='ocrx_word' id='word_1_253' title='bbox 402 1927 564 1972; x_wconf 87' lang='lat' dir='ltr'>disputationes</span> <span class='ocrx_word' id='word_1_254' title='bbox 580 1927 616 1973; x_wconf 79' lang='lat' dir='ltr'>(nn.</span> <span class='ocrx_word' id='word_1_255' title='bbox 633 1926 687 1972; x_wconf 90' lang='lat' dir='ltr'>Oct.)</span> <span class='ocrx_word' id='word_1_256' title='bbox 704 1926 856 1971; x_wconf 89' lang='lat' dir='ltr'>quaestionem</span> <span class='ocrx_word' id='word_1_257' title='bbox 870 1935 916 1961; x_wconf 93' lang='lat' dir='ltr'>non</span> <span class='ocrx_word' id='word_1_258' title='bbox 930 1927 985 1962; x_wconf 88' lang='lat' dir='ltr'>satis</span> 
     </span>
     <span class='ocr_line' id='line_1_31' title="bbox 142 1978 986 2023; baseline -0.001 -8"><span class='ocrx_word' id='word_1_259' title='bbox 142 1980 314 2015; x_wconf 86' lang='lat' dir='ltr'>elucidaverunt.</span> <span class='ocrx_word' id='word_1_260' title='bbox 332 1980 407 2023; x_wconf 85' lang='lat' dir='ltr'>Neque</span> <span class='ocrx_word' id='word_1_261' title='bbox 423 1987 505 2014; x_wconf 89' lang='lat' dir='ltr'>novum</span> <span class='ocrx_word' id='word_1_262' title='bbox 522 1979 612 2014; x_wconf 86' lang='lat' dir='ltr'>schema</span> <span class='ocrx_word' id='word_1_263' title='bbox 630 1978 665 2023; x_wconf 80' lang='lat' dir='ltr'>[m.</span> <span class='ocrx_word' id='word_1_264' title='bbox 683 1978 754 2023; x_wconf 71' lang='lat' dir='ltr'>Non),</span> <span class='ocrx_word' id='word_1_265' title='bbox 772 1978 797 2012; x_wconf 92' lang='lat' dir='ltr'>in</span> <span class='ocrx_word' id='word_1_266' title='bbox 812 1979 910 2013; x_wconf 85' lang='lat' dir='ltr'>favorem</span> <span class='ocrx_word' id='word_1_267' title='bbox 927 1979 986 2014; x_wconf 85' lang='lat' dir='ltr'>Sco-</span> 
     </span>
     <span class='ocr_line' id='line_1_32' title="bbox 140 2028 985 2076; baseline 0 -10"><span class='ocrx_word' id='word_1_268' title='bbox 140 2031 269 2066; x_wconf 83' lang='lat' dir='ltr'>tistarum</span> <span class='ocrx_word' id='word_1_269' title='bbox 280 2030 399 2073; x_wconf 87' lang='lat' dir='ltr'>mutatum,</span> <span class='ocrx_word' id='word_1_270' title='bbox 412 2039 545 2065; x_wconf 87' lang='lat' dir='ltr'>consensum</span> <span class='ocrx_word' id='word_1_271' title='bbox 557 2030 651 2065; x_wconf 84' lang='lat' dir='ltr'>Patrum</span> <span class='ocrx_word' id='word_1_272' title='bbox 663 2029 763 2067; x_wconf 87' lang='lat' dir='ltr'>obtinuit.</span> <span class='ocrx_word' id='word_1_273' title='bbox 779 2028 851 2073; x_wconf 85' lang='lat' dir='ltr'>Quare</span> <span class='ocrx_word' id='word_1_274' title='bbox 864 2030 905 2066; x_wconf 87' lang='lat' dir='ltr'>hcc</span> <span class='ocrx_word' id='word_1_275' title='bbox 918 2031 985 2076; x_wconf 86' lang='lat' dir='ltr'>caput</span> 
     </span>
     <span class='ocr_line' id='line_1_33' title="bbox 141 2081 983 2129; baseline 0.001 -12"><span class='ocrx_word' id='word_1_276' title='bbox 141 2091 210 2126; x_wconf 85' lang='lat' dir='ltr'>usque</span> <span class='ocrx_word' id='word_1_277' title='bbox 227 2083 256 2117; x_wconf 88' lang='lat' dir='ltr'>ad</span> <span class='ocrx_word' id='word_1_278' title='bbox 272 2081 339 2117; x_wconf 82' lang='lat' dir='ltr'>tinem</span> <span class='ocrx_word' id='word_1_279' title='bbox 356 2082 476 2127; x_wconf 87' lang='lat' dir='ltr'>sepositum</span> <span class='ocrx_word' id='word_1_280' title='bbox 493 2081 531 2117; x_wconf 88' lang='lat' dir='ltr'>est.</span> <span class='ocrx_word' id='word_1_281' title='bbox 551 2081 657 2117; x_wconf 89' lang='lat' dir='ltr'>Omnibus</span> <span class='ocrx_word' id='word_1_282' title='bbox 675 2081 725 2117; x_wconf 91' lang='lat' dir='ltr'>aliis</span> <span class='ocrx_word' id='word_1_283' title='bbox 742 2081 845 2127; x_wconf 84' lang='lat' dir='ltr'>perfectis</span> <span class='ocrx_word' id='word_1_284' title='bbox 870 2082 905 2128; x_wconf 81' lang='lat' dir='ltr'>(m.</span> <span class='ocrx_word' id='word_1_285' title='bbox 923 2083 983 2129; x_wconf 88' lang='lat' dir='ltr'>Deo.)</span> 
     </span>
     <span class='ocr_line' id='line_1_34' title="bbox 139 2134 985 2180; baseline 0 -9"><span class='ocrx_word' id='word_1_286' title='bbox 139 2137 174 2171; x_wconf 88' lang='lat' dir='ltr'>De</span> <span class='ocrx_word' id='word_1_287' title='bbox 187 2135 275 2171; x_wconf 89' lang='lat' dir='ltr'>Monte</span> <span class='ocrx_word' id='word_1_288' title='bbox 288 2134 410 2180; x_wconf 76' lang='lat' dir='ltr'>proposuit,</span> <span class='ocrx_word' id='word_1_289' title='bbox 424 2134 450 2170; x_wconf 87' lang='lat' dir='ltr'>ut</span> <span class='ocrx_word' id='word_1_290' title='bbox 462 2135 517 2170; x_wconf 86' lang='lat' dir='ltr'>haec</span> <span class='ocrx_word' id='word_1_291' title='bbox 532 2134 631 2179; x_wconf 80' lang='lat' dir='ltr'>quaestio</span> <span class='ocrx_word' id='word_1_292' title='bbox 645 2134 788 2172; x_wconf 88' lang='lat' dir='ltr'>omitteretur.</span> <span class='ocrx_word' id='word_1_293' title='bbox 805 2136 847 2171; x_wconf 85' lang='lat' dir='ltr'>Sed</span> <span class='ocrx_word' id='word_1_294' title='bbox 861 2136 920 2171; x_wconf 88' lang='lat' dir='ltr'>card.</span> <span class='ocrx_word' id='word_1_295' title='bbox 936 2136 985 2172; x_wconf 89' lang='lat' dir='ltr'>Pa-</span> 
     </span>
     <span class='ocr_line' id='line_1_35' title="bbox 139 2187 984 2234; baseline -0.001 -10"><span class='ocrx_word' id='word_1_296' title='bbox 139 2188 217 2224; x_wconf 87' lang='lat' dir='ltr'>checo</span> <span class='ocrx_word' id='word_1_297' title='bbox 231 2188 252 2224; x_wconf 91' lang='lat' dir='ltr'>et</span> <span class='ocrx_word' id='word_1_298' title='bbox 265 2188 305 2224; x_wconf 85' lang='lat' dir='ltr'>alii</span> <span class='ocrx_word' id='word_1_299' title='bbox 318 2188 419 2234; x_wconf 83' lang='lat' dir='ltr'>praelati,</span> <span class='ocrx_word' id='word_1_300' title='bbox 435 2188 473 2232; x_wconf 89' lang='lat' dir='ltr'>qui</span> <span class='ocrx_word' id='word_1_301' title='bbox 486 2197 512 2223; x_wconf 79' lang='lat' dir='ltr'>ex</span> <span class='ocrx_word' id='word_1_302' title='bbox 525 2187 620 2233; x_wconf 87' lang='lat' dir='ltr'>politicis</span> <span class='ocrx_word' id='word_1_303' title='bbox 634 2187 758 2232; x_wconf 87' lang='lat' dir='ltr'>rationibus</span> <span class='ocrx_word' id='word_1_304' title='bbox 773 2188 894 2224; x_wconf 87' lang='lat' dir='ltr'>secundum</span> <span class='ocrx_word' id='word_1_305' title='bbox 907 2188 984 2224; x_wconf 90' lang='lat' dir='ltr'>volun-</span> 
     </span>
     <span class='ocr_line' id='line_1_36' title="bbox 138 2241 984 2288; baseline 0.002 -12"><span class='ocrx_word' id='word_1_306' title='bbox 138 2242 206 2278; x_wconf 86' lang='lat' dir='ltr'>tatem</span> <span class='ocrx_word' id='word_1_307' title='bbox 221 2241 295 2277; x_wconf 90' lang='lat' dir='ltr'>Caroli</span> <span class='ocrx_word' id='word_1_308' title='bbox 308 2243 327 2278; x_wconf 87' lang='lat' dir='ltr'>V</span> <span class='ocrx_word' id='word_1_309' title='bbox 342 2242 483 2288; x_wconf 88' lang='lat' dir='ltr'>imperatoris</span> <span class='ocrx_word' id='word_1_310' title='bbox 497 2241 699 2287; x_wconf 83' lang='lat' dir='ltr'>promulgationem</span> <span class='ocrx_word' id='word_1_311' title='bbox 714 2241 795 2277; x_wconf 83' lang='lat' dir='ltr'>decreti</span> <span class='ocrx_word' id='word_1_312' title='bbox 809 2242 924 2278; x_wconf 88' lang='lat' dir='ltr'>retardare</span> <span class='ocrx_word' id='word_1_313' title='bbox 939 2243 984 2278; x_wconf 88' lang='lat' dir='ltr'>stu-</span> 
     </span>
     <span class='ocr_line' id='line_1_37' title="bbox 139 2294 981 2343; baseline 0.004 -13"><span class='ocrx_word' id='word_1_314' title='bbox 139 2295 226 2338; x_wconf 87' lang='lat' dir='ltr'>debant,</span> <span class='ocrx_word' id='word_1_315' title='bbox 245 2295 393 2340; x_wconf 86' lang='lat' dir='ltr'>postularunt‚</span> <span class='ocrx_word' id='word_1_316' title='bbox 411 2296 436 2331; x_wconf 91' lang='lat' dir='ltr'>ut</span> <span class='ocrx_word' id='word_1_317' title='bbox 453 2305 488 2331; x_wconf 94' lang='lat' dir='ltr'>res</span> <span class='ocrx_word' id='word_1_318' title='bbox 506 2295 653 2331; x_wconf 85' lang='lat' dir='ltr'>dirimeretur¹</span> <span class='ocrx_word' id='word_1_319' title='bbox 672 2295 715 2343; x_wconf 71' lang='lat' dir='ltr'>Sic,</span> <span class='ocrx_word' id='word_1_320' title='bbox 734 2304 784 2331; x_wconf 86' lang='lat' dir='ltr'>curn</span> <span class='ocrx_word' id='word_1_321' title='bbox 804 2294 839 2341; x_wconf 89' lang='lat' dir='ltr'>(m.</span> <span class='ocrx_word' id='word_1_322' title='bbox 859 2296 906 2333; x_wconf 86' lang='lat' dir='ltr'>Ian.</span> <span class='ocrx_word' id='word_1_323' title='bbox 926 2295 981 2343; x_wconf 75' lang='lat'>1547)</span> 
     </span>
     <span class='ocr_line' id='line_1_38' title="bbox 137 2348 983 2395; baseline 0.004 -13"><span class='ocrx_word' id='word_1_324' title='bbox 137 2349 219 2384; x_wconf 88' lang='lat' dir='ltr'>iterum</span> <span class='ocrx_word' id='word_1_325' title='bbox 232 2349 258 2384; x_wconf 90' lang='lat' dir='ltr'>de</span> <span class='ocrx_word' id='word_1_326' title='bbox 271 2348 313 2385; x_wconf 86' lang='lat' dir='ltr'>hac</span> <span class='ocrx_word' id='word_1_327' title='bbox 327 2349 455 2393; x_wconf 87' lang='lat' dir='ltr'>quaestione</span> <span class='ocrx_word' id='word_1_328' title='bbox 469 2349 629 2394; x_wconf 82' lang='lat' dir='ltr'>disputaretur⁷</span> <span class='ocrx_word' id='word_1_329' title='bbox 645 2350 764 2395; x_wconf 87' lang='lat' dir='ltr'>coeperunt</span> <span class='ocrx_word' id='word_1_330' title='bbox 777 2350 907 2395; x_wconf 89' lang='lat' dir='ltr'>conceptum</span> <span class='ocrx_word' id='word_1_331' title='bbox 920 2351 983 2386; x_wconf 89' lang='lat' dir='ltr'>certi-</span> 
     </span>
     <span class='ocr_line' id='line_1_39' title="bbox 137 2401 982 2448; baseline 0.005 -12"><span class='ocrx_word' id='word_1_332' title='bbox 137 2402 222 2437; x_wconf 88' lang='lat' dir='ltr'>tudinis</span> <span class='ocrx_word' id='word_1_333' title='bbox 235 2401 286 2438; x_wconf 91' lang='lat' dir='ltr'>fidei</span> <span class='ocrx_word' id='word_1_334' title='bbox 300 2402 427 2438; x_wconf 86' lang='lat' dir='ltr'>accuratius</span> <span class='ocrx_word' id='word_1_335' title='bbox 441 2403 589 2439; x_wconf 86' lang='lat' dir='ltr'>determinare</span> <span class='ocrx_word' id='word_1_336' title='bbox 603 2403 778 2448; x_wconf 87' lang='lat' dir='ltr'>inveneruntque</span> <span class='ocrx_word' id='word_1_337' title='bbox 794 2404 944 2440; x_wconf 87' lang='lat' dir='ltr'>diversitatem</span> <span class='ocrx_word' id='word_1_338' title='bbox 958 2405 982 2440; x_wconf 92' lang='lat' dir='ltr'>in</span> 
     </span>
     <span class='ocr_line' id='line_1_40' title="bbox 136 2455 982 2503; baseline 0.004 -14"><span class='ocrx_word' id='word_1_339' title='bbox 136 2455 186 2500; x_wconf 89' lang='lat' dir='ltr'>ipsa</span> <span class='ocrx_word' id='word_1_340' title='bbox 198 2455 300 2491; x_wconf 86' lang='lat' dir='ltr'>doctrina</span> <span class='ocrx_word' id='word_1_341' title='bbox 310 2465 357 2491; x_wconf 92' lang='lat' dir='ltr'>non</span> <span class='ocrx_word' id='word_1_342' title='bbox 369 2465 415 2492; x_wconf 90' lang='lat' dir='ltr'>esse</span> <span class='ocrx_word' id='word_1_343' title='bbox 428 2456 483 2492; x_wconf 89' lang='lat' dir='ltr'>adeo</span> <span class='ocrx_word' id='word_1_344' title='bbox 495 2465 608 2501; x_wconf 76' lang='lat' dir='ltr'>magnam,</span> <span class='ocrx_word' id='word_1_345' title='bbox 622 2457 728 2501; x_wconf 89' lang='lat' dir='ltr'>quoniam</span> <span class='ocrx_word' id='word_1_346' title='bbox 740 2457 894 2494; x_wconf 88' lang='lat' dir='ltr'>Thomistae</span> <span class='ocrx_word' id='word_1_347' title='bbox 906 2458 982 2503; x_wconf 89' lang='lat' dir='ltr'>impri-</span> 
     </span>
     <span class='ocr_line' id='line_1_41' title="bbox 136 2505 981 2554; baseline 0.006 -12"><span class='ocrx_word' id='word_1_348' title='bbox 136 2508 179 2543; x_wconf 90' lang='lat' dir='ltr'>mis</span> <span class='ocrx_word' id='word_1_349' title='bbox 193 2509 305 2552; x_wconf 77' lang='lat' dir='ltr'>negabant</span> <span class='ocrx_word' id='word_1_350' title='bbox 321 2505 494 2545; x_wconf 77' lang='lat' dir='ltr'>«certitudinem</span> <span class='ocrx_word' id='word_1_351' title='bbox 508 2510 562 2545; x_wconf 85' lang='lat' dir='ltr'>iidei</span> <span class='ocrx_word' id='word_1_352' title='bbox 576 2510 696 2545; x_wconf 80' lang='lat' dir='ltr'>catholicae</span> <span class='ocrx_word' id='word_1_353' title='bbox 712 2511 757 2545; x_wconf 80' lang='lat' dir='ltr'>stne</span> <span class='ocrx_word' id='word_1_354' title='bbox 771 2510 859 2554; x_wconf 27' lang='lat' dir='ltr'>tutiusne</span> <span class='ocrx_word' id='word_1_355' title='bbox 868 2525 886 2553; x_wconf 83' lang='lat'>»,</span> <span class='ocrx_word' id='word_1_356' title='bbox 902 2512 981 2547; x_wconf 88' lang='lat' dir='ltr'>Catha-</span> 
     </span>
     <span class='ocr_line' id='line_1_42' title="bbox 136 2562 980 2609; baseline 0.005 -13"><span class='ocrx_word' id='word_1_357' title='bbox 136 2562 199 2597; x_wconf 85' lang='lat' dir='ltr'>rinus</span> <span class='ocrx_word' id='word_1_358' title='bbox 217 2571 268 2597; x_wconf 88' lang='lat' dir='ltr'>cum</span> <span class='ocrx_word' id='word_1_359' title='bbox 286 2562 412 2598; x_wconf 86' lang='lat' dir='ltr'>Scotistis</span> <span class='ocrx_word' id='word_1_360' title='bbox 431 2562 557 2600; x_wconf 86' lang='lat' dir='ltr'>affirmabat</span> <span class='ocrx_word' id='word_1_361' title='bbox 576 2564 750 2599; x_wconf 77' lang='lat' dir='ltr'>«certitudinem</span> <span class='ocrx_word' id='word_1_362' title='bbox 767 2563 819 2600; x_wconf 88' lang='lat' dir='ltr'>fidei</span> <span class='ocrx_word' id='word_1_363' title='bbox 838 2565 980 2609; x_wconf 78' lang='lat' dir='ltr'>particularis</span> 
     </span>
     <span class='ocr_line' id='line_1_43' title="bbox 136 2615 981 2665; baseline 0.007 -16"><span class='ocrx_word' id='word_1_364' title='bbox 136 2616 181 2663; x_wconf 76' lang='lat' dir='ltr'>sive</span> <span class='ocrx_word' id='word_1_365' title='bbox 195 2615 344 2659; x_wconf 71' lang='lat' dir='ltr'>acquisitae»,</span> <span class='ocrx_word' id='word_1_366' title='bbox 358 2616 394 2652; x_wconf 87' lang='lat' dir='ltr'>cui</span> <span class='ocrx_word' id='word_1_367' title='bbox 407 2616 507 2653; x_wconf 86' lang='lat' dir='ltr'>absolute</span> <span class='ocrx_word' id='word_1_368' title='bbox 521 2618 610 2653; x_wconf 87' lang='lat' dir='ltr'>subesse</span> <span class='ocrx_word' id='word_1_369' title='bbox 623 2618 692 2663; x_wconf 90' lang='lat' dir='ltr'>possit</span> <span class='ocrx_word' id='word_1_370' title='bbox 706 2618 795 2653; x_wconf 76' lang='lat' dir='ltr'>salsum.</span> <span class='ocrx_word' id='word_1_371' title='bbox 811 2619 909 2654; x_wconf 89' lang='lat' dir='ltr'>Tandem</span> <span class='ocrx_word' id='word_1_372' title='bbox 925 2619 954 2665; x_wconf 69' lang='lat' dir='ltr'>(d,</span> <span class='ocrx_word' id='word_1_373' title='bbox 969 2620 981 2656; x_wconf 79' lang='lat'>9</span> 
     </span>
     <span class='ocr_line' id='line_1_44' title="bbox 135 2669 981 2715; baseline 0.006 -12"><span class='ocrx_word' id='word_1_374' title='bbox 135 2669 192 2715; x_wconf 82' lang='lat' dir='ltr'>Ian.)</span> <span class='ocrx_word' id='word_1_375' title='bbox 211 2677 287 2703; x_wconf 84' lang='lat' dir='ltr'>ornnes</span> <span class='ocrx_word' id='word_1_376' title='bbox 306 2670 449 2705; x_wconf 87' lang='lat' dir='ltr'>assenserunt</span> <span class='ocrx_word' id='word_1_377' title='bbox 467 2670 587 2707; x_wconf 79' lang='lat' dir='ltr'>formulae:</span> <span class='ocrx_word' id='word_1_378' title='bbox 617 2683 627 2703; x_wconf 74' lang='grc'>1</span> <span class='ocrx_word' id='word_1_379' title='bbox 636 2672 767 2708; x_wconf 85' lang='lat' dir='ltr'>certitudine</span> <span class='ocrx_word' id='word_1_380' title='bbox 791 2671 849 2713; x_wconf 85' lang='lat' dir='ltr'>fidei,</span> <span class='ocrx_word' id='word_1_381' title='bbox 874 2673 911 2708; x_wconf 88' lang='lat' dir='ltr'>cui</span> <span class='ocrx_word' id='word_1_382' title='bbox 934 2682 981 2708; x_wconf 91' lang='lat' dir='ltr'>non</span> 
     </span>
     <span class='ocr_line' id='line_1_45' title="bbox 135 2721 979 2766; baseline 0.005 -9"><span class='ocrx_word' id='word_1_383' title='bbox 135 2721 205 2766; x_wconf 88' lang='lat' dir='ltr'>potest</span> <span class='ocrx_word' id='word_1_384' title='bbox 223 2722 312 2757; x_wconf 88' lang='lat' dir='ltr'>subesse</span> <span class='ocrx_word' id='word_1_385' title='bbox 329 2722 437 2759; x_wconf 82' lang='lat' dir='ltr'>falsum».</span> <span class='ocrx_word' id='word_1_386' title='bbox 456 2723 524 2759; x_wconf 92' lang='lat' dir='ltr'>Notat</span> <span class='ocrx_word' id='word_1_387' title='bbox 542 2723 674 2760; x_wconf 88' lang='lat' dir='ltr'>secretarius</span> <span class='ocrx_word' id='word_1_388' title='bbox 690 2724 789 2760; x_wconf 89' lang='lat' dir='ltr'>concilii:</span> <span class='ocrx_word' id='word_1_389' title='bbox 817 2725 863 2760; x_wconf 86' lang='lat' dir='ltr'>«Et</span> <span class='ocrx_word' id='word_1_390' title='bbox 880 2725 912 2761; x_wconf 88' lang='lat' dir='ltr'>ita</span> <span class='ocrx_word' id='word_1_391' title='bbox 929 2735 979 2761; x_wconf 89' lang='lat' dir='ltr'>cum</span> 
     </span>
     <span class='ocr_line' id='line_1_46' title="bbox 134 2774 981 2822; baseline 0.007 -14"><span class='ocrx_word' id='word_1_392' title='bbox 134 2783 216 2818; x_wconf 79' lang='lat' dir='ltr'>magno</span> <span class='ocrx_word' id='word_1_393' title='bbox 235 2774 318 2819; x_wconf 77' lang='lat' dir='ltr'>gaudio</span> <span class='ocrx_word' id='word_1_394' title='bbox 338 2784 413 2811; x_wconf 89' lang='lat' dir='ltr'>onmes</span> <span class='ocrx_word' id='word_1_395' title='bbox 433 2777 598 2812; x_wconf 87' lang='lat' dir='ltr'>recesserunt.»</span> <span class='ocrx_word' id='word_1_396' title='bbox 625 2777 796 2822; x_wconf 81' lang='lat' dir='ltr'>Promulgatum</span> <span class='ocrx_word' id='word_1_397' title='bbox 815 2779 848 2813; x_wconf 89' lang='lat' dir='ltr'>est</span> <span class='ocrx_word' id='word_1_398' title='bbox 868 2778 981 2814; x_wconf 84' lang='lat' dir='ltr'>decretum</span> 
     </span>
     <span class='ocr_line' id='line_1_47' title="bbox 135 2828 1006 2875; baseline 0.005 -12"><span class='ocrx_word' id='word_1_399' title='bbox 135 2828 212 2872; x_wconf 85' lang='lat' dir='ltr'>paucis</span> <span class='ocrx_word' id='word_1_400' title='bbox 227 2828 304 2863; x_wconf 88' lang='lat' dir='ltr'>diebus</span> <span class='ocrx_word' id='word_1_401' title='bbox 318 2829 367 2873; x_wconf 87' lang='lat' dir='ltr'>post</span> <span class='ocrx_word' id='word_1_402' title='bbox 383 2828 410 2873; x_wconf 82' lang='lat' dir='ltr'>(d.</span> <span class='ocrx_word' id='word_1_403' title='bbox 427 2828 454 2864; x_wconf 86' lang='lat'>13.</span> <span class='ocrx_word' id='word_1_404' title='bbox 471 2830 536 2875; x_wconf 81' lang='lat' dir='ltr'>Ian).</span> <span class='ocrx_word' id='word_1_405' title='bbox 551 2849 577 2857; x_wconf 68' lang='lat'><em>-</em></span> <span class='ocrx_word' id='word_1_406' title='bbox 589 2830 659 2866; x_wconf 84' lang='lat' dir='ltr'>Annis</span> <span class='ocrx_word' id='word_1_407' title='bbox 673 2830 815 2875; x_wconf 86' lang='lat' dir='ltr'>sequentibus</span> <span class='ocrx_word' id='word_1_408' title='bbox 830 2832 980 2868; x_wconf 89' lang='lat' dir='ltr'>controversia</span> <span class='ocrx_word' id='word_1_409' title='bbox 1001 2852 1006 2857; x_wconf 49' lang='grc' dir='ltr'><em>ι</em></span> 
     </span>
     <span class='ocr_line' id='line_1_48' title="bbox 133 2880 978 2929; baseline 0.007 -14"><span class='ocrx_word' id='word_1_410' title='bbox 133 2880 177 2915; x_wconf 82' lang='lat' dir='ltr'>tuit</span> <span class='ocrx_word' id='word_1_411' title='bbox 196 2881 256 2917; x_wconf 87' lang='lat' dir='ltr'>inter</span> <span class='ocrx_word' id='word_1_412' title='bbox 276 2881 337 2916; x_wconf 83' lang='lat' dir='ltr'>nom.</span> <span class='ocrx_word' id='word_1_413' title='bbox 360 2882 412 2917; x_wconf 90' lang='lat' dir='ltr'>Soto</span> <span class='ocrx_word' id='word_1_414' title='bbox 434 2883 454 2918; x_wconf 90' lang='lat' dir='ltr'>et</span> <span class='ocrx_word' id='word_1_415' title='bbox 475 2883 550 2918; x_wconf 74' lang='lat' dir='ltr'>Amor.</span> <span class='ocrx_word' id='word_1_416' title='bbox 574 2883 725 2920; x_wconf 81' lang='lat' dir='ltr'>Gatherinom.</span> <span class='ocrx_word' id='word_1_417' title='bbox 748 2884 848 2919; x_wconf 84' lang='lat' dir='ltr'>Andreas</span> <span class='ocrx_word' id='word_1_418' title='bbox 871 2884 896 2920; x_wconf 86' lang='lat' dir='ltr'>de</span> <span class='ocrx_word' id='word_1_419' title='bbox 919 2886 978 2929; x_wconf 70' lang='lat' dir='ltr'>repa</span> 
     </span>
     <span class='ocr_line' id='line_1_49' title="bbox 134 2934 926 2974; baseline 0.006 -5"><span class='ocrx_word' id='word_1_420' title='bbox 134 2934 254 2970; x_wconf 67' lang='grc'><strong>0110115,</strong></span> <span class='ocrx_word' id='word_1_421' title='bbox 269 2934 367 2969; x_wconf 86' lang='lat' dir='ltr'>mediam</span> <span class='ocrx_word' id='word_1_422' title='bbox 380 2935 438 2971; x_wconf 88' lang='lat' dir='ltr'>inter</span> <span class='ocrx_word' id='word_1_423' title='bbox 452 2936 508 2971; x_wconf 89' lang='lat' dir='ltr'>duos</span> <span class='ocrx_word' id='word_1_424' title='bbox 521 2937 689 2972; x_wconf 85' lang='lat' dir='ltr'>Praedicatores</span> <span class='ocrx_word' id='word_1_425' title='bbox 703 2936 774 2972; x_wconf 89' lang='lat' dir='ltr'>tenuit</span> <span class='ocrx_word' id='word_1_426' title='bbox 788 2937 926 2974; x_wconf 88' lang='lat' dir='ltr'>sententiam.</span> 
     </span>
    </p>
   </div>
   <div class='ocr_carea' id='block_1_9' title="bbox 0 0 1112 3350">
    <p class='ocr_par' dir='ltr' id='par_1_9' title="bbox 0 0 1112 3350">
     <span class='ocr_line' id='line_1_50' title="bbox 0 0 1112 3350; baseline 0 7"><span class='ocrx_word' id='word_1_427' title='bbox 0 0 1112 3350; x_wconf 95' lang='lat' dir='ltr'> </span> 
     </span>
    </p>
   </div>
  </div>
 </body>
</html>
