2214 3350
350 160 426 197 Thesis
442 159 469 196 17.
487 159 584 194 Amissis
599 157 697 194 iustitiae
911 154 948 192 357

100 265 156 307 115.
192 269 213 307 2.
230 250 383 321 ’1111111151
409 266 510 320 spanus
537 264 626 307 sancta
653 253 793 306 1151151115
818 265 860 314 esi,
886 275 947 305 num

101 328 179 369 omnis
197 329 335 371 iustificatio
355 331 390 383 (in
406 330 472 378 V⁰'P⁰‚
492 328 548 370 ante
565 327 781 376 confirmationem,
800 328 831 368 ci.
850 339 874 368 n.
893 326 944 378 444)

13 427 17 443 ,
100 391 213 443 importet
226 392 432 442 inhabitationem
447 393 488 434 sed
503 403 573 432 nemo
589 391 714 439 dubitavit,
731 391 789 441 quin
804 390 876 430 simul
890 400 946 431 cum

12 484 17 505 ,
100 454 177 505 gratia
192 465 286 505 semper
301 456 435 507 expellatur
449 454 554 506 Spiritus
571 453 673 495 Sanctus
688 453 833 494 inhabitans.
850 479 881 485 -
895 453 947 494 Ρ5-

100 517 157 558 tres
171 518 266 568 graeci
280 518 402 570 tamquam
416 518 532 560 ellectum
544 517 634 569 peccati
648 517 753 557 maxime
767 517 810 557 hoc
825 516 944 564 exhibent,

11 576 16 633 ζ
100 581 165 632 quod
175 581 252 621 ‘homo
269 593 285 622 a
300 581 392 633 Spiritu
408 581 495 622 Sancto
511 580 635 621 deseratur
652 580 692 631 (cf.
710 590 734 620 n.
753 579 811 630 472).
828 603 859 609 —-
875 579 946 619 rPbo-

99 655 169 692 mas,
181 644 207 684 S.
221 644 254 684 ili.
269 647 280 685 1
293 657 316 695 q.
329 647 357 686 43
369 657 390 686 a.
403 647 428 685 3:
444 644 529 685 Missio
543 638 672 684 invisibilis
684 643 713 684 iit
727 643 857 683 secundum
870 642 946 682 solam

99 706 202 757 gratiam
218 707 313 757 gratum
329 707 462 748 facientem.

99 836 154 879 477.
191 840 211 878 3.
233 837 302 885 Dona
317 837 416 891 Spiritus
432 837 515 878 Sancti
528 838 557 878 ab
572 837 609 886 iis,
624 837 666 887 qui
682 836 762 877 tenent
775 846 803 877 ea
816 847 865 877 esse
879 835 946 876 babi-

98 899 180 949 tualia,
194 899 343 941 affirmantur
355 900 427 941 simul
439 912 495 942 cum
507 900 585 951 gratia
597 898 760 940 sanctificante
773 898 871 940 destrui.
885 898 946 939 Red-

99 963 160 1004 dunt
171 963 235 1004 enim
247 964 373 1004 bominem
383 963 452 1004 facile
465 963 488 1004 et
500 962 687 1004 connaturaliter
699 962 813 1003 mobilem
825 974 840 1003 a
853 960 945 1012 Spiritu

99 1025 192 1075 Sancto,
205 1026 236 1067 ad
248 1037 322 1077 quern
332 1026 439 1066 animam
451 1026 560 1066 referunt
573 1043 583 1063 «
590 1026 617 1066 117
628 1026 658 1066 ad
671 1025 787 1066 meterem
800 1024 945 1066 familiarem

91 1089 169 1139 5711115
185 1089 378 1130 inhabitantem»
398 1088 486 1140 (Rarior,
505 1088 563 1129 Viri.
581 1100 604 1139 p.
622 1091 663 1129 182
670 1088 699 1139 s).
717 1088 795 1129 Etiam
812 1087 946 1139 peccatores

3 1172 11 1190 i
55 1185 57 1191 .
98 1152 248 1202 inspirantur
262 1152 286 1192 et
301 1150 427 1192 moventur
442 1163 456 1191 a
473 1151 566 1202 Spiritu
584 1151 669 1192 Sancto
687 1151 864 1203 (Tridentinum
881 1161 899 1191 5.
918 1153 945 1191 14

0 1213 13 1285 ζ
98 1226 149 1265 cap.
167 1217 182 1255 4
199 1214 241 1272 [Dr
259 1215 328 1273 898l),
347 1215 452 1257 sednon
469 1213 519 1254 tam
537 1213 674 1265 frequenter
690 1224 733 1254 nec
750 1213 943 1254 connaturaliter.

99 1277 148 1318 Sua
166 1277 237 1327 culpa
254 1278 318 1318 male
336 1277 392 1317 sunt
409 1276 518 1327 dispositi
537 1278 568 1318 ad
587 1277 663 1317 tinem
681 1276 803 1325 ultimum3
822 1277 878 1318 hinc
896 1287 945 1316 non

9 1314 13 1365 3
97 1340 215 1389 convenit,
235 1340 263 1381 ut
279 1340 384 1381 habeant
401 1339 427 1379 in
445 1350 469 1380 se
489 1339 680 1390 supernaturalia
704 1339 831 1391 principia,
856 1339 945 1391 quibus

11 1433 12 1436 ,
97 1403 157 1444 bene
182 1403 340 1453 disponantur
364 1403 512 1453 credantque
536 1402 605 1444 facile
628 1402 730 1444 mobiles
754 1401 826 1443 relate
849 1404 890 1444 ad‘
905 1413 945 1444 eos

6 1508 13 1517 ,
98 1466 121 1507 S.
138 1466 244 1517 Spiritus
258 1465 385 1516 impulsus,
401 1466 490 1517 quibus
505 1465 623 1506 ducantur
638 1466 664 1506 in
678 1465 754 1507 vitam
769 1465 897 1507 aeternam.
913 1490 946 1496 -

99 1529 181 1570 Sinere
200 1540 224 1569 se
242 1528 293 1579 regi
312 1541 326 1569 a
346 1528 437 1579 Spiritu
457 1528 543 1569 Sancto
563 1528 659 1579 signum
677 1529 713 1570 est
730 1529 778 1580 sitii
796 1529 847 1569 Dei.
870 1529 945 1578 «Qui-

97 1603 191 1643 cunque
207 1592 273 1632 enim
289 1591 380 1643 Spiritu
395 1591 439 1632 Dei
455 1591 567 1642 aguntur,
585 1591 602 1632 ii
619 1592 675 1633 sunt
690 1591 738 1632 11111
754 1593 814 1633 Dei»
835 1592 906 1643 (Rom
922 1595 942 1641 8,

98 1657 132 1703 14;
149 1656 180 1695 ct.
198 1666 222 1695 n.
240 1654 300 1705 427).
317 1680 349 1685 —
366 1655 497 1703 Thomas,
516 1654 542 1695 S.
561 1654 594 1694 ib.
613 1657 633 1703 1,
652 1658 666 1696 2
683 1666 706 1705 q.
725 1657 752 1696 68
769 1667 790 1696 5.
809 1656 834 1696 5:
858 1655 945 1695 «Dona

98 1717 202 1769 Spiritus
216 1717 296 1758 Sancti
311 1723 482 1757 connectuntur
496 1717 543 1758 sibi
557 1717 660 1758 invicem
674 1717 701 1756 in
716 1717 819 1766 caritate,
835 1718 868 1759 ita
882 1717 942 1766 scil,

97 1781 161 1832 quod
177 1781 219 1832 qui
235 1780 358 1821 caritatem
373 1780 450 1828 habet,
468 1780 550 1820 omnia
566 1780 629 1821 dona
645 1780 749 1831 Spiritus
766 1780 845 1821 Sancti
862 1780 942 1830 hebet,

97 1855 200 1894 quorum
217 1843 313 1883 nullum
331 1842 380 1883 sine
394 1842 491 1883 caritate
508 1843 591 1883 haberi
607 1841 711 1893 potest.»

94 1973 149 2015 478.
186 1977 207 2014 4.
217 1974 323 2015 Virtutes
334 1972 434 2014 morales
445 1972 539 2013 infusae
549 1974 580 2014 ab
590 1973 627 2023 iis,
640 1972 682 2023 qui
692 1984 732 2013 555
742 1972 881 2022 detendunt,
890 1983 943 2014 con-

97 2037 232 2077 siderantur
243 2036 367 2086 tamquam
378 2036 502 2087 facultates
514 2047 556 2077 seu
567 2035 723 2087 proprietates
735 2036 864 2087 superioris
876 2037 943 2078 natu-

96 2111 143 2150 rae,
157 2101 226 2141 cuius
237 2100 351 2142 ultimum
363 2099 510 2151 principium
523 2100 559 2141 est
570 2100 646 2151 pratia
660 2099 819 2150 sanct'ticans,
833 2101 871 2142 vel
884 2101 944 2142 tam-

96 2176 169 2216 quam
179 2165 345 2211 instrumenta,
355 2162 442 2214 quibus
450 2165 536 2205 caritas
543 2165 612 2214 quasi
622 2165 701 2206 torma
711 2166 819 2205 omnium
826 2164 943 2206 virtutum

95 2229 184 2270 utatur.
201 2227 391 2270 connaturaliter
404 2228 479 2279 igitur
491 2229 591 2280 exigunt
604 2228 745 2277 subiectum,
761 2230 825 2280 quod
839 2229 870 2270 sit
885 2230 943 2270 bene

96 2293 235 2333 ordinatum
247 2293 278 2334 ad
291 2292 366 2333 finem
379 2292 495 2333 ultimum
508 2293 716 2344 supernaturalem
729 2293 778 2334 sive
791 2294 855 2344 quod
868 2293 944 2345 possit

96 2357 216 2398 advitam
230 2356 351 2397 aeternam
366 2357 486 2396 meritorie
501 2356 602 2407 operari
618 2358 668 2398 Hac
682 2356 831 2397 ordinatione
847 2356 943 2398 5711111-

96 2420 207 2461 ficatione
225 2432 281 2460 cum
298 2419 375 2470 gratia
392 2420 416 2460 et
432 2419 529 2462 caritate
547 2420 648 2462 sublatis
664 2419 765 2462 virtutes
782 2420 875 2461 infusae
893 2432 944 2461 non

96 2484 274 2534 supponendae,
292 2484 332 2524 sed
346 2483 484 2533 probandae
502 2484 559 2525 sunt
574 2495 696 2525 remanere
714 2484 740 2525 117
756 2484 853 2525 habitus
868 2484 943 2526 infor-

96 2558 154 2588 mes.
170 2547 276 2588 Positioa
291 2552 431 2598 arpnmcnta
445 2548 540 2597 praesto
555 2548 611 2589 sunt
625 2559 668 2598 pro
683 2547 830 2589 remanentia
846 2547 905 2590 iidei
920 2548 943 2589 57

96 2611 153 2661 spei,
171 2611 211 2652 sed
226 2611 305 2662 quoad
319 2609 418 2651 virtutes
432 2612 536 2652 morales
551 2612 643 2652 desunt.
659 2637 690 2642 -—
705 2611 864 2652 Paucissimos
878 2611 943 2653 thec-

96 2673 169 2725 logos,
188 2676 230 2726 qui
248 2674 460 2715 indiscriminatim
478 2675 523 2716 hos
540 2675 638 2717 habitus
656 2685 778 2716 remanere
797 2675 941 2724 asserebant,

0 2730 10 2794 {32
95 2738 199 2789 Ripaido
220 2738 244 2790 (l.
266 2742 279 2779 6
298 2739 360 2789 disp.
381 2740 420 2779 128
440 2749 464 2778 n.
486 2739 522 2790 45)
544 2738 684 2780 temeritatis
703 2739 804 2779 accusat.
825 2740 878 2789 Eos,
900 2740 942 2791 qui

95 2802 189 2851 praeter
201 2802 277 2843 iidem
289 2803 313 2844 et
325 2813 390 2852 spem
403 2813 432 2842 ex
444 2803 497 2852 pari
510 2803 608 2852 ratione,
623 2801 672 2844 scil.
686 2803 717 2844 ad
730 2803 862 2845 faciliorem
875 2814 942 2854 prae-

96 2867 245 2915 parationem
260 2878 335 2908 novae
350 2865 535 2916 iustificationis,
553 2867 662 2908 habitum
677 2867 835 2917 poenitentiae
852 2867 942 2910 servari
1011 2905 1012 2908 ,

96 2929 262 2980 autumabant,
279 2931 344 2971 idem
360 2929 483 2980 theologus
501 2932 534 2982 (n.
552 2934 579 2971 75
596 2932 649 2982 lin.)
667 2931 749 2972 monet
763 2942 858 2973 omnem
875 2931 942 2972 habi-
