2214 3350
221 95 299 135 Thesis
314 95 331 132 9.
349 96 413 131 Dona
429 94 559 142 simpliciter
575 71 757 140 supernaturalia
880 92 915 130 17?

135 207 155 245 2.
174 203 279 245 Ecclesia
295 203 420 245 damnavit
436 203 569 245 doctrinam
593 202 646 243 Bali
667 202 692 243 et
715 201 913 244 lansenistarum:

66 269 94 309 Α.
114 268 169 309 «De
185 269 278 319 prima
295 267 421 309 hominis
437 267 579 309 iustitia.»
598 266 652 308 Beli
667 277 703 319 pr.
723 267 749 307 21
772 268 814 319 (Dz
833 267 909 318 ld2l):

66 334 210 374 «Humanae
224 333 324 375 naturae
338 332 477 375 sublimatio
489 333 514 375 et
526 332 639 374 exaltatio
653 332 678 373 in
693 332 838 374 consortium
854 333 914 374 divi-

66 410 111 440 nae
127 398 225 439 naturae
241 398 384 445 dehitaiuit
398 397 528 450 integritati
543 398 636 450 primae
652 397 806 446 condicionis,
822 398 846 439 et
860 410 914 448 pron

65 462 122 503 inde
135 462 251 504 naturalis
265 463 366 504 dicenda
379 462 421 512 est,
436 464 459 504 et
473 474 521 503 uon
535 461 732 514 supernaturalis.
741 480 751 499 >v
768 462 831 504 Haec
844 473 913 514 prop.

64 527 145 577 quoad
165 537 216 566 rem
238 526 360 567 invenitur
380 527 445 577 apud
466 526 552 567 Baium
576 527 636 578 (capi
660 529 671 566 1
693 529 707 567 4
728 527 759 577 6),
784 526 825 566 sed
846 525 914 566 bulla

65 591 163 632 adhibet
185 592 259 632 verba
283 590 398 643 theologis
416 589 510 632 usitata.
537 591 605 639 Quod
630 590 791 649 communiter
814 590 914 632 vocatur

66 654 164 695 naturae
180 654 317 695 sublimatio
334 654 386 704 etc,
404 654 537 695 secundum
552 654 638 694 Baium
654 653 716 694 nihil
730 646 768 695 est
783 652 850 695 aliud
866 653 913 694 nisi

64 716 141 765 status
158 717 273 757 normalis
291 717 391 758 naturae
408 717 536 766 humanae,
556 715 650 758 homini
668 717 791 758 innocenti
809 717 912 757 debitas.

9 787 10 790 ’
65 780 124 821 Ρ1115
140 780 159 820 V
177 779 272 821 econtra
289 780 367 821 docet:
388 779 435 821 Ista
453 779 590 821 sublimatio
607 779 631 821 et
646 779 758 821 exaltatio
776 779 802 821 in
820 782 913 821 consorss

64 842 127 884 tium
144 842 241 883 divinae
258 841 358 884 naturae
376 854 424 883 non
441 843 493 885 erat
511 842 591 884 debita
610 844 710 885 naturae
728 843 842 895 integrae;
861 842 913 885 erat

63 904 261 955 supernaturalis,
280 917 328 946 non
345 905 468 947 naturalis.
487 907 530 948 Est
546 917 623 947 sermo
641 906 670 947 de
688 906 765 955 donis,
784 918 845 957 quae
863 917 912 948 non

63 968 143 1009 solum
162 968 233 1016 vires
256 968 296 1008 sed
317 968 388 1009 etiarn
410 964 539 1019 catamitus
561 969 660 1009 naturae
682 969 858 1011 transcendant.
881 995 913 1001 —e

63 1043 100 1085 pr.
116 1032 146 1073 26
162 1032 183 1084 (e
197 1043 247 1083 cap.
263 1033 299 1084 4);
319 1032 462 1083 «Integritas
476 1033 568 1083 primae
582 1031 708 1074 creationis
722 1043 771 1072 non
786 1033 833 1073 fuit
846 1032 911 1074 inde

62 1095 114 1136 bita
129 1095 248 1136 humanae
265 1095 363 1136 naturae
380 1095 499 1144 exaltati0,
517 1096 558 1136 sed
574 1094 691 1135 naturalis
707 1095 759 1136 eius
775 1095 909 1136 condicio.»

64 1159 126 1210 Ergo
139 1156 184 1199 ista
195 1159 319 1209 primaeva
332 1157 462 1209 integritas,
477 1170 539 1210 quae
550 1169 580 1199 ex
593 1158 672 1199 mente
686 1158 738 1199 Bali
750 1157 824 1199 etiam
837 1157 912 1199 totam

64 1221 181 1261 tustinum
197 1222 319 1262 internam
337 1222 527 1274 comprehendit.
545 1220 579 1263 est
598 1221 705 1263 indebita
722 1220 842 1271 exaltatio,
863 1232 911 1262 non

64 1283 180 1325 naturalis
199 1284 330 1326 condici01.
350 1311 382 1316 -
399 1285 497 1335 Effugia
523 1283 762 1333 lansenistarum,
790 1285 832 1336 qui
858 1284 911 1325 doc-

64 1347 152 1387 trinam
168 1347 264 1388 nonnisi
279 1348 305 1387 in
321 1359 392 1388 sensu
407 1348 594 1388 Protestana'mn
609 1347 719 1388 damnari
734 1339 870 1396 voluerunt,
889 1347 912 1389 et

62 1409 223 1459 Quesnelli‚
235 1410 277 1461 qui
287 1410 333 1451 ista
344 1411 405 1451 dona
415 1421 466 1451 esse
475 1421 590 1462 personae
602 1409 715 1459 indebita,
728 1410 829 1452 naturae
840 1421 911 1452 sanae

62 1472 87 1513 et
103 1472 208 1524 integrae
226 1473 307 1514 dehita
324 1471 457 1523 affirmavit,
476 1473 637 1514 excindantur
661 1473 782 1514 damnatis
806 1473 909 1522 Quesn.

53 1547 131 1589 prop.
147 1538 177 1589 35*
189 1536 213 1577 et
227 1538 254 1576 37
272 1536 314 1587 (Dz
331 1538 462 1588 13851387)
486 1535 667 1581 etauthentica
689 1536 726 1577 Pii
742 1537 775 1577 VI
796 1537 911 1577 adversus

64 1598 258 1639 Pistorienscs
285 1598 478 1650 interpretatione
501 1612 537 1651 pr.
562 1602 588 1640 16
613 1600 656 1651 (Dz
679 1600 756 1651 151611
789 1599 912 1648 Quatenus

61 1661 171 1702 doctrina
180 1661 265 1712 synodi
275 1661 356 1702 innuit
364 1661 452 1703 statum
462 1662 618 1711 innocent-iae,
631 1661 826 1713 complectentem
837 1662 910 1703 etiam

62 1726 179 1767 iustitiam
200 1725 338 1766 interiorem
359 1725 381 1766 et
401 1725 533 1776 impulsum
555 1724 667 1775 caritatis,
692 1724 814 1775 sequelam
835 1726 910 1766 tuisse

61 1788 195 1837 creationis,
211 1788 319 1829 debiturn
332 1799 360 1829 ea
373 1788 477 1829 natarali
490 1788 622 1838 indigentia
636 1788 659 1829 et
672 1788 812 1829 condicione
825 1789 910 1830 huma-

62 1863 108 1893 nae
120 1851 226 1900 naturae,
240 1863 288 1892 non
301 1850 432 1902 gratuitum
446 1851 489 1892 Dei
501 1850 655 1900 beneficium,
668 1851 705 1892 est
717 1851 786 1903 falsa,
803 1862 908 1900 erronea,

61 1915 176 1955 damnata
192 1915 218 1954 in
233 1912 292 1955 Baio
307 1914 331 1955 et
347 1914 489 1963 Quesnellio,
506 1914 591 1955 favens
606 1913 698 1955 haeresi
714 1914 861 1966 pelagianae.
879 1939 911 1946 -—

63 1979 115 2020 Baii
127 1989 162 2032 pr.
177 1979 208 2020 23
220 1977 244 2019 et
255 1978 294 2026 24,
308 1977 364 2019 licet
375 1977 423 2018 iam
436 1976 533 2028 propter
544 1977 645 2017 modam
656 1975 818 2028 impugnandi
833 1977 911 2019 catho-

61 2042 122 2089 licos
137 2041 259 2092 theologos
276 2042 297 2093 («
305 2040 416 2082 Absurde
430 2040 466 2081 est
481 2051 565 2081 eorum
582 2039 726 2089 sententia»,
748 2042 786 2081 «A
802 2040 871 2082 vanis
886 2040 911 2083 et

12 2112 14 2115 ·
60 2104 142 2145 *oticsis
171 2104 318 2152 hominibus
348 2102 479 2154 secundum
508 2102 672 2154 insipientiam
701 2102 909 2154 philosophorum,

60 2166 194 2218 excogitata
213 2167 253 2208 est¹
268 2165 390 2214 sententia,
413 2177 475 2216 quae
501 2166 532 2206 ad
558 2166 763 2216 Pelagianismum
790 2165 911 2208 reicienda

59 2230 124 2282 est»)
147 2230 257 2271 damnari
279 2228 422 2278 mereantur,
439 2229 511 2270 etiam
531 2229 630 2280 propter
649 2230 783 2270 doctrinam
805 2230 830 2270 111
850 2230 911 2281 ipsis

60 2291 197 2334 contentam
221 2291 361 2340 reiciuntnn
384 2291 443 2332 haec
466 2291 531 2333 enim
550 2292 586 2333 est
603 2291 687 2332 eadem
704 2292 776 2343 atque
793 2304 828 2342 ea,
848 2304 911 2344 qnae

60 2368 100 2407 pr.
117 2359 142 2396 21
160 2356 225 2397 1626
241 2354 349 2396 absolate
364 2354 500 2395 damnatur.
518 2354 592 2396 Baius
608 2355 714 2397 admittit
730 2356 814 2405 iidem,
833 2367 908 2407 spem,

130 2504 138 2526 1
153 2504 223 2538 Baius
235 2503 261 2538 in
271 2502 379 2547 Aperopia
391 2501 420 2537 ad
432 2502 499 2538 Plum
511 2502 532 2539 V
541 2502 636 2539 ulterius
649 2502 762 2538 contendit
774 2502 829 2538 haec
843 2503 909 2546 dona,

62 2550 138 2596 utpote
151 2550 226 2586 media
240 2550 367 2586 necessaria
381 2550 410 2585 ad
424 2550 551 2586 naturalem
565 2550 632 2586 finem
646 2550 757 2597 perfectae
771 2551 811 2586 Dei
825 2560 911 2597 posses·

60 2598 137 2641 sionis,
153 2598 223 2633 inisse
238 2597 312 2633 dehita
325 2597 419 2632 naturae
433 2598 553 2642 innocenti,
568 2608 615 2633 non
629 2607 676 2635 esse
691 2598 789 2642 gratiam
804 2607 910 2644 superna-

62 2645 165 2689 turalem,
185 2645 230 2681 nisi
247 2645 365 2691 postquam
380 2645 479 2684 ¹naturae
497 2646 574 2692 lapsae
592 2645 680 2682 reddita
699 2645 751 2689 511161
772 2646 830 2682 sicut
847 2646 910 2682 visus

61 2693 154 2728 eatenus
167 2692 256 2728 tantum
268 2692 311 2728 dici
323 2692 393 2738 possit
405 2693 592 2738 supernaturalis,
607 2694 716 2738 quatenus
731 2694 788 2730 forte
800 2693 910 2730 miraculo

62 2740 179 2776 restitutus
196 2740 230 2777 sit.
249 2741 352 2776 Doctores
368 2749 420 2775 vero
438 2741 577 2781 lovanienses
595 2741 735 2786 agnoverunt
750 2742 776 2777 in
792 2742 828 2778 his
845 2742 910 2778 donis

62 2787 207 2831 «gratuitum
220 2797 303 2824 munus
317 2788 338 2823 et
350 2787 474 2823 indebitum
486 2790 583 2828 naturae
597 2788 727 2826 beneficium
736 2802 754 2826 ».
771 2790 910 2826 universitas

60 2834 241 2870 salmanticensis
256 2835 429 2881 propositionem
444 2836 495 2872 Baii
510 2837 631 2873 declaravit
647 2845 763 2873 erroneam
780 2838 807 2884 (v.
824 2839 853 2874 Le
868 2837 911 2873 Ba-

60 2882 138 2924 caelet,
155 2883 223 2918 DdTlr
237 2882 255 2926 2,
271 2882 295 2919 67
302 2882 340 2926 ss).
358 2920 360 2926 y

104 2963 164 2992 Linon,
175 2963 199 2988 De
210 2962 271 2989 Gratia.
851 2965 873 2993 12
