2214 3350
166 228 167 231 ¹
205 239 241 276 470
355 225 416 276 Seri.
431 240 455 275 V.
469 239 515 276 Art
530 240 558 275 Π.
573 238 696 284 Explicatio
709 238 795 283 gratiae
809 237 903 274 efficacis

204 339 331 391 electionem
347 346 476 389 voluntatis,
493 347 557 383 cuius
574 345 752 381 indifferentiam
768 344 918 381 infallibiliter
935 346 960 381 in
977 353 1048 381 unam

202 399 289 445 partem
302 394 442 443 determinem
456 408 524 444 quare
535 398 579 444 ipsi
591 396 701 433 voluntati
713 396 894 433 indeclinabilem
906 406 983 434 revera
996 405 1047 433 cau-

203 451 240 495 sat
253 451 408 486 necessitatem
423 447 635 487 antecedentem.
651 468 675 475 -
689 449 847 494 Themisteas
859 448 946 487 dicunt:
964 451 987 496 a)
1003 449 1048 485 Ha-

202 502 267 538 betur
285 510 338 537 non
356 502 518 545 necessitas,
539 497 904 546 sed-suppositioantecedens
923 498 1057 545 (Atoorez):.

204 554 324 600 supposita
345 553 584 600 praedeterminatione
608 552 671 589 actus
693 552 718 588 fit
741 553 908 595 necessario,
933 553 972 589 sed
995 561 1047 588 non

202 606 382 642 necessarius.
397 625 421 631 -
433 607 509 650 Resp.
524 604 657 647 Themistae,
673 604 782 650 quatenus
796 604 840 640 sibi
853 604 962 649 constant,
978 605 1046 640 istam

202 658 378 703 suppositionem
392 657 425 693 ita
437 657 570 698 describunt,
586 657 611 692 ut
625 655 650 691 in
665 656 794 702 quaestione
808 655 919 692 libertatis
933 665 1045 702 prorsus

203 704 377 754 aequivaleat
392 708 553 744 necessitati
569 707 752 744 antecedenti.
770 709 828 744 Nam
844 708 967 755 suppositio
983 716 1046 754 prae-

202 760 393 796 determinationis
411 760 481 795 oritur
496 759 671 804 independenter
688 769 702 795 o
720 759 833 795 voluntate
852 761 874 796 ct
891 760 1045 795 antecedenter
1091 769 1092 772 ¹

202 809 232 847 ud
249 811 377 847 electionem
394 811 486 846 liberum
503 811 642 854 determinat,
660 812 685 847 ut
702 811 806 848 voluutas
823 820 894 847 unum
910 811 974 849 velit·
986 812 1045 856 Ergo

201 872 252 899 eam
265 863 339 909 privat
354 862 500 909 possibilitate
515 862 612 908 eligendi
626 863 685 899 inter
699 862 765 909 plura
780 863 826 899 sive
841 864 936 910 imponit
950 865 1045 899 necessi-

202 917 269 951 totem
285 915 451 951 antecedentem
466 914 604 960 destruitque
619 915 751 951 libertatem.
767 935 791 941 -
803 916 825 961 b)
843 917 904 952 Haeo
920 916 1043 962 suppositio

201 967 333 1003 antecedens
350 976 401 1012 «per
415 967 506 1002 modum
519 966 620 1002 linientis
635 967 657 1003 et
672 967 818 1003 confortantis
834 969 855 1003 et
871 967 988 1003 dulciter
1003 967 1044 1003 de·

199 1019 394 1054 terminantis»
406 1019 480 1054 influit
494 1018 615 1066 (Rispolis).
628 1039 653 1044 —
663 1020 742 1065 Resp.
757 1019 807 1054 Ant
819 1021 852 1055 est
864 1020 911 1055 tarn
924 1030 935 1051 c
944 1018 1015 1054 dulcis
1023 1031 1042 1061 c,

199 1070 225 1105 ut
239 1072 301 1105 actus
318 1070 432 1115 oppositus
449 1071 477 1105 sit
493 1070 661 1115 compossibilia
678 1072 700 1107 et
715 1070 826 1107 receditur
843 1082 857 1108 a
873 1071 1043 1107 Baitezianismo

199 1130 269 1167 neque
288 1122 411 1167 explicatur
428 1122 507 1167 triplex
525 1122 684 1166 infallibilita53
702 1123 749 1159 aut
764 1123 923 1158 incuitabiliter
941 1122 1044 1169 producit

199 1175 273 1210 actum
289 1174 310 1210 et
326 1175 386 1210 dulci
402 1184 444 1210 sua
458 1175 480 1209 vi
496 1174 605 1210 interimit
620 1175 750 1211 libertatem¹
768 1194 792 1200 ——
807 1176 827 1221 c)
846 1175 934 1211 inducit
949 1175 1043 1211 necessi-

199 1226 268 1262 tatem
286 1226 497 1271 consequentiae
518 1227 613 1269 tantum,
636 1235 689 1262 non
709 1225 902 1271 consequentis
926 1225 1040 1272 (Atcurez).

198 1297 222 1303 -
235 1278 313 1323 Resp.
332 1279 392 1313 Haec
409 1278 520 1314 distinctio
537 1278 595 1314 sicut
609 1279 671 1324 prior
689 1279 737 1325 (sub
754 1280 775 1325 a]
793 1278 851 1314 recte
868 1278 986 1314 adhibetur
999 1277 1043 1313 hoc

199 1330 275 1367 modo:
292 1330 325 1365 Ex
337 1330 498 1375 propositione:
517 1330 595 1366 «Deus
609 1331 720 1376 praevidit
733 1330 846 1366 hominem
860 1330 972 1366 iacturum
987 1338 1043 1376 opus

199 1382 297 1418 salutare
306 1395 329 1426 »p
342 1382 472 1418 necessitate
488 1381 657 1427 consequentiae
671 1381 797 1418 deducitur:
817 1382 883 1418 «Hoc
898 1391 953 1427 opus
969 1390 1042 1418 neccs-

198 1434 258 1469 sario
273 1433 317 1470 fiet.
328 1446 338 1466 o
357 1434 397 1469 Est
413 1432 533 1469 necessitas
552 1443 578 1470 ex
595 1433 756 1470 infallibilitate
774 1433 863 1469 divinae
880 1433 1042 1479 praescientiae

199 1485 267 1529 topice
282 1485 382 1521 deducta.
399 1485 431 1520 Ex
445 1494 472 1521 ea
486 1485 535 1521 sola
548 1485 607 1520 certe
620 1484 684 1520 nulla
698 1485 798 1530 sequitur
812 1484 933 1521 necessitas
948 1485 1042 1530 physica

197 1537 268 1583 ipsius
285 1537 358 1582 operis
374 1536 532 1581 consequentis.
552 1537 611 1572 Nam
628 1538 647 1572 si
663 1537 722 1572 Deus
739 1536 780 1572 hoc
799 1546 854 1582 opus
871 1537 939 1573 libere
956 1536 1042 1573 factum

196 1590 225 1626 iri
241 1590 358 1636 praevidit,
374 1589 421 1624 iam
437 1588 542 1634 supponit
559 1587 636 1624 divina
651 1588 762 1634 praevisio
778 1588 906 1625 exercitium
922 1588 1039 1631 libertatis,
1105 1611 1106 1622 2

197 1643 218 1677 et
233 1641 354 1677 necessitas
370 1640 403 1676 est
418 1649 472 1686 pure
487 1648 631 1684 consequens,
648 1648 692 1685 qua
708 1639 799 1676 libertas
816 1650 861 1676 non
877 1640 979 1676 laeditur.
998 1640 1041 1676 sed
1105 1647 1106 1669 ἐ

196 1695 217 1730 si
233 1696 291 1730 Deus
310 1692 437 1729 absolutum
453 1692 571 1734 decretrun
588 1692 647 1737 quod
664 1691 713 1727 sine
730 1693 832 1738 respectu
849 1692 938 1729 futurae
956 1692 1040 1729 liberae

196 1745 314 1781 decisionis
327 1745 439 1779 humanae
451 1743 510 1785 iecit,
524 1752 549 1778 eo
561 1744 626 1778 modo
640 1744 772 1789 exsequitur7
787 1744 812 1779 ut
825 1744 909 1790 ipsein
922 1745 1040 1781 arbitrium
1104 1765 1106 1793 3

195 1798 275 1844 influat
292 1798 368 1843 otique
384 1796 479 1831 motione
497 1796 597 1841 physica,
615 1804 671 1840 quae
689 1805 714 1831 ec
729 1805 770 1831 suu
786 1797 870 1831 notura
885 1805 956 1831 unum
971 1795 1040 1832 deter—
1104 1795 1105 1822 t

195 1850 306 1885 minatum
330 1848 404 1884 actum
427 1846 576 1883 infallibiliter
598 1846 707 1891 producit,
726 1847 793 1883 etiam
811 1849 885 1892 ipsum
904 1856 1039 1893 consequens

196 1902 237 1937 erit
254 1901 385 1945 simpliciter
400 1899 557 1934 necessarium.
576 1917 600 1923 —
616 1899 637 1945 d)
656 1899 781 1935 Necessitas
797 1899 871 1946 potius
889 1901 928 1935 est
946 1907 1039 1935 conco·

194 1955 294 1990 mitens
306 1962 373 1999 quarn
384 1952 516 1988 antecedens
528 1951 601 1997 (multi
611 1952 744 1988 recentiores
756 1952 889 1996 Themistae;
901 1954 926 1989 ci.
941 1952 1039 1999 systema
1103 1950 1106 2001 l

195 2008 342 2044 Scotistcrum
353 2015 374 2041 n.
388 2005 424 2042 609
435 2005 485 2049 617).
498 2024 522 2030 —
532 2006 610 2050 Resp.
624 2005 698 2040 Licet
708 2005 827 2050 tempore
840 2006 868 2041 sit
880 2005 1037 2048 concomitans,

194 2060 270 2095 tamen
282 2059 392 2102 natura,
408 2058 453 2094 scil.
469 2058 494 2093 in
509 2058 585 2093 ordine
600 2067 681 2094 causae
696 2057 810 2093 efficientis
824 2059 941 2103 praecedit.
960 2059 983 2096 st
997 2059 1038 2094 hoc
1102 2066 1106 2107 ἢ

194 2113 295 2157 negatur,
316 2111 450 2157 relinquitur
468 2113 538 2146 toturn
558 2112 655 2156 systema
672 2111 693 2147 et
712 2111 802 2156 ponitur
822 2120 942 2147 concursus
963 2111 1039 2147 simul·
1103 2131 1105 2133 -

194 2167 280 2207 teneus,
297 2166 335 2210 qui
350 2165 397 2200 sine
412 2163 505 2200 scientia
519 2164 594 2199 media
608 2164 665 2199 nihil
680 2164 780 2210 explicat.
796 2183 820 2189 -
834 2166 854 2211 e)
870 2165 927 2200 Non
942 2165 1038 2211 pertinet
1063 2157 1065 2162 ’
1101 2166 1105 2212 ᾗ.

195 2218 227 2253 ad
245 2218 334 2253 actum
352 2216 476 2262 primum,
495 2217 534 2252 sed
553 2217 582 2252 ad
601 2216 675 2252 actum
694 2217 840 2252 secundum
855 2217 994 2264 corcosson).
1014 2237 1039 2243 -
1101 2215 1103 2259 ξ

194 2271 272 2316 Resp.
289 2270 329 2305 Est
346 2279 415 2305 causa
431 2269 559 2305 efficiens
576 2270 638 2304 ectus
656 2270 753 2306 secundi.
771 2271 840 2307 secus
858 2270 955 2315 systema
972 2271 1038 2307 relin-

194 2324 269 2368 quitur
283 2332 324 2359 nec
338 2323 459 2367 quidquam
474 2322 602 2368 explicatur.
617 2342 641 2347 -
654 2323 671 2368 t)
684 2324 724 2358 list
738 2323 890 2360 necessitas
905 2324 1038 2371 simplici·

193 2378 233 2412 ter
249 2385 415 2420 consequens
430 2375 505 2411 actum
519 2375 584 2411 liberi
600 2375 687 2411 arbitrii
705 2376 824 2423 (Bitlucrt).
842 2378 900 2413 Nam
915 2379 1036 2414 necessitas
1100 2372 1105 2423 {J

193 2439 237 2465 non
256 2430 289 2466 est
308 2429 430 2465 derivanda
448 2439 474 2465 ex
493 2429 579 2465 decreto
597 2429 679 2474 divino,
699 2431 738 2466 sed
757 2440 782 2465 ec
799 2431 957 2476 suppositione,
978 2431 1037 2475 quod

193 2484 295 2519 colrcntcs
310 2484 385 2518 creato
397 2492 474 2518 renero
489 2483 547 2518 hunc
562 2485 636 2518 ectum
650 2483 718 2528 ponit.
732 2503 756 2509 —
768 2485 847 2529 Resp.
863 2485 887 2521 Si
900 2485 955 2521 haec
968 2486 1037 2520 verba
1099 2479 1106 2530 {j

192 2537 314 2573 secundum
335 2536 464 2572 consuetum
486 2545 576 2571 sensum
594 2545 681 2571 sumere
701 2536 758 2579 licet,
780 2538 840 2573 valet
858 2538 887 2581 id,
910 2539 969 2582 quod
989 2539 1036 2573 iam
1099 2542 1101 2570 ῑ

191 2589 327 2625 Albertini
342 2590 364 2625 Ο.
382 2590 405 2625 Ρ,
423 2589 449 2624 de
463 2588 597 2625 Banezianis
612 2590 709 2628 dixerat:
728 2602 739 2622 c
748 2590 806 2625 Cum
817 2585 908 2626 ventum
923 2591 990 2627 tuerit
1006 2592 1036 2626 ad

192 2642 331 2684 obiectiones,
350 2642 384 2686 pie
402 2643 423 2676 et
439 2642 551 2686 supienter
569 2651 582 2677 c
600 2651 639 2677 suo
655 2644 775 2687 systemate
793 2644 923 2680 recedunt„
943 2644 1000 2679 Nem
1016 2645 1035 2679 si

192 2697 312 2732 necessitas
326 2697 389 2732 actus
403 2706 447 2741 que
461 2705 597 2741 consequens
611 2698 657 2733 iam
671 2698 776 2744 supponit
791 2699 889 2734 eiusdem
903 2699 966 2735 actus
981 2702 1035 2735 exsi-

192 2749 297 2785 stantiam
317 2749 386 2785 libero
408 2750 500 2785 arbitrio
523 2750 700 2795 determinatam,
722 2752 795 2787 omnis
815 2752 891 2797 utique
913 2753 1035 2788 necessitas

192 2803 323 2838 antecedens
337 2803 426 2839 tollitur.
445 2804 487 2839 Sed
502 2803 570 2839 etiam
584 2805 655 2840 cessat
669 2813 732 2841 omne
748 2805 860 2841 decretum
875 2806 981 2848 divinum,
997 2808 1035 2842 ab·

191 2855 261 2891 solute
272 2855 293 2890 et
305 2856 478 2901 independenter
490 2857 518 2892 ab
532 2855 636 2893 electione
649 2858 764 2894 creaturae
777 2860 818 2894 sub
831 2859 959 2895 condicione
972 2869 1034 2905 prae·
1097 2854 1106 2902 ἐξ

190 2909 238 2944 visa
250 2908 336 2944 iactum
348 2909 369 2944 et
381 2910 550 2954 exsequendum,
566 2919 608 2954 quo
620 2910 769 2946 infallibiliter
782 2911 967 2948 determinaretur
980 2913 1034 2948 exsi-
1096 2908 1104 2955 '3ss

190 2961 272 2997 stantia
284 2961 348 2997 actus
361 2961 472 2997 saluteris.
489 2962 652 3006 Consequenter
665 2963 839 3009 praedestinatio
852 2965 938 3009 gratiae
952 2965 1034 3001 intelli·
1097 2973 1102 2999 z

190 3014 263 3064 biliter
277 3013 371 3050 efficacis
386 3024 400 3050 a
413 3016 457 3051 Dec
471 3015 533 3050 nullo
548 3015 592 3050 alio
605 3016 670 3051 modo
684 3016 732 3052 fieri
745 3016 826 3063 posset,
842 3019 886 3054 nisi
900 3027 931 3060 eo,
947 3019 971 3054 ut
985 3019 1033 3065 ipse
