2214 3350
240 181 316 218 Thesis
331 173 494 227 11.'Dispositio
507 189 547 226 per
560 179 626 216 fidem
640 179 739 224 aliosque
753 180 815 214 actus
916 176 953 214 235

41 309 43 312 >
103 289 285 341 dispositionem
307 300 354 330 seu*
368 287 575 339 praeparationem
597 285 735 329 iustificatio
756 287 808 336 ipsa
828 286 952 337 consequi-

103 354 172 395 tur.»
196 353 310 401 Mensura
332 351 447 393 iustitiae*
460 350 566 401 receptae
590 350 625 391 est
648 350 781 390 secundum
803 349 951 390 voluntatem

103 415 210 467 Spiritus
222 415 301 456 Sancti
312 415 335 456 et
347 431 357 452 «
366 413 632 464 secundum-propriam
644 413 760 463 cuiusque
771 411 951 463 dispositionem

102 480 127 521 et
138 477 354 529 cooperationem».
367 478 427 519 Dein
442 478 485 529 (ΒΖ
497 477 546 528 800)
561 477 632 518 etiam
645 475 831 526 correspondens
844 474 951 527 doctrina

105 541 232 582 habituum
249 542 329 582 contra
346 540 505 582 protestantes
523 531 627 588 docetur,
647 539 697 579 scil.
715 549 764 579 non
782 537 857 579 solam
876 537 951 578 iidem

101 605 155 646 sine
168 616 209 656 spe
222 604 244 645 et
257 604 352 645 caritate
364 603 468 655 perfecte
482 602 550 643 unire
564 614 619 643 curn
634 602 727 643 Christo
740 613 817 653 neque
830 601 951 652 praestare

101 678 172 719 posse
186 667 261 708 vitam
275 667 404 708 aeternam.
421 667 457 707 (li.
474 677 525 706 can.
543 669 569 706 19
586 667 628 717 (ΒΖ
643 666 702 717 829).
718 692 750 696 -
763 667 797 706 De
812 664 950 705 necessitate

104 729 303 782 poeniteutiae
332 731 364 771 ad
393 729 583 780 recuperandam
611 726 728 769 iustitiam
758 727 872 768 amissam
901 726 951 777 agit

104 804 157 847 cap.
175 794 201 834 14
219 794 260 845 (ΒΖ
274 794 322 844 807)
338 794 394 834 ets.
411 794 438 833 ll
454 803 504 843 cap.
519 796 531 833 1
546 794 567 841 43
582 804 634 833 can.
649 795 662 833 4
676 794 689 832 5
705 792 747 843 (ΒΖ
762 794 803 832 894
816 793 858 832 897
871 791 949 842 914s);

102 857 134 897 ci.
148 855 220 897 etiam
232 856 314 897 Luth.
328 868 364 907 pr.
379 859 423 897 lis
438 856 480 909 (ΒΖ
492 858 531 896 751
540 851 559 908 s)
574 855 597 897 11
610 856 714 905 Quesn.
728 867 765 906 pr.
779 858 805 896 68
819 854 863 906 (ΒΖ
877 854 948 905 1418).

173 936 233 976 Hinc
250 936 346 977 docente
364 935 468 976 Ecclesia
485 939 504 976 1.
523 935 655 987 requiritur
671 934 759 985 aliquis
776 935 853 975 bonus
870 934 949 975 motus

101 999 239 1047 voluntatis,
262 1011 308 1050 quo
329 999 400 1040 lromo
422 1000 453 1040 ad
475 1010 543 1039 suam
565 998 743 1039 conversionem
766 997 947 1049 cooperatur,

101 1074 130 1103 se
150 1063 303 1113 prae-parat
322 1062 344 1103 et
364 1061 494 1113 disponit
513 1062 544 1102 ad
564 1061 719 1102 obtinendam
739 1061 841 1112 gratiam
862 1060 948 1109 iustili-

100 1125 210 1166 cationis.
227 1126 254 1165 ld
268 1124 337 1165 obuio
354 1136 425 1165 sensu
440 1124 587 1166 intellectum
602 1125 637 1165 est
651 1125 706 1175 plus
722 1136 796 1175 quam
810 1135 858 1164 non
875 1125 948 1174 impe-

87 1179 154 1229 ¹dire
169 1188 270 1238 gratiam
285 1187 322 1228 vel
337 1188 409 1228 etiam
425 1198 499 1238 quam
513 1198 601 1237 ponere
616 1198 708 1228 meram
724 1187 896 1228 condicionem.
913 1188 949 1227 Ex
1011 1236 1013 1239 .

101 1251 176 1292 altera
196 1250 276 1291 autem
296 1250 362 1301 parte
383 1261 431 1290 non
451 1251 486 1291 est
505 1262 532 1291 ea
554 1249 676 1301 dispositio
697 1249 802 1298 moralis,
824 1262 885 1301 quae
906 1261 949 1300 per

102 1314 202 1355 modurn
218 1314 297 1353 arderici
313 1315 392 1353 stricte
409 1314 466 1353 dicti
483 1313 677 1354 iustificationem
694 1313 773 1363 exigat
791 1314 817 1365 (5.
836 1317 849 1354 6
866 1325 917 1364 cap.
935 1309 948 1353 8

100 1378 145 1435 [Da
161 1377 229 1435 801]).
246 1378 308 1417 Deus
323 1377 420 1427 propter
436 1375 616 1426 dispositionem
631 1377 748 1417 remotam
764 1376 830 1417 dabit
845 1376 948 1427 gratiam

100 1441 131 1480 ad
144 1439 347 1490 propinquiorem,
361 1439 391 1487 11,
404 1439 447 1479 uhi
459 1439 566 1489 primum
578 1440 688 1490 proxima
701 1439 823 1489 dispositio
836 1439 946 1487 habetur,

100 1501 262 1543 infallibiliter
278 1502 399 1542 iustificat.
419 1501 541 1550 Quatenus
558 1501 681 1552 dispositio
700 1503 735 1543 est
752 1514 821 1543 causa
840 1503 948 1550 moralis)

100 1565 285 1616 propterquam
300 1565 364 1605 Deus
379 1564 500 1614 iustificat,
517 1564 598 1606 induit
612 1565 720 1615 aliquam
736 1565 852 1606 rationem
868 1565 948 1605 meriti

96 1628 130 1668 de
142 1639 245 1679 copprea
257 1627 294 1668 rel
307 1628 390 1668 saltem
401 1627 584 1679 impetrationis.
596 1652 628 1657 —
638 1632 659 1669 2.
673 1629 770 1669 Praeter
781 1628 856 1669 iidem
870 1628 947 1679 requi-

102 1691 188 1731 runtur
206 1689 258 1731 alii
277 1690 367 1731 actus.
389 1690 436 1731 Hoc
457 1690 540 1731 saltem
560 1691 585 1731 in
604 1702 690 1741 genere
709 1691 832 1740 definitur,
854 1684 947 1742 etspe-

99 1753 182 1794 eiatim
201 1754 231 1794 ad
250 1751 444 1793 tristificationem
463 1753 593 1802 peccatoris
611 1754 743 1803 personalis
763 1754 829 1794 actus
848 1755 947 1804 poeni-

100 1816 207 1857 tentiae
225 1815 375 1867 definiuntur
392 1815 525 1856 necessarii.

100 1926 156 1966 329.
192 1927 212 1965 3.
235 1924 303 1966 Fides
330 1924 490 1975 dogmatice
516 1925 579 1965 clare
605 1925 749 1976 exprimitur
776 1922 828 1966 s'd
856 1935 907 1977 cap.
931 1926 945 1965 6

102 1989 144 2039 (ΒΖ
161 1988 225 2039 798);
248 1988 340 2028 «iidem
364 1999 392 2028 ec
415 1988 498 2028 auditu
522 1988 726 2039 concipientes...
745 1987 867 2030 credentes
890 2000 946 2030 vera

98 2061 157 2099 1551,
184 2062 244 2105 quae
269 2050 385 2091 divinitus
410 2052 512 2091 revelata
532 2050 555 2091 11
569 2051 691 2101 promissa
710 2051 772 2100 sunt,
794 2052 865 2102 atque
885 2051 946 2092 illud

99 2112 220 2164 imprimis
235 2126 248 2154 a
262 2113 310 2154 Deo
325 2113 452 2155 iustificari
468 2114 570 2164 impium
585 2125 628 2163 per
643 2113 745 2164 gratiam
760 2113 818 2163 eius,
835 2126 896 2165 quae
911 2115 947 2155 151

98 2176 126 2216 in
144 2175 236 2217 Christo
254 2177 333 2217 Iesu».
352 2177 414 2217 Haec
431 2176 493 2217 fides
510 2178 642 2217 secundum
660 2189 711 2227 cap.
730 2181 742 2218 8
763 2177 804 2229 (ΒΖ
822 2178 872 2228 801)
893 2179 946 2218 «151

97 2238 219 2280 humanae
235 2239 318 2279 salutis
335 2239 440 2286 initium,
458 2239 643 2280 tundamentum
659 2241 682 2281 et
699 2240 768 2297 radix
784 2241 864 2281 omnis
879 2239 946 2282 iusti-

97 2302 246 2342 iicationis».
262 2301 402 2343 Vaticanum
418 2302 500 2349 iidem,
519 2314 598 2352 «quae
614 2304 734 2344 humanae
750 2302 833 2344 salutis
848 2303 945 2344 initium

96 2364 161 2413 est»,
177 2364 358 2415 diligentissime
373 2364 496 2414 tamquam
512 2365 672 2415 dogmaticam
688 2366 811 2407 describit:
834 2378 913 2417 «qua.

95 2427 129 2467 ab
145 2438 171 2468 eo
188 2428 255 2485 [Deo]
271 2427 373 2468 revelata
387 2438 444 2468 vera
460 2438 508 2468 esse
525 2428 646 2469 credimus
663 2429 803 2479 ...propter
819 2430 945 2471 auctorita·
979 2433 980 2436 ’

96 2489 147 2530 tem
161 2489 236 2540 ipsius
249 2490 291 2531 Dei
306 2489 450 2531 revelantis»
469 2491 510 2542 (ΒΖ
525 2492 597 2542 1789).
613 2492 647 2533 De
661 2492 706 2533 hac
720 2492 769 2532 fide
784 2492 863 2532 docet:
884 2494 945 2534 «Ne-

95 2553 159 2592 mini
171 2564 278 2604 unquam
291 2554 341 2593 sine
355 2553 396 2593 illa
409 2552 507 2603 contigit
520 2552 658 2595 iustificatio
667 2573 676 2591 n
694 2555 735 2607 (ΒΖ
749 2555 820 2606 1793).
835 2581 867 2586 -
879 2556 945 2596 Anti-

97 2614 214 2665 quissima
227 2615 311 2668 'praxis
330 2611 451 2657 Ecclesiae
468 2616 542 2666 exigit
560 2629 573 2657 a
591 2616 774 2665 catechumenis,
794 2618 820 2659 ut
838 2619 869 2659 ad
887 2619 944 2670 hap-

95 2677 197 2719 ·tismum
215 2689 239 2718 se
256 2674 398 2728 praeparent
416 2677 553 2719 recitatione
570 2680 741 2730 principalium
761 2680 901 2731 cormacum
919 2680 944 2722 in

95 2741 205 2789 symbolo
224 2740 375 2782 collectorum
383 2742 398 2780 1.

160 2858 168 2879 1
189 2857 402 2893 «Remissionem
420 2856 610 2900 peccatorum»
631 2857 726 2902 symboli
744 2858 861 2902 apostolici
880 2858 945 2904 expli-

96 2903 135 2938 cat
153 2903 277 2947 symbolum
296 2902 562 2947 constantinoporitanum
589 2904 626 2949 (ΒΖ
645 2903 689 2949 86):
718 2905 851 2940 «Confiteor
874 2915 945 2940 unum

98 2948 210 2993 baptisma
226 2949 249 2983 in
265 2948 418 2984 remissionem
435 2949 581 2992 peccatorum.
591 2963 601 2982 »
619 2950 678 2994 Ergo
695 2950 736 2986 hoc
753 2951 847 2987 articulo
864 2960 945 2996 nequa-

96 3001 166 3036 quam
181 2994 318 3038 intellegitur
332 2994 386 3030 fides
401 2992 512 3029 fiducialis
529 2995 574 3030 sive
590 2995 699 3039 specialis,
