2214 3350
183 145 221 184 232
326 146 381 184 Seot.
395 146 439 182 1ΙΙΙ.
458 146 502 182 Α11.
522 146 539 181 Ι,
552 146 588 185 ,115
603 153 708 191 processu
723 143 889 180 iustificationis

184 255 239 296 324.
275 256 296 295 3.
312 253 456 297 Adversarii.
472 249 638 295 Protestantes
654 252 742 293 veteres
757 252 796 292 his
809 251 921 302 quattuor
934 251 1032 293 assertis

161 343 163 346 ι
185 317 351 359 adversantur.
378 317 478 359 Dooent:
508 316 531 367 a)
552 314 650 356 Peoeato
670 314 789 365 originali,
816 314 832 354 i.
853 326 873 356 e.
895 313 1032 356 inordinata

185 379 384 432 eoncupiscentia,
400 379 495 421 omnia
510 376 636 419 hominis
651 388 736 428 opera
752 378 775 419 et
789 378 843 419 ante
859 377 882 419 et
896 377 950 429 post
964 377 1031 419 iusti-

184 444 322 487 ficationem
338 444 371 485 ita
386 442 535 492 inficiuntur,
552 441 579 482 ut
594 439 620 482 in
635 452 660 482 se
676 441 823 483 considerata
839 441 887 482 sint
901 440 1028 492 peooata;

183 519 257 559 quare
273 519 353 549 eoram
369 508 415 548 Deo
432 504 527 546 nullum
542 505 649 545 valorem
665 504 781 545 moralem
796 504 885 545 habent
901 515 944 546 neo
960 503 1042 555 quid-v

183 566 257 622 quam
269 571 376 611 conferre
388 568 487 620 possunt
498 568 530 608 ad
542 567 737 608 iustificationem
749 567 788 609 vel
801 566 902 609 salutem
914 566 1027 609 hominis.

182 634 263 685 Neque
278 634 340 674 tides
354 631 475 673 fiducialis
490 642 537 682 qua
551 631 629 671 bonus
644 626 722 672 motus
738 630 787 672 sive
802 642 862 681 opus
877 630 1027 671 meritorium

181 697 219 737 vel
237 695 404 746 dispositivum
420 694 553 745 quidquam
570 693 628 734 boni
646 693 733 734 causat.
753 694 794 735 Est
811 705 900 744 purum
926 695 1031 749 ὄργανον

180 759 300 814 iniierunt),
310 758 496 799 instrumentum
510 757 560 798 sive
571 767 621 805 vas,
636 768 683 807 quo
695 755 781 798 merita
795 757 883 798 Christi
896 756 1028 807 apprehen-

182 823 278 869 duntur,
293 831 387 870 manus,
402 832 463 871 quae
477 818 562 871 accipit
575 820 757 870 eleemosynam,
773 820 820 860 olla
834 819 941 870 pecuniis
955 820 1028 860 reter-

181 885 211 934 ta,
229 885 269 925 sed
285 885 337 935 ipsa
352 883 418 924 omni
434 882 513 924 valore
529 893 619 923 oarens.

240 976 301 1020 Apol,
320 975 380 1021 doni.
398 975 453 1019 Anu.
471 984 491 1010 a.
508 974 520 1009 4
535 984 556 1010 n.
574 973 609 1010 56:
630 986 640 1007 a
648 974 706 1009 Nam
721 972 776 1010 fides
792 982 838 1009 non
853 974 903 1009 ideo
918 972 1025 1010 iustificat

179 1028 219 1064 aut
234 1027 313 1071 salvat,
330 1027 383 1072 quia
397 1027 448 1072 ipsa
462 1026 491 1061 sit
505 1034 560 1071 opus
574 1034 614 1071 per
629 1035 677 1061 sese
692 1026 792 1070 dignum,
809 1026 847 1061 sed
861 1025 955 1069 tantum,
973 1026 1027 1070 quia

178 1079 258 1126 accipit
273 1079 451 1115 misericordiam
465 1079 600 1123 promissam
608 1091 618 1110 n
638 1078 731 1123 (Miller,
750 1077 824 1123 Symb.
842 1078 929 1113 Bucher
944 1087 965 1123 p.
984 1077 1022 1124 96).

111 1138 112 1142 ’
177 1152 203 1160 —
215 1130 301 1168 calvini
313 1131 427 1166 Institutio
439 1130 477 1168 rel.
492 1130 566 1166 chrisi.
582 1129 645 1177 (1559)
659 1130 672 1165 l.
687 1130 698 1166 3
710 1140 726 1166 o.
742 1129 764 1165 11
776 1132 786 1176 t
798 1130 809 1166 7
823 1129 867 1175 (CR
879 1130 902 1166 30
916 1130 987 1177 [Caiv.
1001 1131 1023 1177 2]

178 1182 235 1229 538)2
255 1183 351 1218 «Fidem
366 1191 417 1217 vero
433 1183 498 1227 quasi
513 1181 562 1218 vasi
577 1181 723 1218 conterimus.
733 1209 752 1219 ..
770 1183 845 1227 Neque
861 1181 920 1218 enim
936 1182 1025 1217 diversa

178 1235 237 1270 ratio
250 1234 289 1277 est,
304 1234 359 1279 quin
370 1233 431 1277 fides,
446 1234 533 1270 etiamsi
545 1233 631 1269 nullius
643 1243 683 1279 per
696 1244 718 1269 se
732 1234 848 1279 dignitatis
862 1234 890 1270 sit
902 1235 937 1269 vel
949 1234 1023 1279 pretii,

178 1296 219 1323 nos
233 1286 337 1323 iustificat
352 1287 465 1324 Christum
480 1286 598 1328 atterendo,
614 1286 671 1322 510111
686 1286 730 1321 olla
743 1285 844 1332 pecuniis
859 1286 941 1322 referta
955 1286 1024 1321 homi-

177 1347 230 1374 nem
244 1338 404 1384 locupletat...
422 1338 599 1374 Instrumenturn
614 1338 646 1373 est
662 1337 777 1373 dumtaxat
792 1337 946 1384 percipiendae
961 1338 1024 1373 iusti·
1095 1340 1096 1343 ’

177 1390 249 1427 tiae.»
265 1409 288 1416 -
303 1391 364 1434 Quae
378 1390 433 1426 fides
449 1390 570 1426 secundum
586 1390 731 1425 Lutherum
748 1391 769 1425 et
784 1389 901 1434 rigidiores
917 1390 1023 1425 Lnthera-

176 1451 217 1477 nos
235 1442 268 1477 ita
285 1452 300 1478 a
318 1442 339 1478 S.
360 1441 444 1487 Spiritu
462 1441 560 1484 efficitur,
580 1441 605 1476 ut
623 1442 688 1476 homo
706 1442 775 1477 vetuti
792 1442 891 1484 inanime
911 1441 1022 1486 quoddam

176 1493 235 1528 nihil
249 1494 339 1529 omnino
354 1494 407 1538 agat
421 1501 523 1538 mareque
539 1493 626 1538 passive
642 1503 665 1529 se
680 1493 761 1530 habeat
778 1493 812 1538 (oi¹
829 1493 924 1539 111814).
943 1495 1022 1530 secun-

175 1545 229 1580 dum
247 1545 482 1582 Melanchthonem
500 1546 609 1580 seniorem
627 1545 726 1590 aliosque
743 1546 843 1581 mitiores
861 1546 926 1581 homo
945 1545 1021 1590 aliquo

174 1597 240 1632 modo
256 1597 392 1642 cooperatur.
409 1597 471 1633 Haec
488 1597 696 1633 «controversia
711 1597 916 1642 synergistica»
935 1608 954 1634 a.
974 1598 1022 1634 1577

176 1648 301 1683 «Formula
319 1648 472 1684 Concordiae»
490 1649 669 1695 compositaest3
686 1650 712 1686 ei.
732 1650 775 1686 soi.
794 1650 879 1686 nectar.
898 1650 915 1686 2.
934 1652 965 1686 De
981 1650 1018 1687 lib.

174 1699 221 1735 arb.
241 1699 329 1746 (Miiller
344 1710 365 1746 p.
382 1699 418 1737 587
425 1701 464 1748 ss),
480 1700 519 1736 ubi
535 1701 608 1736 status
624 1701 760 1746 quaestionis
778 1702 894 1747 exponitur
911 1703 932 1738 et
948 1703 1020 1738 omnis

174 1751 300 1797 cooperatio
317 1752 420 1796 negatum
437 1761 457 1790 v.
477 1762 496 1797 g.
515 1762 536 1789 n.
555 1752 580 1788 24
600 1753 627 1798 (p.
646 1752 702 1800 591);
723 1754 794 1789 Homo
813 1754 889 1789 «nihil
906 1754 1018 1796 inchoare,

173 1805 263 1850 operari
281 1805 321 1841 aut
339 1806 453 1851 cooperari
471 1803 549 1850 potest,
569 1813 610 1840 nec
628 1804 679 1850 pius
698 1814 766 1850 quam
784 1805 849 1851 lapis,
868 1806 961 1842 truncus
980 1807 1020 1842 aut

172 1857 240 1892 limus
248 1867 267 1900 ιη
281 1866 303 1893 n.
318 1856 342 1893 59
357 1858 385 1903 (p.
400 1855 457 1903 602):
475 1856 522 1891 «Ei
534 1857 577 1891 hae
591 1856 615 1891 in
628 1857 690 1902 parte
704 1857 774 1893 multo
789 1858 821 1893 est
835 1858 930 1894 deterior
944 1858 1018 1903 lapide

174 1909 213 1943 aut
228 1908 314 1952 trunco,
331 1909 385 1952 quia
400 1907 511 1953 repugnat
526 1909 593 1944 verbo
610 1908 630 1946 et
645 1908 755 1944 voluntati
771 1910 837 1946 Dei.»

173 2038 229 2080 325.
264 2039 289 2090 b)
321 2039 385 2080 Sole
412 2038 488 2089 tides
515 2039 617 2080 exclusis
644 2040 756 2080 omnibus
782 2040 837 2081 aliis
864 2040 956 2082 actibus
983 2042 1018 2083 est

173 2101 397 2143 instrumentum
417 2101 548 2152 arripiendi
569 2102 692 2143 iustitiam.

192 2214 193 2217 =
233 2196 294 2241 Apol.
312 2196 407 2240 coniers.
424 2196 516 2240 Auqusl.
533 2205 553 2231 a.
569 2194 581 2230 4
596 2204 616 2233 n.
633 2194 658 2231 72
673 2195 761 2241 (Miiller
775 2205 795 2241 p.
813 2194 868 2241 100);
888 2196 959 2232 «11150
973 2197 1017 2242 pri-

171 2257 233 2283 mum
244 2247 346 2284 volumus
360 2248 399 2283 hoc
410 2247 532 2290 ostendere,
546 2246 605 2291 quod
618 2246 666 2282 sola
677 2246 731 2282 sides
745 2257 770 2283 511
782 2247 866 2283 iniusto
877 2248 962 2283 iustum
975 2247 1017 2283 effi-

171 2299 222 2341 ciat,
240 2299 280 2334 hoe
298 2300 337 2344 est,
356 2299 451 2345 accipiat
467 2298 621 2335 remissionem
637 2299 806 2344 peecatorum.»
823 2315 849 2328 -e
866 2300 909 2336 Sol.
929 2300 1014 2336 Deciur.

171 2351 189 2387 3.
204 2352 235 2387 De
247 2351 334 2387 iustitia
346 2350 397 2387 fidei
411 2360 487 2387 coram
499 2351 550 2392 Deo,
565 2359 587 2385 11.
602 2349 675 2386 36-38
689 2351 778 2396 (11111151-
791 2361 811 2397 p.
827 2350 883 2397 ola:
902 2355 914 2383 1(
920 2351 948 2387 Et
961 2352 1016 2387 haec

170 2402 202 2438 est
216 2411 270 2437 vera
282 2402 446 2448 particularum
461 2401 623 2438 exclusivarum
637 2402 662 2436 in
677 2402 771 2437 articulo
785 2402 952 2438 iustificationis
968 2411 1016 2438 sen-

170 2454 251 2490 tentia.
261 2481 279 2490 ..
294 2468 299 2491 :
316 2454 426 2498 Primum,
438 2454 475 2490 111.
485 2480 504 2489 ..
521 2454 597 2490 omnia
610 2463 678 2500 opera
691 2454 789 2500 propria,
805 2455 892 2498 merita,
909 2455 1014 2500 dignitas,

168 2505 242 2551 gloria
258 2505 278 2541 et
293 2505 376 2542 fiducia
391 2507 491 2541 omnium
507 2514 599 2552 operum
615 2506 742 2541 nostrorum
758 2505 783 2541 in
799 2506 893 2542 articulo
909 2507 1015 2543 iustifica-

167 2557 236 2593 tionis
248 2558 337 2603 penitus
350 2558 502 2601 excludantur,
516 2558 549 2593 ita
562 2558 657 2602 quidem,
671 2559 696 2593 ut
709 2567 777 2604 opera
790 2558 867 2595 nostra
880 2568 951 2604 neque
964 2569 1014 2595 eau-

168 2620 207 2647 sae
223 2619 293 2655 neque
308 2611 382 2646 meriti
402 2610 472 2647 ullius
494 2611 519 2646 in
540 2610 703 2656 iustificatione,
721 2612 751 2647 ad
768 2621 824 2657 quae
846 2615 905 2648 Deus
927 2614 952 2648 in
973 2614 1014 2650 hoe

166 2664 256 2708 negotio
273 2664 378 2710 respiciat
396 2665 436 2700 aut
454 2665 534 2709 quibus
552 2674 593 2700 nos
611 2665 679 2701 fidere
696 2666 809 2712 possimus
828 2667 867 2702 aut
885 2667 1012 2711 debeamus,

167 2716 201 2752 vel
219 2715 245 2752 511
262 2715 308 2751 1010
324 2716 360 2751 vel
376 2717 470 2752 dimidia
487 2717 527 2752 aut
543 2716 638 2753 minima
656 2728 681 2754 511
697 2718 762 2764 parte
780 2717 889 2753 rationem
907 2718 1011 2756 habeant.

166 2770 250 2806 Deinde
266 2770 291 2805 ut
306 2770 348 2805 hoe
364 2770 460 2806 officium
491 2770 582 2806 ethaeo
598 2771 722 2817 proprietas
738 2771 791 2807 fidei
807 2771 877 2808 solius
894 2772 923 2808 sit
939 2782 1014 2809 mane-

167 2823 240 2867 atque,
256 2823 316 2868 quod
330 2823 431 2859 videlicet
447 2824 495 2860 sola
509 2823 563 2861 fides
579 2824 600 2859 et
614 2825 678 2860 nulla
691 2834 784 2871 prorsus
800 2825 846 2862 alia
861 2835 896 2862 res
912 2827 941 2862 sit
955 2827 1013 2863 1111111

124 2892 128 2896 ’
165 2877 263 2912 medium
281 2877 303 2913 et
320 2876 499 2921 instrumentum,
519 2887 561 2924 quo
579 2879 619 2914 Dei
636 2878 710 2923 gratia
728 2879 749 2915 et
766 2880 871 2915 meritum
889 2880 971 2917 Christi
988 2881 1013 2917 in

164 2930 312 2975 promissione
333 2930 442 2975 evangelii
463 2932 649 2977 apprehendatur,
672 2933 795 2979 accipiatur
814 2934 921 2979 nobisque
942 2934 1012 2981 appli-
