2214 3350
211 132 291 189 ¹Thesis
307 153 335 189 14.
354 154 495 190 Consortium
511 153 599 188 divinae
614 153 709 188 naturae
849 148 890 186 303:

39 263 161 312 uiperea
177 261 235 313 (sire
247 273 289 312 per
303 272 388 302 earum
400 260 572 312 impletionem)
588 260 673 301 fideles
687 259 818 300 efficiantur
831 271 888 299 con-¹

40 325 113 366 sortes
132 325 226 365 divinae
246 324 352 365 naturae.
375 324 436 365 Sane
455 323 530 364 multo
551 323 700 373 probabilius
719 322 835 372 cogitetur
855 323 888 362 de>

39 388 116 436 donis,
131 399 191 438 quae
205 387 379 438 promittuntur
393 387 441 427 sire
455 398 469 427 e
482 385 605 437 prophetis
619 379 668 426 sive
683 398 696 426 a
710 385 802 425 nuntiis
815 396 888 426 evan

39 451 102 501 gelli,
117 451 140 491 et
153 450 314 499 conteruntur,
329 451 425 501 quando
439 451 510 490 homo
524 447 675 499 evangelium
689 447 794 499 acceptat
806 448 830 489 et
843 459 888 497 per

39 514 114 554 tidem
129 525 156 554 ac
170 513 317 564 baptismum
332 513 485 563 iustificetur.
502 538 533 543 —
547 506 596 553 Hoc
610 511 715 552 multum
731 511 887 551 confirma-

39 578 84 617 tur
97 576 152 617 idea
164 577 348 626 repcneretiom's
362 576 386 617 et
399 575 524 616 filiationis
538 575 633 615 divinae
646 586 690 625 per
703 573 805 625 gratiam
818 585 888 624 praem

40 639 112 681 sentis
122 640 193 687 ritae,
206 651 266 690 quae
278 650 347 690 saepe
359 640 385 679 in
396 639 455 680 N⁰T⁰
466 649 557 678 necnon
569 638 599 678 ab
611 638 663 688 ipso
675 639 699 679 S.
712 638 781 678 Petro
796 639 816 689 (i
830 637 889 678 Petr

39 707 59 751 i,
75 705 214 752 3172332,
231 703 252 754 2)
270 702 396 743 exhibetur
413 702 452 753 (cf.
469 713 518 752 erg.
535 702 566 752 2).
582 727 613 732 —
629 701 654 741 st
670 701 829 741 nihilominus
843 701 884 740 ali-

39 767 102 817 quod
120 766 264 807 consortium
282 765 493 815 eschatologice
512 764 684 805 conterendum
702 763 745 805 hoc
763 763 814 804 loco
831 776 889 815 pro„

38 831 102 869 :rime
116 828 220 879 intellegi
235 828 338 879 putetur,
353 828 469 884 applicari
483 827 570 879 poterit
583 839 611 868 ea
624 828 679 868 idea
691 826 787 875 biblica,
804 838 884 867 secun-

39 892 97 932 dum
118 903 190 943 quam
211 892 273 932 done
294 892 389 946 futurae
408 891 497 942 gloriae
517 892 567 931 iem
587 890 720 940 formaliter
741 890 888 930 inchoentur

39 955 108 995 donis
122 954 211 1006 gratiae
229 954 260 1004 ln.
277 954 337 1005 270).

107 1049 127 1087 4<
144 1047 177 1087 De
191 1047 238 1086 elio
252 1046 369 1086 consortio
384 1046 482 1095 cogitari
496 1046 585 1096 nequit.
602 1047 663 1086 Nam
678 1045 746 1093 illud,
763 1045 827 1096 quod
842 1056 889 1095 per

38 1110 110 1150 Verbi
125 1109 353 1150 incarnationem
367 1109 409 1150 toti
423 1108 522 1149 naturae
537 1109 657 1149 humanae
671 1108 785 1149 obiective
801 1109 884 1149 datum

38 1172 81 1221 est,
95 1172 230 1213 excluditur
242 1183 277 1220 eo,
292 1172 356 1223 quod
370 1173 414 1212 hoc
428 1171 479 1212 loco
494 1171 616 1222 supposita
629 1171 792 1212 incarnatione
805 1171 888 1223 egitur

39 1236 67 1277 de
80 1236 150 1276 donis
161 1248 174 1275 a
188 1235 279 1275 Christo
291 1236 340 1275 iem
352 1235 441 1285 peratis
454 1235 525 1285 atoue
537 1245 601 1276 nunc
614 1235 645 1275 ad
657 1233 764 1285 singulos
775 1235 889 1275 homines

38 1298 195 1349 applicandis.
211 1298 362 1339 Consortium
375 1309 430 1339 vero
445 1296 670 1338 eucharisticum
685 1310 699 1338 a
712 1298 760 1339 toto
774 1297 884 1339 contextu

38 1362 108 1413 longe
124 1361 197 1410 abest,
215 1361 326 1412 quamvis
341 1361 367 1402 S.
386 1355 488 1411 Cprlllus
505 1361 569 1401 Hier.
591 1361 694 1413 (Octecb.
712 1368 812 1412 myster).
832 1363 852 1409 4,
871 1363 889 1400 32
937 1357 939 1362 ’

40 1425 69 1483 [R
84 1424 145 1484 845])
163 1424 253 1465 textum
269 1424 300 1464 ad
316 1424 362 1465 hoc
377 1424 545 1465 accommodet.

106 1521 127 1559 5.
144 1520 204 1570 Ergo
220 1519 364 1569 exprimitur
378 1517 531 1566 consortium,
548 1519 612 1569 quod
628 1517 727 1559 efficitur
742 1518 791 1559 illis
806 1519 882 1566 donis,

40 1593 100 1632 quae
120 1593 180 1632 «per
196 1581 356 1632 cognitionem
373 1582 444 1622 Iesu»
466 1582 496 1632 (v.
515 1583 537 1633 3)
558 1582 573 1621 i.
593 1592 612 1622 ε.
632 1592 676 1631 ρετ
694 1581 768 1622 iidem
787 1581 887 1629 dantur?

39 1645 134 1696 quando
158 1645 236 1692 bomo,
262 1655 364 1695 sequens
386 1644 533 1684 vocationem
554 1652 596 1686 τοῦ
611 1645 763 1698 καλέσαντος,
783 1644 884 1684 eandem

39 1708 113 1748 iidem
126 1718 224 1748 assensu
236 1707 323 1747 mentis
335 1707 359 1748 et
371 1706 517 1757 susceptione
531 1706 644 1757 baptismi
658 1707 816 1757 amplectitur,
831 1708 847 1747 i.
862 1719 882 1748 e.

38 1771 63 1810 in
74 1769 297 1811 iustificatione.
308 1795 339 1801 -
350 1770 378 1810 In
388 1782 437 1821 qua
447 1769 517 1811 detur
527 1769 599 1810 etiarn
610 1770 701 1810 donum
711 1768 887 1816 increatum.

39 1833 143 1884 Spiritus
166 1833 273 1881 Sanctus,
293 1834 333 1884 qui
352 1844 407 1873 sane
424 1844 468 1883 per
484 1832 648 1873 excellentiam
671 1832 770 1874 vocatur
793 1833 883 1873 donum

38 1896 191 1947 promissum,
207 1896 278 1937 etiam
293 1908 308 1936 a
321 1897 346 1937 S.
362 1897 431 1936 Petro
447 1896 472 1935 in
488 1895 538 1936 suis
552 1897 703 1937 sermonibus
718 1896 777 1947 (Act.
793 1899 813 1945 2,
829 1899 856 1937 38
864 1908 888 1944 s3.

38 1962 72 2008 11,
88 1960 133 2011 17).
150 1960 196 2000 Sed
212 1959 231 1999 si
246 1959 302 2000 huic
317 1960 380 1999 dono
395 1959 514 1999 exclusive
529 1958 633 2000 tribuere
647 1959 724 2000 voluit
739 1960 883 2000 consortium

38 2022 134 2063 divinae
145 2022 250 2071 naturae,
263 2033 311 2062 non
322 2022 406 2063 debuit
418 2023 443 2062 in
454 2022 544 2074 plurali
556 2023 585 2062 de
599 2022 726 2073 «pretiosis
738 2023 762 2063 et
772 2024 889 2080 maximis.

38 2086 162 2137 promissis
171 2104 180 2123 l
197 2086 270 2137 loqui.
287 2087 330 2127 His
345 2085 425 2127 verbis
441 2087 519 2137 potius
535 2087 598 2128 done
613 2087 692 2128 creata
707 2086 882 2137 significentur.

38 2216 123 2265 creata,
142 2215 242 2264 interna,
260 2215 367 2267 physice,
386 2216 558 2266 permanentia,
578 2216 700 2266 gratiam
719 2217 759 2257 sol.
780 2218 884 2258 sencti-

39 2281 176 2321 ticantem
200 2281 223 2321 et
246 2280 364 2321 babitus
386 2280 538 2321 virtutum.
565 2281 626 2331 Ergo
646 2281 776 2322 dicendum
793 2282 829 2323 est
846 2282 889 2321 bis

38 2345 148 2395 pretiosis
160 2346 229 2385 donis
242 2346 294 2385 deri
306 2345 452 2385 consortium
465 2345 560 2386 divinae
574 2346 681 2393 neturee,
696 2346 718 2387 et
731 2346 829 2396 quidem
842 2358 885 2397 per

38 2409 226 2460 unumquodque
246 2410 337 2450 donum
359 2409 490 2449 secundum
512 2421 580 2451 suam
600 2410 769 2461 proprietetem
791 2411 888 2452 diverso

38 2474 121 2514 modo:
149 2475 277 2515 Virtutes
302 2475 396 2515 infusae
420 2475 597 2525 quodammodo
616 2475 749 2516 divinizant
766 2478 883 2527 potentius

38 2539 139 2587 animae,
158 2539 183 2578 in
201 2540 288 2590 quibus
305 2538 410 2580 resident
427 2540 450 2580 et
466 2541 497 2580 ad
514 2551 617 2590 quarum
635 2540 701 2580 actus
719 2540 887 2591 cooperantur..

39 2603 136 2646 Gratia
150 2604 230 2645 autem
245 2604 398 2644 sanctificans
412 2604 447 2644 est
460 2603 521 2645 illud
537 2605 635 2654 donum,
652 2606 677 2645 in
692 2616 738 2655 quo
753 2605 800 2646 alia
815 2606 884 2657 quasi

38 2669 63 2708 in
77 2680 120 2709 sua
133 2668 265 2709 substantia
277 2669 300 2710 et
312 2667 397 2709 natura
411 2669 550 2709 radicentur
563 2670 586 2710 et
599 2669 771 2710 connectuntur
784 2671 807 2712 et
820 2672 884 2722 quod

39 2739 112 2773 totum
128 2734 234 2773 culinum
248 2734 278 2774 ad
295 2733 404 2783 superius
420 2744 469 2772 esse
485 2734 567 2775 elevat.
585 2736 631 2775 Per
644 2735 689 2775 hoc
704 2734 778 2785 igitur
794 2736 884 2776 donum

38 2797 171 2838 formaliter
189 2797 304 2838 efficimur
322 2804 422 2838 naturae
442 2798 537 2840 divinae
557 2799 684 2847 consortes
711 2800 735 2839 S.
757 2799 891 2850 Spiritus.

38 2862 119 2903 eutem
138 2862 260 2913 tamquam
286 2863 363 2903 torma
388 2863 499 2902 assistens
525 2864 671 2905 consortium
696 2864 759 2904 alius
782 2866 883 2915 generis,

39 2927 173 2975 relativum,
188 2938 236 2967 non
251 2927 352 2967 formale
366 2927 442 2968 efficit.
457 2952 489 2956 —
504 2929 538 2970 Gi.
556 2930 573 2969 P
589 2932 630 2970 343
646 2930 668 2970 et
682 2929 752 2970 Siler.
769 2930 827 2971 ibid.
844 2931 887 2971 cit„
