2214 3350
168 179 169 182 ’
207 177 284 213 Thesis
299 172 426 230 217Gratia
440 175 516 212 efficax
532 174 553 209 et
569 174 653 209 donum
668 171 847 220 perseverantiae
914 170 954 206 tte

103 296 163 337 quae
175 285 264 336 gratiae
275 286 361 327 efficaci
373 298 420 337 quc
432 281 529 337 cratiae,
543 283 558 323 1,
573 294 593 323 e.
607 282 633 322 in
645 281 735 322 ratione
749 281 824 322 divini
836 278 949 321 beneficii

103 348 178 399 gratis
193 348 249 397 dati,
268 349 418 400 praegratia
439 359 499 399 pure
523 344 651 387 sufficiente
666 343 791 393 competat.
815 370 847 375 -
870 344 951 393 Quare

103 411 282 469 consideramus
300 413 401 464 gratiam
421 411 538 452 efficacem
557 410 588 450 in
606 408 671 449 actu
688 408 780 458 primo
800 407 849 448 sive
868 407 948 458 quate-

41 501 43 503 >
74 468 80 473 ’
103 479 150 515 nu's
163 475 326 516 antecedenter
340 476 371 516 ad
385 475 464 516 actum
478 472 611 515 secundum
624 471 695 512 liberi
710 481 838 511 consensus
853 470 901 511 iam
913 469 951 510 est.

103 537 184 578 efficax
198 537 222 578 et
236 538 399 580 discriminata
414 537 526 588 agretia,
543 537 581 576 cui
597 547 646 576 ncn
662 534 759 575 dabitur
774 543 909 581 consensus,
925 532 952 573 et.

103 600 221 651 quatenus
239 601 444 642 infallibiliter
464 600 519 641 talis
539 600 580 641 est.
601 600 629 639 In
649 610 698 650 qna
719 597 843 638 infallibili
864 607 948 637 conne-

102 663 172 704 xione
186 663 275 714 gratiae
290 664 389 705 efficacis
403 675 458 704 cum
473 663 527 704 actu
541 661 640 703 salutari
656 661 716 703 solet
730 660 845 711 distingui
862 660 951 711 tripieti-

103 726 259 767 eicmentum:
277 727 299 778 a)
316 728 466 776 abiectiorem,
483 726 601 777 quatenus
615 724 730 766 obiective
745 725 794 765 iam
809 723 845 765 est
859 723 951 764 infalli-

102 789 183 830 biliter
200 790 292 832 certum
307 790 379 831 talem
396 790 498 841 gratiam
516 789 688 840 producturam
707 799 757 829 esse
776 787 849 828 talem
867 787 947 827 actum

102 851 238 901 salutarcm;
254 853 277 905 b)
295 852 486 904 coacescitivanc,
500 852 687 904 quatenusque
701 850 780 900 talis,
797 862 845 901 qua.
859 849 947 890 infalli-

101 915 183 956 biliter
202 927 263 956 nexa
284 927 340 956 curn
360 926 483 964 consensu,
499 927 513 956 a
527 916 593 964 Deo,
611 914 740 965 antequam
761 915 822 954 banc
845 912 950 964 gratiam

102 979 247 1027 decerneret,
269 979 318 1020 iam
343 979 393 1019 erat
416 979 559 1029 praevisa3
583 979 603 1030 c)
624 978 765 1029 affectivum
791 976 948 1029 (notitiolam),

101 1041 219 1092 quatenus
237 1042 322 1092 gratia
334 1042 413 1082 actum
434 1041 562 1082 salutarem
583 1041 743 1082 infallibiliter
761 1041 878 1082 effectura
898 1052 949 1092 qua

101 1104 156 1145 talis
167 1116 182 1145 a
192 1105 240 1155 Deo
252 1104 325 1145 etiem
336 1103 427 1145 intenta
438 1116 464 1145 ac
477 1104 589 1145 decreta
602 1104 637 1145 est
647 1116 705 1154 prae
718 1104 765 1144 alie
777 1103 860 1154 gratia,
872 1114 949 1155 quam

55 1208 57 1214 ,
83 1165 145 1207 ¹boc
162 1167 250 1207 effectu
267 1167 410 1207 frustratum·
425 1167 455 1206 iri
473 1167 523 1218 ipse
539 1159 667 1218 praescivit
683 1167 713 1215 et,
733 1166 844 1217 quamvis
859 1165 944 1217 posset,

101 1230 226 1271 decernere
239 1229 326 1270 noluit.
342 1255 373 1261 -
388 1230 414 1270 Si
428 1230 524 1270 omnia
537 1240 623 1279 opera
637 1231 722 1278 bona,
738 1229 859 1278 salutaria,
876 1228 950 1270 meri.

101 1293 162 1333 toria
179 1293 305 1344 requirunt
322 1292 429 1344 aliquam
443 1293 544 1344 gratiam
563 1293 607 1334 isto
625 1293 696 1334 modo
715 1293 763 1333 iarn
781 1292 951 1333 antecedenter

100 1355 224 1405 efficacem,
242 1356 306 1407 patet
321 1368 350 1396 ea
365 1356 463 1397 induere
485 1356 626 1397 rationem
648 1355 786 1405 specialis
807 1354 947 1397 beneficii

100 1419 205 1459 divini.
219 1419 345 1470 Debentur
354 1420 419 1460 enim
430 1419 525 1460 divinae
537 1418 716 1460 benevolentiae
728 1431 776 1459 non
790 1418 875 1468 solum,
890 1430 947 1470 qua-

100 1481 170 1522 tenus
182 1493 226 1533 per
238 1483 339 1533 gratiam
353 1481 505 1523 sufficientem
519 1494 546 1523 ea
558 1483 663 1523 reddidit
674 1483 798 1534 possibilia
816 1484 867 1533 (boc
882 1482 946 1523 enim

100 1556 227 1586 commune
240 1546 329 1586 babent
341 1557 396 1586 cum
407 1546 520 1596 operibus
532 1544 679 1586 salutaribus
690 1557 720 1587 ex
732 1546 804 1597 culpa
816 1545 950 1587 voluntatis

100 1607 212 1660 omissis),
227 1609 269 1649 sed
283 1608 387 1658 insuper,
404 1608 521 1660 quatenus
542 1609 606 1649 Deus
626 1620 669 1659 per
689 1608 792 1649 liberam
807 1609 945 1650 electionem

99 1671 189 1722 gratiae
205 1671 305 1712 efficacis
320 1683 377 1722 prae
393 1682 452 1722 pure
470 1670 597 1712 sufficiente
615 1671 779 1715 exscreatum,
794 1672 945 1722 singulorum

99 1734 187 1774 horum
203 1745 303 1784 operum
326 1734 498 1784 determinavit,
522 1734 651 1785 antequam
673 1734 784 1788 voluntas
799 1735 852 1786 ipsa
869 1736 949 1777 adea

100 1796 210 1837 iacienda
227 1808 252 1837 se
270 1796 470 1838 determinaverit.
491 1797 572 1838 Gratia
591 1797 709 1838 sufficiens
725 1798 767 1840 dat
783 1809 865 1840 vercrn
882 1809 947 1839 com-⁴

99 1859 236 1910 plebemque
252 1860 383 1910 potentiani
401 1859 536 1902 salutariter
552 1861 646 1911 agendi3
664 1861 741 1912 gratia
758 1861 839 1903 efficax
855 1861 948 1902 intelli--

99 1923 180 1964 biliter
194 1922 235 1964 dat
249 1929 329 1963 actum
341 1923 438 1973 bonum,
455 1924 535 1974 ipsum
548 1924 609 1965 bene
622 1923 684 1966 velle
698 1925 722 1966 et
732 1924 833 1975 operari.

100 2040 155 2083 555.
192 2041 221 2081 ΙΙ.
239 2039 421 2082 Perseverantia
436 2038 524 2080 finalis.
543 2039 569 2080 Si
585 2051 628 2091 per
644 2038 733 2090 gratias
749 2039 852 2081 efficaces
868 2018 967 2080 mulia*
1022 2020 1027 2030 ⁴

98 2105 198 2155 quidem
209 2104 273 2144 bona
284 2114 356 2154 opere
368 2102 494 2152 donantur,
508 2103 549 2144 sed
562 2102 615 2143 ante
626 2103 702 2143 finem
715 2103 777 2144 vitae
789 2103 948 2143 conteruntur

99 2167 188 2218 gratiae
211 2178 271 2218 pure
295 2166 442 2214 sufficientes,
460 2166 548 2216 quibus
566 2165 678 2207 resistens
702 2165 772 2217 abnue
790 2167 824 2207 sic
841 2166 949 2218 graviter

99 2240 198 2280 peccans
212 2230 284 2270 bomo
299 2230 323 2270 111
338 2229 399 2270 statu
412 2228 502 2280 peccati
515 2229 625 2278 moritur,
640 2240 713 2280 opera
726 2230 789 2271 bona
801 2230 869 2280 prius
882 2229 946 2271 iacta

99 2292 160 2333 nihil
173 2293 264 2341 iuvant,
278 2293 324 2333 nisi
336 2292 364 2333 ut
375 2291 458 2332 mitius
469 2291 592 2342 puniatur.
606 2294 624 2333 E
638 2292 727 2342 contra,
742 2293 761 2334 si
774 2304 856 2334 versas
869 2294 946 2344 finem

98 2355 161 2396 vitae
172 2367 213 2396 eae
224 2355 345 2396 donantur
354 2355 442 2406 gratiae
454 2354 565 2405 efficaces,
579 2355 669 2407 quibus
681 2362 754 2397 status
766 2358 857 2407 cratiae
869 2368 948 2408 aitque¹

98 2419 130 2459 ud
143 2424 245 2458 mortem
259 2418 410 2469 producatur,
426 2417 482 2458 aliis
493 2418 586 2459 verbis:
605 2419 625 2460 si
640 2415 744 2459 donum
759 2430 945 2474 perseveran-

98 2482 154 2522 tiae
169 2481 272 2522 iinalis
286 2480 394 2528 donatur,
410 2480 454 2521 hoc
469 2492 525 2522 sane
539 2482 645 2523 maxime
659 2483 729 2522 babet
743 2484 861 2523 rationem
877 2484 949 2523 berte-

98 2545 150 2596 jicii
171 2545 255 2594 divini,
272 2544 342 2595 atque
363 2543 474 2584 beneficii
495 2545 612 2595 specialis,
630 2546 688 2596 quia
709 2546 765 2587 sunt
786 2545 856 2586 multi
878 2546 943 2595 iusti,

98 2608 140 2659 qui
157 2619 204 2648 ncn
222 2606 374 2658 perseverant
389 2618 416 2647 ac
432 2607 533 2657 proinde
557 2608 601 2649 hoc
626 2608 716 2649 donum
739 2609 872 2659 gratuitum
896 2621 949 2650 non.

98 2671 247 2721 acceperunt.

153 2755 328 2792 Perseveranila
339 2755 428 2791 docente
440 2754 461 2791 S.
468 2754 562 2800 Thoma,
574 2757 595 2794 S.
610 2758 639 2792 tii.
654 2756 671 2799 1,
684 2757 697 2793 2
708 2767 727 2802 q.
742 2757 777 2794 109
789 2767 808 2793 a.
822 2758 846 2794 10
857 2759 878 2794 et
891 2758 949 2794 alibi.

100 2808 134 2853 (ci.
148 2817 170 2843 n.
185 2807 245 2853 182s]
260 2807 342 2853 triplici
354 2816 421 2842 sensu
432 2808 540 2845 sumitur:
556 2810 577 2855 a)
592 2808 707 2853 Significat
722 2822 732 2843 c
741 2810 843 2846 habiturn
855 2810 943 2852 mentis,

98 2869 138 2905 per
151 2859 293 2904 quemnemo
304 2858 396 2895 firmiter
408 2859 459 2902 stet,
472 2868 500 2894 rte
513 2862 655 2896 removeatur
667 2861 694 2896 ab
707 2871 738 2903 eo,
751 2863 810 2906 quod
823 2863 856 2898 est
868 2871 947 2898 secun*

99 2911 152 2946 dum
167 2911 279 2956 virtutem,
296 2921 335 2956 per
351 2911 452 2946 tristitias
468 2911 605 2949 irruenter».
624 2914 659 2950 Sic
676 2914 708 2948 est
723 2923 777 2959 pars
792 2913 882 2950 virtutis
898 2924 949 2950 car*

99 2962 181 2998 dinalis
194 2963 342 3008 tortitudini&
354 2963 372 3005 2,
386 2962 398 2999 2
411 2972 430 3008 q.
447 2961 482 2998 136
496 2972 515 2999 a.
532 2963 648 3000 lvocatur
663 2976 674 2997 α
682 2965 792 3011 patient-ia
800 2979 817 3002 n.
832 2985 856 2992 —
868 2967 889 3014 b)
905 2965 949 3001 Est.
