2214 3350
342 188 419 224 Thesis
435 187 463 223 17.
480 187 576 222 Amissio
591 186 693 222 iustitiae.
905 185 940 223 355

95 294 187 345 cari-tati
205 296 335 336 secundum
352 296 476 347 propriam
494 294 618 340 rationem,
638 294 699 344 quae
717 293 824 334 consistit
841 294 867 334 in
885 290 941 342 hoc,³

95 357 159 407 quod
175 357 239 396 Deus
257 358 369 409 diiiaatur
387 370 458 409 super
476 357 556 397 omnia
573 356 596 397 et
613 357 677 407 quod
695 356 765 397 homo
784 357 884 397 totaliter
901 357 939 398 iiii

95 430 118 458 se
134 418 242 468 subiciat,
259 422 340 462 omnia
355 434 399 462 sua
414 421 538 461 referendo
555 422 580 461 in
596 420 694 470 ipsum»
712 420 736 460 et
750 421 813 470 quod
829 431 938 471 praecep-

94 483 173 522 torum
187 483 238 522 eius
251 484 357 533 regulam
371 485 397 524 in
409 484 522 524 omnibns
534 482 593 524 velit
605 482 679 532 sequi.
693 505 724 511 »-
737 482 795 522 Gla
808 486 866 533 (1.ssss
879 495 900 523 a.
909 486 934 523 3:

94 546 139 585 Per
149 546 321 595 poenitentiam
332 547 415 598 nequit
427 557 504 587 unum*
515 544 638 597 peccatum
651 545 701 585 sine
714 544 760 586 alio
773 545 870 594 remitti;
882 557 938 586 nam

96 608 209 648 «nullum
229 609 350 659 peccatum
377 610 454 660 potest
479 610 567 651 remitti
588 608 638 650 sine
658 608 741 658 gratia.
764 608 838 649 Omne
859 608 938 649 autern
983 661 985 663 .

93 672 217 722 peccatum
240 673 338 715 mortale
360 674 518 714 contrariatur
540 672 629 724 cratiae
645 672 668 713 et
684 672 790 712 excludit
805 683 885 712 eam.»
908 696 948 726 ².

93 740 113 776 2.
126 735 188 777 Solo.
200 737 331 786 Thomas,
342 738 368 778 S.
377 739 410 778 th.
422 741 442 787 i,
451 741 464 778 2
474 750 497 788 q.
505 739 531 777 rt
543 749 564 777 a.
573 739 597 777 4:
615 736 756 776 «Peccatum
766 734 866 784 veniale,
875 737 939 787 qued

93 812 141 840 non
159 802 317 842 contrariatur
334 802 425 843 caritati
445 813 487 843 nec
505 801 610 842 excludit
627 801 713 850 ipsam,
732 811 775 851 per
793 810 939 850 consequens

93 865 165 905 etiam
183 876 231 905 non
249 865 354 906 excludit
371 866 430 906 alias
448 866 574 907 virtutes.»
599 891 631 896 -
654 865 690 905 Gt.
710 868 730 913 2,
750 869 764 905 2
783 876 805 915 q.
825 867 852 905 24
870 876 891 905 a.
912 867 938 905 12

93 928 123 968 ad
140 931 150 968 l
167 928 190 968 et
203 931 224 968 4.

93 1059 147 1100 474.
184 1060 212 1101 V.
229 1049 308 1105 Ratio.
332 1063 351 1099 i.
369 1058 446 1099 omni.
463 1060 485 1110 a)
503 1059 600 1099 Peccata
616 1054 711 1099 mortali
727 1060 799 1099 homo
815 1070 838 1098 se
855 1059 937 1099 voian-

6 1159 16 1179 .=
94 1121 152 1163 taric
167 1125 251 1163 avertit
265 1136 279 1163 a
293 1123 357 1172 Deos
366 1124 415 1164 fine
430 1123 522 1171 ultimo,
540 1123 610 1173 atque
625 1134 648 1162 se
663 1123 744 1174 ipsum
759 1123 880 1164 constituit
894 1124 938 1163 Dei

48 1204 50 1210 v
92 1187 227 1227 inimicum⁴
246 1189 307 1238 Ergo
324 1188 416 1228 iustum
439 1187 480 1235 est,
499 1187 526 1228 ut
542 1188 605 1227 Deus
628 1187 721 1237 auoque
746 1198 770 1227 se
793 1186 884 1227 avertat
907 1189 937 1228 ab

11 1254 16 1263 ”
93 1252 189 1292 homine
204 1251 337 1292 mortaliter
351 1251 470 1302 peccante,
487 1250 594 1291 destruat
609 1249 710 1301 gratiam
727 1250 750 1291 et
766 1250 841 1291 solvat
856 1250 937 1292 rincu-

92 1316 144 1356 lum
160 1315 285 1356 amicitiae.
303 1341 334 1346 -
348 1316 373 1366 b)
392 1317 438 1355 Per
453 1315 577 1366 quodlibet
590 1307 714 1365 peccatum
730 1315 830 1355 mortale
846 1315 937 1355 actuale

92 1379 279 1420 connaturaliter
293 1379 416 1423 inducitur
431 1378 505 1419 status
520 1379 610 1429 peccati
626 1378 735 1419 mortalis
750 1379 799 1420 sire
814 1385 937 1430 peccatum

92 1444 192 1483 mortale
204 1444 325 1484 habitante
338 1432 394 1496 tnisi
406 1444 470 1484 Deus
482 1443 561 1484 statim
574 1442 680 1484 remittat
691 1443 822 1493 peccatum;
836 1445 877 1484 sed
889 1455 938 1484 non

91 1507 144 1548 vult
156 1507 274 1548 remittere
288 1507 334 1547 nisi
348 1508 411 1548 iacta
423 1506 587 1547 retractatione
601 1518 644 1557 per
656 1506 834 1557 poenitentiam3
849 1519 871 1548 v.
887 1508 938 1547 Tri-

93 1572 219 1611 dentinam
233 1583 250 1611 s.
266 1574 293 1612 14
307 1583 357 1622 cap.
373 1574 387 1612 4
401 1572 443 1629 [Dr
458 1571 527 1629 89η).
542 1571 615 1621 Atqui
629 1571 752 1621 peccatum
766 1571 888 1612 habituale
903 1571 938 1613 est

80 1687 82 1689 ‚
92 1636 170 1684 torma
188 1636 278 1685 cratiae
298 1635 422 1675 contraria.
443 1637 489 1675 Per
507 1635 610 1685 gratiam
628 1635 693 1676 enim
713 1637 786 1676 home
805 1635 938 1677 formaliter

92 1700 127 1740 est
141 1700 232 1739 emicas
244 1699 286 1740 Dei
302 1699 325 1739 et
339 1699 406 1739 iteres
423 1699 489 1749 regni
506 1697 619 1746 caelestis,
635 1710 678 1749 per
693 1699 816 1749 peccatum
831 1710 886 1740 vero
902 1699 938 1741 est

92 1763 225 1803 tonnaliter
248 1763 291 1803 Dei
313 1763 426 1803 inimicas
444 1762 468 1804 et
483 1763 592 1803 aeternae
609 1762 769 1803 damnationis
787 1774 849 1804 reus.
874 1764 936 1815 Ergo

92 1827 216 1868 accedente
228 1828 306 1867 forma
316 1827 405 1877 peccati
416 1827 547 1867 habitualis
557 1838 650 1867 necesse
662 1827 704 1876 est,
717 1828 743 1868 ut
754 1828 847 1868 recedat
859 1829 937 1869 forma

92 1893 181 1943 gratiae
189 1893 205 1932 1.
217 1918 248 1923 —
258 1896 278 1933 2.
293 1891 355 1933 Solo.
370 1892 397 1931 In
409 1891 494 1931 natura
505 1890 594 1941 peccati
605 1891 730 1931 venialis
742 1891 804 1931 nihil
816 1892 858 1940 est,
872 1894 936 1944 quod

92 1968 147 1996 cum
164 1956 240 2007 gratia
256 1955 373 1997 habituali
390 1955 487 2005 pugnet.
506 1955 567 1995 Nam
583 1966 626 2005 per
643 1955 745 2005 gratiam
763 1955 834 1996 homo
852 1957 940 2006 consti-¹

91 2020 167 2061 initur
177 2021 203 2060 in
214 2020 275 2061 recto
286 2020 369 2060 ordine
380 2019 410 2060 ad
422 2019 497 2060 tinem
508 2018 621 2059 ultimum
634 2018 848 2069 supernaturalem.
860 2021 936 2061 Homo

91 2085 172 2125 autem
186 2085 263 2125 iustus
276 2083 399 2135 peccatum
413 2082 506 2124 veniale
522 2075 673 2124 committens
688 2084 721 2125 ita
735 2083 837 2126 affectus
852 2084 893 2134 est,
910 2085 938 2125 ut

92 2159 115 2189 se
131 2149 154 2189 et
169 2149 251 2189 omnia
266 2159 308 2188 sua
324 2148 355 2188 ad
370 2148 447 2188 Deum
464 2147 564 2197 ordinet,
582 2148 608 2188 in
624 2148 742 2198 quantum
759 2150 889 2189 essentialis
906 2151 937 2190 ad

91 2214 168 2263 finem
186 2213 301 2252 ultimum
320 2212 438 2251 ordinatio
457 2212 483 2253 id
502 2211 582 2263 exigit.
602 2212 679 2253 Deum
698 2212 853 2254 habitualiter
872 2213 937 2255 amat

92 2287 163 2328 super
173 2277 261 2325 omnia,
274 2276 334 2316 serio
344 2275 398 2316 vult
408 2286 504 2316 manere
515 2275 568 2317 eius
578 2276 676 2325 amicus,
689 2287 766 2328 neque
777 2277 865 2319 iaceret
875 2277 936 2319 illud

91 2340 222 2390 peccatum,
242 2341 261 2380 si
279 2351 305 2381 eo
322 2338 428 2380 amicitia
446 2351 501 2381 cum
518 2341 567 2380 Deo
585 2339 722 2381 solveretur.
742 2340 789 2382 Sed
806 2343 870 2383 Deus
887 2354 936 2383 non

92 2405 185 2453 deserit,
204 2404 250 2444 nisi
269 2404 336 2454 prius
354 2403 483 2444 deseratur.
508 2430 540 2435 -
564 2404 644 2454 Neque
662 2405 725 2444 inter
743 2405 851 2445 homines
870 2407 940 2461 pater*

152 2549 160 2569 1
179 2548 237 2584 Sane
253 2548 334 2592 gratia,
351 2555 408 2591 quae
431 2547 464 2583 est
487 2557 526 2584 ens
548 2547 666 2594 physicum
689 2549 866 2594 supernaturale,
890 2560 937 2586 non

91 2594 163 2638 potest
177 2593 268 2639 physice
284 2594 368 2630 destrui
383 2603 423 2640 per
438 2594 536 2639 aliquem
551 2596 626 2631 actum
639 2597 819 2641 peccaminosum
835 2597 880 2633 sive
896 2597 937 2633 illa

90 2641 216 2685 privatione
231 2641 312 2677 morali
328 2641 438 2685 affectum,
455 2642 481 2677 in
496 2651 541 2686 qua
557 2642 657 2678 consistit
673 2642 761 2678 malitia
777 2644 874 2681 moralis.
894 2646 937 2681 Sed

91 2686 128 2723 hic
143 2689 207 2724 aetus
223 2688 255 2724 est
270 2689 334 2731 ratio,
352 2697 391 2724 cur
405 2688 471 2731 Deus,
488 2690 526 2734 qui
543 2689 603 2725 solus
619 2689 716 2733 gratiam
731 2690 835 2734 produxit
851 2692 872 2728 et
887 2701 937 2727 con-

91 2735 171 2777 servat,
188 2736 216 2770 ab
230 2745 256 2771 ea
270 2735 423 2771 conservanda
436 2737 511 2772 cesset.
528 2737 606 2782 Itaque
620 2737 678 2772 inter
692 2737 808 2783 peccatum
821 2738 936 2775 habituale

91 2781 113 2815 et
123 2782 408 2825 gratiamsanctificantem
421 2783 453 2818 est
465 2784 616 2829 repugnantia
628 2784 707 2819 saltem
719 2785 813 2830 physica
825 2787 846 2822 ct
857 2788 936 2833 proba-

91 2827 159 2864 bilius
177 2830 330 2874 metaphysica
351 2828 380 2874 (n.
398 2828 470 2875 4385);
489 2832 528 2867 sed
545 2832 660 2877 peccatum
679 2831 767 2868 actuale
785 2842 831 2868 non
848 2833 892 2869 nisi
911 2835 936 2869 ut

92 2883 161 2911 causa
184 2877 282 2919 moralis,
302 2876 429 2921 dispositive
447 2877 493 2914 scil.
512 2879 533 2913 et
551 2877 689 2913 demeritorie
713 2879 805 2924 ideoque
830 2881 936 2916 indirecte

91 2922 189 2964 gratiam
201 2924 299 2959 destruit.
308 2925 432 2960 Peccatum
445 2925 504 2960 enim
515 2926 547 2961 cst
559 2926 648 2961 animae
660 2925 777 2972 dispositio
788 2927 874 2972 gratiae
887 2937 937 2964 con-

91 2968 163 3004 traria
178 2970 199 3004 et
213 2971 317 3014 meretur,
334 2971 360 3006 ut·
374 2972 432 3006 Deus
448 2972 541 3007 eandem
556 2972 653 3016 gratiam
669 2973 792 3011 subtrahat.
