2214 3350
187 145 212 181 ot·
296 146 350 181 Sect.
365 146 380 180 1.
395 146 439 191 Art.
455 146 481 181 ΙΙ.
496 146 533 190 §2
548 145 605 188 Quid
617 145 700 180 tratura
711 144 777 189 latpsn
788 153 833 179 non
844 144 915 189 possit

186 253 351 294 antecedenter
372 255 402 295 ad
424 254 609 296 determinatum
629 254 710 294 actum
731 253 806 306 altera
827 263 883 303 pars
903 252 1038 294 contradic—

114 320 117 323 “
175 317 256 369 >tionis
270 318 433 369 infallibiliter
447 317 588 367 excluditur,
604 318 702 358 libertas
716 318 830 368 requisita
846 316 945 358 tollitur.
961 317 1036 358 Multi.

186 383 294 423 auctores
312 383 475 424 difficultatem
495 382 591 424 solvunt
609 383 719 432 negando
737 382 915 423 antecedentem
934 382 1033 424 necessi,-

186 447 259 488 tatem
277 447 430 488 deternnnati
448 453 512 487 actas
529 446 554 487 et
571 445 719 487 admittendo
736 441 915 487 antecedentem
934 446 1037 487 necessi„

186 511 258 552 tatem
276 512 486 552 indeterminatam
502 510 604 551 alicuius
620 510 710 561 peccati
728 510 807 561 quoad
825 510 899 551 totam
917 510 1036 551 collectio--

186 587 241 617 nem
254 575 387 617 multorum
401 574 504 616 actuum.
521 575 568 615 Sed
581 574 751 626 consequenter
764 575 878 616 deberent
890 575 980 616 dicere:
998 575 1037 615 Ea.

186 639 291 688 libertas,
308 651 381 691 quam
396 630 468 680 hahet
482 639 609 690 typotheta,
626 639 654 680 ut
669 639 695 679 in
709 650 798 690 magno
813 638 935 680 volumine
950 630 1058 691 omnia

185 713 288 753 prorsus
300 703 388 744 menda
405 701 577 753 typographica
593 702 658 750 vitet,
678 702 763 743 sufficit
779 703 811 743 ad
828 703 951 753 pecccatum
970 713 1036 743 mor-

185 765 239 816 tatu
253 777 310 806 narn
323 767 374 816 ipse
386 778 480 817 quoque
493 766 543 806 sine
557 766 630 806 dubio
643 765 739 817 physice
752 765 776 807 et
787 766 911 807 moraliter
923 766 984 807 liber
997 768 1037 806 est

185 830 215 870 ad
229 829 325 881 singula
337 831 425 871 menda
438 829 542 871 vitanda.
557 830 681 870 Eiusmodi
694 830 774 871 tamen
787 829 922 871 libertatem
935 830 966 871 ad
979 835 1037 881 gra*v

184 895 245 934 viter
256 894 405 944 peccandum
417 893 523 934 sufficere
533 894 616 946 eodem
630 895 682 935 iure
694 894 777 945 negari
789 894 865 945 potest
878 894 947 946 atque
960 893 1036 935 liber-

184 960 256 1000 tatem
274 960 299 999 in
317 960 372 1000 aliis
388 958 511 1010 exemplis,
530 960 618 1011 quibus
636 955 751 1001 morale-m
769 959 986 1011 impossibilitatem
1005 960 1034 1000 in

183 1024 331 1075 oppositione
347 1025 378 1065 ad
392 1025 516 1076 physicam
531 1026 642 1066 nonnulli
655 1025 760 1077 theologi
775 1016 897 1067 illustrare
910 1026 1033 1073 volebant„

184 1090 233 1131 scil.
245 1092 345 1141 pinepere
355 1091 473 1131 circnlntn
482 1092 616 1142 perlectam
626 1092 664 1132 vel
674 1091 734 1132 aleis
744 1091 813 1132 iactis
821 1092 926 1132 eundem
937 1102 1035 1142 semper

184 1167 314 1197 numerum
329 1156 436 1197 obtinere
456 1158 482 1208 (P
500 1157 559 1207 toa).
578 1158 657 1206 Quare
672 1156 771 1206 omnino
787 1157 918 1199 dicendum
935 1156 1036 1197 videtur

184 1233 261 1273 neone
275 1223 411 1262 collectione
427 1223 492 1273 effici
505 1223 661 1273 infallibilem
675 1224 838 1263 necessitatene
852 1222 1032 1263 antecedentem

184 1288 289 1338 grauiter
308 1287 463 1338 delinquendi
482 1288 508 1327 in
527 1288 608 1339 aliquo
627 1288 682 1329 ectu
700 1288 892 1329 indeterminato.
914 1287 1033 1329 tutatum..
1064 1318 1067 1321 Α

184 1352 239 1393 litas
257 1352 337 1403 igitur,
357 1349 419 1403 quiae
436 1353 529 1406 nullam
548 1353 653 1404 patiatur
670 1353 839 1404 exceptionem,
860 1353 983 1394 derivatur
1001 1364 1031 1392 en

183 1416 266 1458 divina
277 1418 375 1458 scicntia
387 1418 549 1458 condicionete
561 1419 705 1467 futurorum,
718 1419 733 1459 i¹
746 1430 767 1459 e.
780 1429 809 1459 ex
820 1419 903 1470 aliquo
913 1418 1034 1459 elementa

184 1489 340 1533 consequente
355 1484 435 1524 action
451 1484 583 1524 secundum
598 1483 728 1524 voluntatis
743 1483 900 1525 deficientis1.

253 1688 413 1734 Sclrolium.
433 1689 467 1730 De
485 1691 572 1730 natura
589 1690 614 1730 et
632 1688 763 1741 gratuitate
781 1689 849 1731 huius
868 1690 954 1731 auxilii.

241 1800 259 1834 P
274 1800 292 1834 r
307 1798 405 1834 169-172
421 1799 454 1844 [cr.
471 1799 505 1834 111
519 1798 570 1844 eir),
586 1820 612 1826 -
626 1799 674 1834 uer.
690 1797 727 1834 aaa
741 1798 811 1834 conss,

183 1912 235 1954 155.
273 1913 291 1953 1.
310 1913 384 1962 Quale
401 1912 512 1955 auxilium
529 1913 670 1965 requiratur.
695 1916 714 1953 l.
732 1913 771 1953 Ex
788 1913 890 1953 natura
907 1914 947 1953 rei
964 1914 1032 1954 Deus

181 1978 302 2027 eflectum,
317 1979 407 2029 dequo
418 1978 498 2028 agitur
509 1978 534 2018 in
547 1978 615 2026 linesi,
630 1978 712 2018 tnnltis
725 1979 803 2018 modis
815 1978 922 2019 obtinere
935 1978 1023 2029 potest:

181 2043 289 2092 neqatioe
310 2043 456 2084 removendo
475 2044 513 2083 vel
536 2043 693 2083 diminuendo
713 2043 842 2091 obstacula,
865 2044 965 2094 positive
986 2044 1032 2084 ad·-

181 2108 260 2147 dendo
275 2108 312 2147 vel
330 2107 487 2148 coniectando
502 2107 572 2156 vires,
592 2113 687 2147 externe
704 2106 855 2158 providentia
872 2119 916 2149 sua
932 2119 1027 2158 praeca-

180 2173 259 2212 vendo
274 2172 408 2213 occasiones
423 2163 488 2212 mali
498 2173 536 2213 vel
552 2173 693 2213 adducendo
709 2173 818 2213 influxus
834 2174 916 2221 bonos,
933 2174 1031 2213 interne·

181 2236 302 2276 affioiendo
314 2237 432 2288 potentias
445 2236 550 2277 hominis
561 2237 686 2287 inferiores
702 2237 753 2288 (per
767 2248 790 2278 se
803 2237 840 2278 uel
854 2248 897 2289 per
911 2238 1030 2288 augensi.

181 2301 217 2342 uel
239 2302 376 2343 immediate
398 2303 530 2352 superiores
554 2303 606 2353 (per
627 2313 652 2343 se
673 2302 771 2353 ipsum),
793 2302 920 2343 excitando
940 2304 1031 2354 cogita,

180 2365 256 2406 tiones
274 2366 298 2406 et
316 2366 455 2415 affectiones
471 2366 593 2407 'entitatioe
613 2368 734 2415 naturales
760 2368 797 2407 vel
823 2369 1024 2419 saeperitatnrales

180 2430 324 2472 corrierendo
337 2431 428 2471 auxilia
442 2431 544 2471 actualia
557 2433 594 2472 vel
610 2431 761 2472 infundendo
775 2432 838 2473 dona
851 2435 1034 2484 perttzanentinj

179 2506 241 2546 quae
254 2495 408 2536 habitualiter
421 2497 450 2536 ad
464 2497 555 2536 bonum
569 2496 684 2537 inclinent
696 2498 734 2537 vel
749 2509 764 2537 a
777 2497 840 2537 malo
854 2497 969 2538 avertant.

247 2645 255 2665 1
272 2643 354 2678 Eodem
368 2645 432 2679 modo
446 2645 524 2690 postea
540 2644 577 2689 (tn.
594 2645 626 2690 nt)
642 2643 784 2688 infallibilem
798 2644 923 2690 efficaciam
939 2647 1030 2688 arettae

178 2699 218 2734 per
231 2690 347 2726 scientiam
359 2691 456 2727 mediam
469 2692 634 2737 explicabimus.
650 2692 750 2728 Habetur
763 2692 837 2727 autem
851 2701 878 2727 ea
891 2692 1023 2735 differentia

178 2736 239 2781 quod
249 2737 323 2781 gratia
335 2747 433 2782 congrua
444 2747 515 2783 neque
528 2748 613 2784 semper
625 2747 695 2784 neque
707 2739 821 2775 ordinarie
833 2740 940 2775 moralem
952 2749 1030 2776 neces-1

180 2784 270 2819 sitalem
287 2785 452 2821 antecedentem
470 2787 554 2827 causat,
574 2795 625 2821 cum
641 2787 665 2821 in
682 2787 758 2822 nostro
777 2796 831 2823 casu
848 2787 919 2824 fontes
937 2788 1029 2824 tantam

179 2832 289 2866 testentur
306 2831 457 2868 difficultatem
474 2834 565 2869 honeste
583 2833 670 2878 agendi,
689 2835 714 2869 ut
730 2843 807 2869 veram
823 2833 923 2879 aliquam
941 2835 1031 2872 antece

179 2879 267 2914 dentem
280 2878 433 2914 necessitatem
446 2881 559 2925 peccandi,
574 2890 665 2926 eamque
678 2881 786 2917 moralem
799 2881 965 2926 tumulatione,
980 2892 1029 2918 non<

178 2936 231 2962 vero
250 2925 321 2971 solem
340 2927 493 2963 necessitatem
512 2929 681 2974 consequentem
700 2930 798 2965 statuere
818 2930 943 2966 debeamus.
