2214 3350
317 165 429 201 scholium
446 164 462 201 1.
479 164 586 201 Doctrina
603 164 623 200 S.
641 161 761 206 Augustini
941 158 967 195 '65

114 274 159 330 illc
171 274 261 332 litteral)
275 286 330 315 rere
342 275 378 316 est
389 274 514 325 peccatum
529 270 678 324 (habituale).
693 270 857 311 Nihilominus
871 269 964 309 homini

115 335 141 376 in
148 335 249 386 ,peccato
259 336 371 388 originali
383 336 440 377 nato
450 348 481 377 ex
493 334 612 376 sententia
623 334 785 385 plurimorum
799 333 964 383 theologorum

114 399 178 439 nillil
193 399 257 439 deest
271 411 362 449 eorum,
378 411 439 451 quae
455 399 543 439 natura
558 398 666 438 humana
681 395 762 448 exigit.
779 397 843 446 Ergo
858 396 902 436 suh
918 396 964 435 hoe

115 462 223 512 respectu
235 463 341 503 nascitur
351 463 376 503 in
388 461 451 503 statu
462 462 563 502 omnino
575 461 636 500 tono
647 460 671 501 et
682 460 733 500 Deo
744 458 858 510 placente.
873 458 964 499 Tamen

115 524 178 565 idem
190 524 268 566 ‘status
281 526 325 566 sub
340 525 388 566 atio
401 525 509 575 respectu
523 525 559 565 est
573 523 651 564 molus
665 522 688 563 et
702 522 892 573 peccaminosua
906 517 963 561 nam

114 588 219 628 continet
237 589 396 639 privationem
415 587 566 628 rectitudinis
585 584 783 637 supernaturalis,
806 596 879 635 quam
900 584 963 626 Deus

114 650 206 690 homini
227 650 252 691 in
271 651 363 692 Adamo
383 650 522 698 contulerat,
545 661 626 700 quam,
648 648 730 689 contra
750 648 794 688 Dei
814 646 963 687 voluntatem

114 712 186 763 culpa
201 715 294 764 generis
309 714 409 755 humani
432 714 459 753 in
481 725 525 753 suo
547 712 625 763 capite
646 710 816 762 repraesentati
839 710 961 757 amissam,

98 776 178 816 ‘Deus
195 788 212 816 a
229 776 331 827 singulis
348 777 470 827 postulare
488 774 572 827 pergit.
594 775 637 816 Hic
657 773 734 815 status
752 773 895 825 privationis
913 773 963 813 Deo

105 838 242 889 vdisplicens
262 838 364 890 singulis
383 850 454 880 sensu
473 837 575 889 orzolopo
594 837 630 878 est
648 836 800 878 voluntarius
819 836 843 877 et
861 836 962 887 proinde

78 921 79 925 =
113 902 149 942 est
162 912 247 941 oerum
258 908 390 953 peccatum,
405 912 454 941 non
469 901 593 942 materiale
607 900 709 949 tantum,
726 900 767 940 sed
782 900 891 947 formale,
907 898 963 940 licet

113 965 209 1004 nonnisi
229 964 359 1015 criciacum
377 964 408 1005 ad
428 964 553 1015 peccatum
572 964 705 1014 personale.
728 963 835 1003 Eandem
856 961 962 1003 conside

113 1026 236 1075 rationem,
255 1027 338 1077 utique
357 1027 465 1066 nondum
490 1026 628 1067 notionibus
652 1026 702 1066 tam
727 1025 798 1065 claris
822 1024 961 1075 conceptam

113 1100 190 1140 neque
200 1089 310 1130 terminis
320 1090 369 1130 tam
380 1089 500 1130 distinctis
508 1100 654 1140 expressam,
667 1088 816 1140 Aupustinus
829 1088 852 1129 et
863 1099 962 1138 sequen-

45 1182 47 1189 .
113 1153 148 1192 tes
163 1152 246 1193 Patres
261 1153 313 1192 iure
330 1152 503 1193 transtulerunt
519 1153 550 1193 ad
567 1158 646 1191 octus
663 1162 766 1202 quoque,
785 1151 827 1201 qui
845 1163 874 1191 eir
891 1150 961 1202 culpo

111 1215 225 1265 oripinoii
239 1215 341 1265 singulis
357 1215 493 1265 imputribili
510 1215 636 1265 privantur
652 1214 758 1255 bonitate
775 1213 960 1265 supernaturali,

111 1289 185 1328 quam
198 1289 228 1317 ex
240 1277 323 1318 divina
334 1277 484 1318 ordinatione
497 1278 585 1319 debent
597 1278 692 1319 hahere.
708 1278 786 1318 Adam
799 1277 865 1318 enim
880 1277 926 1318 sibi
938 1277 962 1318 et

111 1340 212 1390 posteris
229 1339 362 1381 voluntarie
387 1341 477 1380 ademit
501 1340 683 1390 possibilitatem
710 1339 846 1381 salutariter
864 1340 959 1391 agendi.

112 1403 185 1444 Actus
194 1402 273 1454 igitur
286 1402 432 1450 infidelium,
447 1403 503 1443 lieet
517 1402 693 1443 naturaliter
706 1401 809 1454 optimi
823 1403 847 1443 et
862 1404 961 1444 naturae

112 1476 187 1516 purae
210 1465 311 1506 omnino
334 1465 485 1506 consentanei
504 1465 559 1514 sint,
580 1466 660 1506 tamen
679 1465 798 1516 quatenus
816 1466 900 1507 contra
917 1465 961 1507 Dei

112 1528 258 1569 voluntatem
278 1539 326 1568 non
346 1528 402 1568 sunt
420 1529 635 1578 supernaturaliter
652 1530 711 1569 boni
730 1529 754 1570 et
772 1528 895 1577 salutares,
915 1530 960 1570 hoc

111 1590 213 1638 deiectu,
229 1591 270 1641 qui
285 1591 405 1631 innostro
418 1591 501 1631 ordine
515 1591 552 1632 est
564 1592 615 1632 veri
630 1590 735 1632 nominis
747 1593 859 1643 prion‘tio,
875 1592 960 1633 vitian-

109 1654 149 1693 tur
174 1652 224 1693 sive
248 1653 361 1693 malitia
386 1653 496 1703 peccati
522 1654 677 1704 originalis
703 1654 847 1695 inficiuntur
876 1647 959 1705 (simili

111 1716 183 1756 modo
200 1721 278 1755 motus
298 1716 502 1765 coricupisceiitioe
519 1717 688 1766 praecedentes
705 1728 848 1758 consensum
867 1717 893 1758 in
910 1729 960 1758 non

110 1778 199 1819 renatis
213 1777 313 1829 possunt
325 1778 404 1818 vocari
417 1777 550 1829 peccatum;
566 1779 596 1819 ci.
613 1791 636 1819 n.
653 1779 711 1830 104).
728 1780 807 1831 Opera
820 1780 959 1821 infidelium

110 1841 242 1882 secundum
258 1841 320 1881 hauc
335 1841 549 1881 considerationem
566 1842 621 1882 suut
636 1842 764 1892 peccata,
781 1853 837 1883 non
854 1843 959 1894 impro-

110 1904 173 1954 prie
191 1903 215 1944 et
234 1897 393 1954 metaphorice
412 1903 509 1944 tamum:
528 1903 653 1955 iainquam
672 1906 815 1956 imperfecta
833 1907 858 1947 et
877 1905 958 1947 minus

110 1967 173 2007 bona
190 1968 281 2018 (revera
295 1966 360 2006 enim
375 1966 534 2007 adversantur
548 1967 596 2018 legi
612 1967 672 2019 Dei),
692 1979 784 2019 neque
799 1969 959 2010 materiali-

110 2023 153 2070 ter
173 2030 284 2070 tantum
309 2029 373 2081 (quia
389 2029 428 2068 hic
445 2029 551 2070 deiectus
568 2030 660 2070 homini
677 2042 753 2081 aeque
770 2033 920 2073 voluntarius
937 2033 960 2073 et

110 2092 260 2143 imputabilis
273 2092 309 2132 est
323 2092 393 2142 atque
407 2092 532 2142 peccatum
547 2092 682 2145 originale),
700 2095 741 2135 sed
756 2106 787 2135 ex
801 2096 878 2136 altera
891 2096 958 2147 parte

110 2168 201 2207 neque
228 2157 351 2207 tamquam
378 2155 514 2196 formalia
540 2157 657 2207 peccata
683 2160 861 2209 personalia,
890 2161 957 2211 quasi

110 2222 183 2262 homo
199 2222 230 2262 iis
245 2219 421 2262 committendis
444 2220 514 2262 tieret
536 2233 612 2263 norae
635 2223 720 2274 culpae
735 2226 760 2266 et
777 2236 853 2266 novae
870 2237 958 2276 poenae

109 2287 204 2337 praeter
216 2285 311 2337 culpam
322 2285 347 2325 et
357 2295 459 2335 poenam
472 2285 562 2335 peccati
575 2286 701 2338 originalis
713 2300 769 2330 reus
783 2290 859 2341 (error
870 2291 959 2331 Pseud-

105 2351 277 2407 acpostinisoii
293 2348 477 2390 protestantium
493 2351 556 2402 etc).
575 2353 637 2393 Sunt
652 2353 726 2404 igitur
741 2355 837 2404 peccate
854 2356 957 2396 tornia-

106 2414 147 2455 lia
162 2426 232 2455 sensu
245 2425 322 2462 vere,
338 2414 377 2453 sed
390 2413 512 2465 analogo
527 2416 558 2456 ad
572 2417 697 2467 peccatum
711 2419 842 2469 personale.
859 2420 956 2461 Nullam

107 2479 181 2519 aliam
195 2479 313 2519 malitiam
328 2488 403 2527 neque
418 2476 496 2518 ullum
511 2478 588 2520 alium
604 2481 697 2522 reatum
712 2483 802 2524 hahent
816 2495 890 2535 quam
904 2495 957 2535 pec-

52 2576 54 2579 ,
107 2543 154 2583 cati
166 2541 337 2593 originalis.
358 2541 508 2591 Augustinus
527 2555 575 2584 non
595 2545 653 2587 dicit
672 2545 724 2587 istis
742 2548 856 2598 operibus
875 2550 957 2600 nuperi

108 2602 288 2648 damnationem
304 2604 447 2662 infidelium.
464 2606 548 2648 Potius
561 2609 592 2649 ob
607 2621 636 2650 ea
650 2611 733 2651 mitior
746 2623 824 2662 poeno
839 2614 958 2663 speranda

108 2671 145 2712 est
161 2672 205 2723 (De
219 2670 276 2721 spir.
294 2675 316 2709 et
330 2668 374 2708 titt.
390 2671 425 2717 28,
443 2672 469 2711 48
486 2671 527 2729 [et.
544 2684 567 2712 n.
586 2674 654 2733 100]).
673 2676 795 2724 Quatenus
811 2677 870 2718 haee
885 2688 957 2731 opera

108 2735 242 2775 secundum
253 2733 419 2784 apparentium
431 2735 488 2775 sunt
498 2737 598 2777 omnino
611 2738 676 2779 recta
688 2739 711 2780 et
724 2740 823 2782 naturae
836 2741 958 2782 humanae

107 2797 271 2845 censentanea,
289 2807 371 2846 reapse
386 2796 468 2837 autem
484 2798 580 2841 nullum
596 2802 701 2842 valorem
718 2804 749 2844 ad
765 2815 863 2845 verum
881 2805 957 2846 homi-

107 2862 146 2903 nis
170 2863 245 2903 finem
270 2860 365 2908 habent,
391 2861 446 2911 apte
470 2864 587 2904 vocantur
614 2868 831 2909 «mendacium»
853 2870 955 2921 ,micus

107 2939 159 2967 ean.
179 2926 224 2976 22),
252 2924 329 2965 «vitia
345 2925 446 2966 virtutes
464 2927 602 2969 imitantia»
631 2930 750 2982 (lulianus
768 2934 901 2984 Pometios,
922 2936 956 2977 De

149 3024 209 3052 Lentu,
221 3023 244 3048 De
256 3021 317 3048 Gratia.
909 3030 927 3065 5,
