2214 3350
133 130 170 166 202
269 129 322 166 secr.
338 130 366 165 Π.
381 129 426 164 Art.
442 129 470 164 II.
485 129 516 163 De
529 126 743 172 supernaturalitate
756 126 843 170 gratiae

133 237 249 289 petitioni,
267 244 314 289 qua
330 237 402 279 homo
413 236 536 277 mendicus
551 235 574 276 et
587 235 643 277 vilis
656 248 669 276 11
683 246 737 285 repe
751 235 861 285 adoptari
874 234 898 275 et
911 234 978 274 bercs

132 302 199 352 repni
211 302 323 343 constitui
330 301 407 350 vellet,
416 300 509 342 etiamsi
515 301 585 341 antea
597 311 646 340 non
658 299 797 350 ostendisset
808 310 896 349 regem.
910 297 978 347 Quod

132 367 153 406 si
169 365 269 415 iecisset,
286 366 330 407 tali
345 366 457 418 petitione
473 363 555 415 ntique
570 364 648 415 magis
664 362 782 414 ineptiret.
800 362 880 404 Potest
893 361 978 409 ‘haberi
995 362 997 365 ’

132 430 199 471 valor
218 429 403 481 impetratorius‚
429 428 526 479 quando
551 430 635 469 mortis
655 440 709 468 rcus
729 427 788 479 petit
813 427 978 468 remissionem

131 495 171 535 vel
181 487 355 546 mitigationem
367 504 463 545 poenae.
476 493 583 543 -Quae
595 494 616 534 si
628 493 658 533 ad
670 490 779 533 nostrum
791 504 874 533 casum
885 490 978 543 appli-

132 570 239 608 camus,
256 559 384 599 dicendum
397 557 453 598 erit:
470 558 500 598 In
513 558 561 598 aiio
574 557 658 598 ordine
671 556 789 597 naturalis
802 555 885 608 petitio
898 567 978 607 pecca

130 621 191 663 toris
208 623 286 674 posset
304 622 402 663 fortasse
426 621 506 662 valere
529 621 623 672 aliquid
641 622 671 662 ad
689 620 867 672 impetrandam
891 632 905 661 a
929 622 978 661 Deo
1031 676 1033 679 Ι
1105 646 1107 665 ff

132 687 296 727 remissionem
308 696 400 736 poenae
413 691 530 734 oeternum
544 686 629 727 saltem
642 696 690 726 non
703 686 739 726 est
752 685 849 726 evidens
864 684 906 727 tali
920 685 977 736 peti-

132 751 191 792 tioni
206 761 301 791 omnem
316 750 495 801 proportionem
510 750 598 790 deesse.
615 750 645 791 At
660 760 750 800 rogare,
767 750 795 791 ut
809 749 873 790 Deus
888 749 977 789 creatu-

119 827 191 867 ram,
206 816 255 856 sive
266 814 421 866 peccatricem
432 812 481 855 sive
494 814 652 862 innocentem,
666 814 762 864 adoptet
773 814 799 854 in
812 813 898 862 tiliam,
912 825 977 854 assu-

132 879 182 920 mat
198 878 223 919 in
240 889 360 929 sponsam,
378 878 462 919 reddat
479 884 612 919 consortem
628 877 723 918 divinae
740 883 847 927 naturae,
867 878 926 919 adeo
942 878 977 919 est

131 942 423 993 improportionatum
435 941 570 983 condicioni
583 941 704 983 creaturae
718 942 874 984 essentialiter
887 953 975 991 servae,

131 1007 159 1047 ut
175 1006 223 1047 iam
240 1017 270 1047 ex
286 1007 340 1058 ipsa
355 1006 435 1048 indole
452 1005 573 1057 petitionis
591 1006 674 1047 nullus
690 1006 721 1047 61-
731 1006 849 1058 competat
866 1007 976 1058 impetra-

131 1070 206 1111 torius
221 1071 296 1111 valor.
321 1071 400 1121 Quare
422 1071 486 1111 Deus
508 1071 608 1111 omnino
631 1076 787 1112 consentanee
810 1072 841 1111 cd
864 1076 976 1112 naturam

130 1146 211 1175 rerum
227 1134 299 1176 talem
314 1134 446 1176 orationem
461 1146 509 1175 non
523 1134 557 1176 ita
571 1134 684 1185 acceptat,
701 1134 728 1176 ut
742 1135 839 1186 propter
854 1147 908 1176 eam
923 1146 976 1176 con-

130 1198 192 1240 terat
209 1198 318 1250 gratiam.

206 1414 306 1459 Tlresr's
323 1416 365 1460 10.
383 1413 483 1456 Praeter
507 1415 611 1467 gratiam
636 1414 782 1457 habitualem
808 1415 881 1457 etiam
906 1417 975 1458 actus

129 1479 249 1519 salutares
263 1479 381 1520 eteorum
395 1477 516 1532 principia,
530 1477 627 1521 babitus
641 1478 714 1520 infusi
727 1479 839 1522 virtutum
855 1480 879 1521 et
893 1480 974 1522 actua

129 1542 161 1583 lia
172 1542 266 1595 gratiae
277 1542 373 1590 auxilia,
386 1543 442 1585 sunt
454 1542 578 1584 entitative
590 1544 615 1584 et
626 1541 763 1596 simpliciter
775 1544 973 1597 supernaturalia.

131 1657 186 1697 292.
220 1658 238 1693 Ρ
252 1656 328 1693 66-88.
342 1677 366 1683 -
379 1657 431 1694 Lah.
447 1656 523 1693 71-81.
538 1676 563 1683 -
576 1657 651 1694 schin.
667 1658 698 1695 th.
716 1656 739 1694 12
752 1657 781 1694 13.
796 1677 820 1684 -
833 1658 881 1696 Ber.
898 1656 974 1699 ec-ca

128 1729 152 1736 -
163 1711 186 1746 V.
201 1711 220 1747 d.
235 1711 335 1746 Meerscb
346 1710 446 1747 aea-248.
460 1730 484 1736 -
494 1712 566 1747 Franz
578 1711 676 1755 Schmid,
690 1711 730 1748 Die
743 1711 974 1748 Uebernatiirlichkeit

130 1762 169 1798 der
181 1762 346 1798 menschlichen
358 1762 472 1799 Heilsakte
487 1764 560 1809 (ZkTh
574 1762 597 1800 12
612 1762 679 1810 [1888]
695 1762 912 1810 263-289119-159).

200 1878 240 1924 St.
253 1890 300 1934 qu.
321 1881 341 1919 1.
356 1877 445 1920 Nexus.
461 1879 496 1919 Ex
508 1878 543 1919 th.
558 1882 572 1920 9
585 1878 677 1920 constat
690 1879 770 1930 aliqua
783 1880 846 1920 dona
859 1854 911 1921 viae
924 1890 976 1921 esse

127 1942 250 1984 entitative
262 1943 286 1984 et
299 1942 440 1994 simpliciter
453 1943 651 1994 supernaturalia.
668 1944 737 1984 Nunc
750 1942 888 1995 inquiritur,
904 1954 974 1994 qnae-

128 2017 186 2046 nnm
199 2006 259 2046 haec
272 2006 327 2047 sint.

128 2124 183 2164 293.
219 2126 240 2164 2.
260 2122 357 2164 Sensus.
369 2123 485 2164 Praeter
498 2124 617 2172 gratiam
632 2123 810 2171 habitualem
825 2124 874 2165 sive
890 2124 974 2165 sancti-

127 2187 248 2236 ficantern⁷
260 2198 320 2238 quae
331 2186 426 2237 speciali
436 2187 575 2238 probatione
585 2199 634 2228 non
643 2187 774 2237 11111361-
783 2187 818 2230 est
827 2189 893 2229 enim
904 2198 974 2229 causa

129 2252 237 2292 formalis
258 2251 370 2292 consortii
392 2251 487 2293 divinae
507 2252 614 2300 naturae,
637 2251 761 2294 filiationis
783 2252 909 2303 adoptivae
928 2252 972 2294 etc.

131 2316 173 2367 (th.
186 2319 213 2357 11
226 2316 260 2367 15)
274 2316 298 2357 et
309 2316 396 2357 ultima
408 2316 477 2356 radix
488 2315 561 2356 totius
572 2315 634 2356 vitae
648 2315 843 2367 supernaturalia
858 2317 907 2358 alia
918 2328 974 2358 vero

128 2380 190 2420 dona
202 2380 300 2421 eatenus
313 2380 370 2421 sunt
383 2380 580 2431 supernaturalia,
596 2379 714 2431 quatenus
727 2379 835 2422 ordinem
849 2382 881 2422 ad
895 2381 972 2432 ipsam

128 2444 218 2484 habent
235 2444 274 2495 (ci.
291 2444 345 2495 Rip.
364 2444 424 2495 disp.
442 2444 474 2495 1);
490 2470 520 2475 —
536 2444 622 2484 etiam
638 2445 718 2485 actus
733 2445 886 2494 salutares,
911 2445 926 2486 i.
951 2456 971 2485 e.

128 2508 228 2559 positive
240 2508 405 2559 promoventes
418 2508 518 2549 salutem
532 2508 634 2557 animae,
649 2510 697 2550 sive
711 2509 738 2550 ut
751 2509 781 2549 de
794 2509 913 2560 condigno
925 2520 972 2550 me

128 2572 204 2614 ritorii
216 2572 304 2623 gloriae
318 2574 366 2614 sive
379 2574 406 2614 ut
417 2572 569 2623 disponentes
581 2574 612 2613 ad
625 2571 819 2614 iustificationem
834 2574 874 2625 (ci.
888 2585 911 2613 n.
925 2574 972 2625 34);

127 2638 466 2690 ᾖ-68661111111111111111111ς
480 2637 670 2689 supernaturalia
683 2638 747 2679 enim
759 2637 878 2689 principia
892 2650 972 2679 secun-

128 2703 187 2743 dum
199 2702 234 2743 th.
248 2704 259 2741 1
271 2705 285 2742 2
297 2705 309 2742 8
322 2703 352 2743 ad
364 2713 460 2743 omnem
473 2702 552 2743 actum
565 2701 693 2743 salutarem
707 2703 763 2743 sunt
774 2703 882 2744 absolute
895 2714 972 2744 neces-

128 2766 197 2814 saria,
211 2766 289 2816 idque
297 2767 428 2806 secundnm
440 2778 464 2806 n.
480 2769 518 2807 188
530 2766 563 2807 ad
575 2765 709 2817 superiores
720 2767 784 2807 vires
796 2767 907 2818 physicas
919 2779 973 2809 con-

128 2832 246 2872 ferendas.
259 2830 321 2870 Haec
332 2829 410 2870 autem
421 2830 541 2881 principia
552 2831 608 2871 sunt
618 2829 722 2881 duplicis
732 2832 832 2882 generis,
845 2831 881 2872 uti
892 2832 973 2882 postea

128 2894 269 2945 probabitur
292 2894 335 2945 (th.
359 2896 384 2934 13
405 2895 428 2935 et
450 2895 499 2946 18):
531 2894 648 2935 habitus
674 2894 790 2945 operativi
818 2894 971 2944 virtutum,
