2214 3350
175 181 212 218 132
353 180 409 217 Sect.
426 181 454 217 ΙΙ.
472 180 517 216 Art.
536 180 551 215 Ι.
569 181 599 216 De
617 178 737 224 gratuitate
754 178 841 223 gratiae

235 291 315 336 napos.
332 289 474 336 quarundam
488 297 574 334 propos.
589 298 617 324 'cu
631 287 686 323 Rom
700 286 781 324 att-an
799 287 870 323 Datur
885 287 959 332 gratia
974 287 1022 333 Spi÷

173 343 231 378 ritus
244 342 320 379 Sancti
333 343 362 378 ad
373 343 429 378 bene
440 341 579 387 operandum
590 340 626 382 iis,
640 340 680 385 qui
689 348 730 385 per
741 338 839 384 aliquem
851 340 936 383 motum
950 339 1020 380 bonae

174 394 303 438 voluntatis,
321 394 453 441 praesertim
468 402 508 439 per
524 392 595 437 fidem,
615 401 638 427 se
654 391 754 427 iecerunt
771 391 856 436 dignos.
875 393 934 428 Deus
950 391 1020 436 igitur

173 455 220 482 non
234 446 296 491 eligit
310 447 335 482 in
348 444 638 489 iustificandisffihominibus
653 443 712 479 hona
726 452 799 489 opera,
817 443 856 479 sed
870 442 942 480 fidem.
959 444 1020 479 Haec

174 499 223 534 sola
233 498 347 534 voluntate
358 498 458 533 humana
468 495 596 542 praestatur
606 504 677 540 neque
689 496 722 530 est
734 495 839 539 pictatia,
853 496 897 531 nisi
909 496 1019 540 quatenus

175 550 285 596 supponit
298 550 398 595 aliquam
413 548 551 584 uocationem
569 539 700 593 (generatim
717 547 839 594 externam)
858 547 957 592 indignis
974 548 1020 583 iao-

175 604 227 638 tam.
239 624 265 631 -
275 603 306 638 De
318 600 411 636 diuersis
422 609 454 645 qq.
468 600 493 635 83
504 608 523 644 q.
536 598 592 636 6811.
605 599 646 636 3s:
660 597 768 635 Voluntas
780 599 826 643 Dei,
840 608 884 644 qua
895 599 959 636 cuius
971 599 1019 636 vult

174 655 292 690 miseretur
309 653 330 688 et
346 661 412 698 quem
427 651 474 687 vult
491 651 588 695 indurat,
607 650 693 686 iniusta
710 660 756 687 esse
774 660 820 686 nou
836 651 913 697 potest.
935 664 945 684 ιι
954 651 1019 687 Venit

175 708 234 743 enim
248 708 274 743 de
289 705 442 741 occultissimis
457 704 549 746 maritis,
564 704 618 749 quia
632 705 652 739 et
666 704 709 750 ipsi
723 705 849 753 peccatores
864 715 915 741 cum
928 705 1019 751 propter

173 756 277 805 generale
295 760 410 805 peccatum
426 767 496 793 uuam
513 766 613 793 massam
629 757 728 801 iecerint,
747 767 793 793 aon
811 760 886 794 tamen
903 759 966 794 nulia
976 753 1019 796 est

174 815 233 849 inter
257 814 307 849 illos
333 813 454 848 diuersitas.
481 811 597 848 Praecedit
622 821 673 856 ergo
699 811 784 857 aliquid
809 813 834 848 in
857 812 1017 858 peccatoribus,

174 876 223 912 quo,
243 868 344 912 quamtis
367 867 466 901 nondum
484 865 529 900 sint
546 865 667 909 iustificati,
687 864 749 910 dipui
767 865 891 903 efficiantur
914 866 1019 911 iustifica-

175 921 247 962 tione:
259 921 280 956 et
297 921 350 955 item
367 918 479 965 praecedit
502 918 528 954 in
551 918 602 954 aliis
627 918 785 965 peccatoribus,
811 929 854 964 quo
879 919 941 965 digni
966 921 1019 956 sunt

173 972 294 1007 obtusione.
304 984 314 1003 n

205 1050 207 1053 ⁴
241 1053 264 1104 b)
284 1053 396 1094 Scribens
411 1054 451 1094 Aa
469 1053 690 1104 Simplicianum
709 1055 728 1101 i,
746 1056 760 1094 2
777 1053 912 1093 absolutam
927 1051 1017 1102 proriae

172 1118 324 1168 pratuitatem
342 1118 392 1159 iam
410 1119 514 1169 perfecte
533 1118 649 1168 copaouit,
675 1118 702 1159 ut
726 1117 760 1158 ibi
778 1117 841 1158 nihil
867 1116 1015 1165 remanserit,

174 1194 240 1234 «quo
257 1183 353 1223 vocetur
371 1182 396 1222 in
414 1183 516 1224 dubium
533 1182 635 1233 gretiam
654 1181 696 1223 Dei
715 1194 762 1223 non
781 1182 913 1222 meandum
932 1181 1017 1222 merita

172 1247 253 1288 nostra
269 1247 339 1287 dari»
359 1247 402 1299 (Dc
418 1247 479 1287 douo
496 1258 586 1298 persev.
604 1249 638 1296 21,
657 1250 683 1288 55
700 1247 730 1305 [R
746 1247 830 1306 aunei).
1011 1248 1013 1252 ’

232 1340 272 1376 Est
287 1340 381 1375 intentio
396 1339 501 1385 Apostoli,
519 1348 575 1384 quae
590 1348 631 1385 per
646 1338 716 1374 totam
732 1348 764 1384 ep.
783 1339 812 1374 ad
827 1310 889 1383 Rom.
907 1326 1017 1383 vigeant

103 1400 105 1404 ’
173 1394 198 1429 de
214 1402 306 1438 operum
319 1394 405 1429 moritis
420 1402 484 1428 acmo
501 1393 613 1437 piorictur.
631 1393 703 1437 Quare
718 1392 770 1438 fidei
786 1392 883 1437 prauam
898 1391 1017 1442 praeponit

171 1448 275 1493 operibus
295 1448 324 1494 (n.
343 1447 370 1493 2).
390 1448 435 1483 Nec
452 1441 504 1482 fidei
521 1446 602 1482 merita
620 1446 755 1491 praecedunt
773 1445 949 1481 misericordiam
967 1445 1013 1487 Dei,

171 1501 225 1545 quia
236 1500 290 1545 fides
303 1500 353 1545 ipsa
366 1501 423 1535 inter
436 1500 494 1535 duaa
508 1500 593 1544 gratiae
606 1499 743 1534 numeratur.
758 1500 817 1544 Ergo
831 1500 881 1535 ante
895 1508 959 1535 omne
971 1508 1016 1534 me-

171 1554 239 1589 ritum
256 1554 288 1589 est
304 1553 380 1599 gratia
396 1552 430 1599 (7).
448 1553 555 1588 Voluntas
573 1553 630 1588 bona
646 1553 678 1588 est
689 1553 780 1599 *donum*
793 1553 832 1589 Dei
850 1552 897 1599 (12).
916 1552 1015 1599 Efficitur

171 1618 185 1643 a
199 1609 243 1642 Deo
258 1607 449 1652 pernoctationem
465 1615 586 1650 coupruam
603 1605 650 1652 (13).
666 1606 723 1642 Aliis
736 1608 796 1642 Deus
810 1615 856 1642 non
871 1607 954 1650 erogat,
971 1615 1015 1655 quo

169 1660 272 1696 meliores
282 1659 344 1704 fiant,
356 1661 379 1695 et
388 1660 418 1695 sic
428 1669 474 1695 non
484 1659 609 1695 miserendo
620 1669 656 1696 eos
668 1659 767 1695 obdurat.
781 1660 807 1696 Id
816 1658 841 1694 fit
851 1660 915 1696 uuita
926 1659 1015 1695 distinc-

170 1715 228 1749 tione
238 1713 370 1748 meritorum
383 1713 421 1760 (15)
434 1714 455 1750 et
465 1714 513 1749 sine
524 1713 571 1749 ulla
581 1713 699 1757 iniustitia,
712 1714 765 1758 quia
776 1723 852 1750 omnes
863 1714 964 1750 homines
975 1723 1015 1760 per

168 1767 239 1803 Adam
252 1767 305 1803 sunt
320 1775 385 1802 «uua
400 1767 509 1812 quactum
521 1775 597 1802 massa
611 1768 700 1813 peccati,
716 1767 851 1813 supplicium
865 1768 946 1803 debens
961 1768 1014 1803 divi-

168 1829 211 1856 nae
228 1829 372 1865 summaeque
388 1820 493 1863 iustitiae,
513 1821 571 1864 quod
587 1820 633 1856 sive
650 1821 751 1865 exigatur
768 1821 814 1857 sive
832 1821 931 1864 donetur,
950 1820 1014 1857 nulla

133 1897 135 1900 ι
169 1874 202 1910 est
217 1874 351 1919 iniquitas»,
369 1874 416 1909 Hac
431 1875 457 1909 in
472 1883 495 1909 re
512 1873 667 1910 inscrutabilia
684 1875 736 1910 sunt
753 1874 837 1910 iudicia
852 1875 893 1910 Dei
912 1873 958 1922 (16).
977 1875 1014 1911 Sic

168 1928 240 1963 omnis
252 1926 356 1972 gloriatio
369 1927 469 1962 humana
482 1926 570 1963 exclusa
583 1928 622 1963 est.
637 1928 717 1964 Omnia
730 1928 795 1970 enirn,
810 1937 866 1973 quae
879 1929 937 1964 Deus
951 1937 1014 1975 prae·

168 1981 229 2026 cipit,
241 1980 288 2026 ipse
301 1980 399 2025 gratuito
410 1980 474 2015 nobis
486 1980 593 2025 largitur:
610 1989 697 2016 omnem
708 1983 789 2016 uatum
800 1982 921 2017 uoluntatis
936 1983 1012 2025 bonae,

168 2035 248 2080 petere,
267 2042 380 2078 quaerere,
397 2033 494 2079 pulsare,
512 2043 562 2069 cum
579 2034 653 2070 dolore
670 2035 790 2077 advertere,
809 2044 876 2079 quam
892 2035 967 2082 tepida
984 2036 1014 2079 sit

167 2087 246 2122 nostra
260 2087 330 2122 oratio
345 2087 384 2122 etc.
402 2087 448 2133 (21).
464 2087 620 2123 Diversitatcm
634 2087 739 2133 aliquam,
755 2090 877 2125 secundum
892 2098 959 2134 quam
972 2090 1013 2126 fiat

168 2140 251 2181 electio,
265 2140 289 2174 in
302 2140 379 2176 eadem
391 2141 545 2186 conspersione
557 2143 698 2187 peccatorum
710 2143 849 2187 Augustinus
862 2151 954 2189 prorsus
967 2152 1013 2180 non

167 2194 232 2228 videt.
248 2193 271 2229 Si
283 2193 330 2239 ipse
343 2194 457 2230 statuerit:
472 2194 512 2230 Ille
525 2194 639 2239 eligendus
651 2195 744 2239 videtur,
759 2197 797 2242 qui
810 2197 883 2233 maius
896 2197 1013 2242 ingenium

167 2246 202 2282 vel
214 2247 301 2283 minora
312 2249 403 2292 peccata
414 2248 448 2283 rel
460 2249 578 2294 utrumque
591 2249 658 2285 habet
669 2250 704 2285 vel
716 2250 808 2296 insuper
821 2250 925 2287 honestas
938 2252 1013 2287 utiles-

168 2309 209 2344 que
223 2299 340 2344 doctrinas,
355 2303 413 2338 Deus
426 2311 476 2338 eum
489 2302 575 2347 ridebit,
590 2303 679 2348 infirma
693 2304 783 2348 clipeus,
796 2304 918 2350 piscatores
932 2306 953 2342 et
965 2303 1013 2351 pecss

168 2355 259 2389 catores.
277 2355 300 2391 Si
316 2355 385 2390 tortae
400 2355 525 2391 uoluntates
540 2356 659 2401 eliguntur,
676 2356 719 2393 hae
734 2368 774 2404 per
789 2358 913 2403 gratuitum
929 2359 1012 2396 donum

167 2407 254 2451 gratiae
270 2417 280 2443 e
296 2408 363 2444 malis
378 2410 440 2454 prius
456 2409 571 2455 faciendae
589 2412 641 2446 suut
658 2411 726 2446 bonae
745 2411 792 2457 (22).

236 2491 255 2541 o]
277 2492 341 2533 Hanc
361 2493 493 2534 doctrinam
513 2494 593 2544 postea
612 2494 705 2537 strenue
724 2496 863 2538 adversus
882 2497 1011 2549 Pelagia-

166 2566 217 2595 nos
232 2555 255 2596 ei
271 2557 518 2610 Semipelagianos
534 2559 648 2600 defendit.
665 2560 770 2602 Pracitce
788 2562 886 2612 quidem
903 2574 932 2603 ex
947 2563 1011 2614 utra

165 2632 212 2671 que
226 2622 298 2670 parte,
314 2622 420 2673 neglecta
433 2623 510 2674 gratia
523 2624 657 2675 sufficiente
671 2625 783 2667 omnibus
797 2627 883 2676 oblata,
900 2627 949 2669 iere
962 2639 1011 2668 non

165 2684 331 2726 attendebatur
346 2687 393 2727 nisi
409 2688 440 2728 ad
456 2688 557 2738 gratiani
574 2689 706 2740 efficacem·
722 2702 796 2742 quare
813 2691 921 2733 doctrina
937 2705 1009 2745 angu-

165 2748 269 2789 stiniana
282 2749 331 2790 tam
346 2753 405 2793 dura
420 2751 545 2793 videbatur
559 2754 582 2795 et
597 2755 781 2806 semipelagiani
796 2755 918 2808 tantopere
932 2758 1010 2799 eidem

166 2814 345 2856 reluctabantur
365 2817 395 2868 (v.
415 2829 438 2857 n.
458 2818 562 2868 57—59).
583 2820 629 2860 Sed
648 2820 672 2860 S.
691 2821 840 2872 Augustinus
858 2821 1010 2873 gratuitatem

164 2878 254 2930 gratiae
268 2890 296 2919 ca
307 2881 359 2931 ipso
372 2888 485 2932 conceptu
498 2882 597 2932 derivat
611 2884 666 2925 hinc
678 2885 730 2926 eius
742 2885 877 2928 testimonia
888 2899 931 2938 pro
944 2889 1011 2929 omni

163 2944 241 2994 pratia
256 2944 357 2985 salutari
370 2946 456 2988 valent.
