2214 3350
234 160 235 163 Ἴ
267 177 379 214 scholium
393 177 411 213 2.
427 178 458 211 De
473 176 537 211 donis
553 175 649 221 Spiritus
664 175 740 211 Seneti
892 166 929 210 347

78 285 316 337 quetenushabitus
337 284 433 325 virtutis
449 294 497 324 non
514 283 602 323 dieitur
618 283 709 323 donum
732 283 778 323 nisi
801 281 927 323 accedente

79 348 177 399 speciali
193 348 216 389 et
229 348 311 389 altiore
327 348 430 388 motione
448 346 552 397 Spiritus
569 345 657 393 sanein
676 345 691 384 i.
710 357 729 385 e.
746 345 837 386 donum
854 356 927 396 super

78 411 192 452 virtutem
204 411 272 452 eddit
284 410 440 452 mobilitatem
454 408 563 460 respectu
577 406 669 449 eltioris
680 408 799 448 motionis.
814 432 845 437 -
859 410 926 449 Gorn-

79 475 177 514 muoius
189 485 244 514 eum
257 474 279 513 S.
293 475 399 514 Thomu
409 474 473 513 dona
484 471 603 512 habentur
615 472 722 512 distincti
734 472 829 512 habitus
842 472 924 511 infusi.

79 537 194 588 Nonnulli
209 536 292 577 notant
305 548 435 577 numerum
448 536 611 586 septenarium
626 545 674 574 non
688 544 740 574 esse
753 532 853 582 certum,
869 533 927 585 quia

78 611 121 650 per
136 599 239 640 eundem
256 599 323 640 ieeile
340 599 473 650 significari
488 598 564 648 possit
578 597 703 648 plenitudo
720 598 838 647 quaedam
854 598 926 637 dono-

79 674 133 703 rum
150 673 226 712 neque
242 662 331 703 constet
346 663 433 703 Isaiern
449 661 553 702 voluisse
569 662 626 701 dare
643 659 785 709 completam
802 670 926 700 enumera-

79 726 169 766 tionem
182 725 286 776 (suarez,
300 726 316 765 l.
329 729 342 766 6
354 737 373 765 e.
388 728 413 766 10
426 736 449 764 n.
464 727 499 772 103
512 724 565 763 Ber.
579 724 639 774 925).
654 722 753 763 Patres
765 733 849 763 omnes
861 724 926 773 apud

79 788 166 829 lsaiam
182 799 309 843 numerum
327 787 488 838 septenarium
505 785 639 835 inveniunt
656 784 847 826 Alexandrini
867 786 925 836 (Gle-

78 862 146 890 mens
158 850 181 892 et
194 851 325 902 (lupence),
334 851 390 891 dein
397 849 509 900 quattuor
522 850 604 900 magni
619 848 703 889 Patres
715 848 811 897 latini,
820 858 926 899 praeser-

77 914 120 955 tim
134 913 282 961 Amfflostns,
296 914 376 954 tenent
388 913 478 964 septem
492 914 555 953 done
568 913 631 953 inter
643 923 667 952 se
681 904 925 963 specifice'distinetm

76 977 118 1017 sed
131 977 215 1020 Patres,
224 977 248 1017 et
258 977 366 1027 exegetae
379 975 551 1016 Antiocheni
564 975 730 1017 contradicunt
745 976 880 1028 (Mitterer).
894 1001 926 1006 -

77 1036 188 1095 Plerique
203 1039 305 1089 theologi
321 1037 452 1079 admittunt
466 1044 556 1088 septem
571 1038 667 1079 habitus
682 1037 777 1079 realiter
792 1037 923 1079 distinctos.

78 1102 117 1142 Sic
134 1114 157 1142 v.
177 1114 200 1152 g.
221 1103 245 1142 S.
267 1101 467 1141 Beneventum
487 1100 569 1141 statuit
588 1100 697 1151 septenos
715 1100 813 1154 habitus
832 1100 926 1142 infusos

60 1196 61 1203 ,
78 1164 202 1213 virtutum,
220 1164 337 1205 donorum
353 1164 377 1204 et
392 1163 569 1203 beatitudinum
587 1163 719 1215 (Bonnefop
734 1163 751 1203 l.
769 1174 789 1203 c.
806 1165 852 1215 65).

75 1249 130 1320 ciel,
164 1280 194 1314 De
206 1278 293 1313 ratione
304 1277 441 1313 discriminis
452 1277 511 1312 inter
523 1277 582 1312 dona
594 1277 615 1312 et
626 1276 720 1311 virtutes
731 1277 778 1312 iem
793 1276 815 1313 S.
827 1260 926 1314 Thomas

80 1331 108 1376 (S.
126 1330 156 1365 th.
173 1330 190 1373 1,
206 1329 251 1374 eq.
268 1329 292 1365 68
307 1339 325 1365 a.
343 1331 353 1366 1
369 1330 390 1364 et
404 1329 432 1365 m
446 1329 458 1365 3
473 1329 492 1365 d.
509 1328 533 1364 34
548 1338 566 1373 q.
585 1328 594 1364 1
611 1338 630 1364 a.
648 1328 667 1374 1)
683 1328 784 1364 multas
800 1329 924 1364 diversas

77 1382 220 1426 opiniones
237 1381 362 1417 recenset1:
384 1381 405 1426 a)
422 1381 486 1415 Dona
503 1380 556 1415 sunt
572 1381 598 1415 in
614 1380 727 1425 superiore
745 1381 809 1425 parte
827 1381 923 1419 animae,

77 1434 170 1468 virtutes
182 1433 207 1468 in
218 1433 331 1474 interiore;
343 1432 365 1478 h)
380 1433 438 1468 dona
450 1433 503 1467 sunt
515 1431 588 1478 magis
600 1431 626 1466 in
637 1432 731 1475 ratione,
744 1431 839 1467 virtutes
851 1433 924 1477 magis
988 1452 992 1457 =

77 1485 102 1520 in
118 1484 241 1527 voluntate;
261 1485 280 1531 c]
300 1483 359 1519 dona
378 1484 461 1519 dantur
480 1484 509 1519 ad
528 1480 677 1519 resistendum
696 1483 761 1527 malo,
781 1484 876 1520 virtutes
896 1485 925 1519 ad

76 1537 215 1582 operandum
229 1536 319 1578 bonum;
336 1535 357 1581 d)
374 1535 468 1571 virtutes
484 1535 513 1570 ad
528 1535 699 1581 expurgandum
714 1545 727 1570 a
743 1536 847 1580 peccetis,
865 1536 924 1571 dona

77 1585 105 1623 ad
124 1588 251 1623 sanandum
269 1597 283 1622 a
300 1584 395 1632 sequelis
413 1587 506 1632 peceati;
525 1588 545 1633 e)
563 1586 657 1622 virtutes
676 1586 817 1623 conformant
836 1587 924 1626 Christo

75 1639 184 1684 operanti,
198 1639 257 1674 dona
267 1638 366 1683 patienti.
380 1657 403 1663 -
413 1639 463 1683 lpse
477 1638 573 1674 Thomas
583 1638 637 1674 dicit
651 1639 686 1685 (In
697 1639 729 1683 3):
745 1640 828 1675 «Dona
841 1639 924 1674 dantur

76 1691 105 1726 od
120 1690 210 1726 altiores
225 1691 294 1732 octus,
310 1699 378 1734 quam
391 1690 437 1725 sint
452 1691 514 1725 actus
529 1690 678 1725 virtutum...
695 1692 758 1726 Dona
774 1700 788 1726 a
801 1691 922 1726 virtutibus

76 1741 246 1786 distinguuntur
267 1742 292 1776 in
313 1741 360 1783 hoc,
384 1741 442 1786 quod
463 1741 557 1777 virtutes
578 1742 700 1786 perficiunt
721 1744 750 1778 ad
772 1742 835 1778 actus
857 1744 922 1778 modo

75 1794 180 1835 humano,
199 1794 238 1829 sed
254 1793 313 1829 dona
329 1792 389 1828 ultro
406 1793 530 1828 humanum
546 1793 642 1843 modum.
653 1807 664 1826 n
683 1794 754 1837 Quam
772 1794 922 1830 differentiam

77 1846 106 1890 (S.
125 1846 154 1881 th.
173 1845 189 1888 1,
205 1845 218 1881 2
232 1854 250 1890 q.
267 1843 290 1881 68
305 1854 324 1880 a.
342 1845 360 1890 1)
378 1853 403 1880 ex
417 1845 506 1880 nomine
524 1844 690 1891 «spirituum»,
706 1854 749 1889 quo
764 1846 790 1880 in
806 1845 923 1891 Scriptura

75 1896 224 1942 appellantur,
253 1896 343 1932 derivat.
374 1896 490 1932 «Virtutes
517 1897 629 1932 humanae
656 1896 774 1942 perficiunt
800 1897 920 1939 hominem,

76 1950 199 1985 secundum
210 1950 268 1994 quod
279 1949 344 1984 homo
355 1949 422 1983 natus
433 1949 466 1984 est
477 1948 561 1983 moueri
572 1958 611 1993 per
622 1948 738 1985 rationem.
752 1949 843 1995 Oportet
854 1949 924 1994 igitur

75 2002 149 2037 inesse
164 2001 249 2036 homini
265 2001 354 2036 altiores
372 2000 523 2045 perfectiones,
542 2001 665 2035 secundum
682 2009 737 2046 quas
754 2002 784 2036 sit
801 2002 922 2047 dispositus

74 2053 104 2088 ad
121 2053 169 2095 hoc,
188 2053 247 2097 quod
263 2052 369 2087 divinitus
386 2052 528 2087 moveatur.»
547 2053 590 2087 Per
608 2053 667 2088 dona
686 2054 770 2088 «homo
788 2053 921 2099 disponitur,

75 2105 99 2139 ut
115 2104 223 2141 efficietur
238 2103 336 2149 prompte
351 2103 440 2139 mobilis
457 2105 484 2140 ab
499 2104 647 2150 inspiratione
664 2105 740 2140 divina
748 2117 766 2141 ».
784 2106 833 2141 Iam
849 2105 923 2141 Philo-

77 2155 159 2200 sophus
175 2157 218 2191 «tn
232 2165 279 2201 cap.
295 2155 321 2191 de
335 2155 398 2190 Bona
413 2156 531 2191 Fortuna»
549 2156 570 2203 (i.
587 2165 604 2192 e.
620 2156 669 2192 Eth.
686 2157 789 2199 Eudem.;
803 2166 822 2193 V.
839 2166 861 2193 n.
876 2156 921 2204 221)

74 2208 208 2243 distinxerat
222 2207 342 2242 motionem
356 2216 396 2251 per
411 2207 522 2242 rationem
537 2208 661 2243 humanam
676 2210 697 2244 et
712 2217 751 2253 per
766 2209 847 2245 melius
863 2209 923 2254 prin-

67 2259 165 2304 cipium,
180 2258 225 2294 scil.
241 2267 281 2304 per
294 2258 422 2294 interiorem
435 2258 567 2294 instinctum
581 2259 683 2295 divinum
696 2261 725 2296 ad
739 2260 838 2296 actiones
854 2261 923 2296 herot-

75 2319 112 2344 cas
129 2311 150 2344 et
166 2309 259 2344 divinar.
278 2310 323 2344 Hoc
339 2318 407 2345 seusu
424 2310 503 2346 «done
518 2310 638 2356 perficiunt
655 2310 768 2346 hominem
785 2312 814 2347 ad
831 2312 922 2348 altiores

75 2361 145 2403 ectus,
158 2370 225 2405 quem
235 2360 280 2396 sint
291 2361 354 2396 actus
365 2360 499 2397 virtutum».
511 2381 535 2387 -
545 2371 564 2398 a.
577 2362 602 2399 2:
615 2364 678 2405 Dona
689 2363 774 2398 homini
785 2363 838 2399 sunt
850 2372 923 2399 neces-

75 2412 136 2447 sarta
149 2413 284 2449 adsalutem
297 2424 308 2444 «
316 2412 340 2447 in
351 2412 393 2455 his,
406 2413 432 2448 in
443 2413 524 2458 quibus
536 2423 581 2449 non
594 2414 675 2450 sufficit
686 2414 806 2451 instinctus
819 2415 920 2459 rationis,

74 2465 114 2499 sed
131 2465 164 2500 est
180 2464 319 2500 necessarius
337 2464 433 2510 Spiritus
452 2465 529 2501 Sancti
546 2465 691 2502 instinctus».
717 2466 756 2501 Est
780 2467 840 2502 enim
864 2468 922 2503 ratio
947 2463 948 2466 ’

75 2516 165 2550 nonnisi
184 2528 195 2548 α
203 2515 331 2561 aliqualiter
349 2518 370 2550 et
387 2516 514 2562 imperfecte
532 2517 654 2562 informata
672 2527 711 2563 per
728 2519 821 2554 virtutes
842 2519 922 2555 theoto-

76 2567 164 2611 oleam
183 2578 251 2613 quare
269 2569 294 2603 ln
311 2568 388 2603 ordine
407 2568 436 2603 ed
453 2568 520 2604 finem
539 2569 643 2605 ultimum
662 2570 858 2615 supernaturalem
876 2580 922 2606 non

74 2619 155 2655 sufficit
169 2620 238 2666 “ipsa
249 2620 317 2655 motio
330 2619 431 2663 rationis,
446 2620 490 2655 nisi
504 2621 599 2666 desuper
613 2621 672 2657 adsit
685 2622 804 2658 instinctus
818 2623 840 2658 et
853 2624 921 2658 motio

74 2670 172 2715 Spiritus
190 2672 291 2708 Sancti».
310 2691 333 2697 -
349 2671 379 2706 ad
395 2671 418 2706 2:
441 2673 503 2708 «Per
519 2673 614 2708 virtutes
631 2672 767 2717 theologicas
785 2675 807 2709 et
824 2674 920 2710 morales

74 2730 120 2756 non
133 2722 166 2757 ite
179 2722 292 2768 perficitur
305 2723 370 2758 homo
384 2723 409 2757 in
423 2723 500 2759 ordine
515 2725 545 2760 ad
558 2724 663 2760 ultimum
676 2723 749 2770 tinemy
766 2727 821 2770 qum
835 2736 922 2772 semper

74 2772 174 2818 indigeat
186 2775 270 2810 moveri
282 2775 378 2820 quodam
390 2776 501 2820 superiori
512 2776 622 2812 instinctu
635 2776 730 2823 Spiritus
745 2778 827 2814 Sancti.
839 2792 848 2812 »ι
863 2778 922 2823 Ergo

137 2878 145 2899 1
163 2878 260 2920 Quinam
277 2878 373 2922 theologi
391 2878 433 2914 has
452 2879 567 2924 opiniones
586 2880 707 2923 docuerint,
727 2890 746 2917 v.
768 2883 829 2926 apud
848 2883 923 2918 Lottirt

73 2920 272 3012 tiottpttttttiritlacm
288 2924 359 2970 ipsius
379 2924 398 2961 S.
419 2924 516 2961 Thomae
534 2927 582 2962 tuse
601 2926 724 2972 expositam
742 2928 843 2964 invenies
861 2928 922 2973 apud
