2214 3350
177 186 255 223 Thesis
272 186 301 222 22.
322 185 425 235 systema
442 181 689 229 praedeterminetionis
704 180 810 227 physicae
881 178 917 215 467

0 287 4 305 ³
75 293 238 343 dissentiendi,
254 293 387 342 resistendi,
405 302 466 343 quae
482 283 530 331 non
545 288 622 339 potest
634 288 724 329 actuari
741 287 787 328 nisi
804 288 830 328 ln
846 298 917 327 sensu

0 355 2 379 ῗ
74 357 150 399 diviso
174 357 204 398 ab
230 356 310 408 aliquo
336 356 440 403 influxu
460 363 532 406 quem
557 351 612 403 quis
635 351 822 402 independenter
841 362 855 390 a
873 361 917 406 suo

74 421 149 462 libere
165 420 276 460 electione
290 420 389 471 petitur,
405 429 454 459 non
467 415 545 468 potest
558 415 677 465 explicere
693 414 826 456 libertatern
841 413 915 455 actus.

73 483 116 525 nst
128 482 201 534 igitur
214 483 331 524 eiusmodi
349 479 490 533 «potentia»
508 480 614 526 adrem,
632 477 660 519 de
677 489 725 529 qua
740 477 826 527 agitur,
843 475 916 531 expli

0 548 3 600 ζ
74 546 174 588 cendam
191 557 265 597 aeque
281 545 361 597 inepta
379 545 449 596 atque
465 542 653 593 correspondens
672 540 811 592 «potentian
832 539 916 593 saluta-v

0 601 3 642 ἶ
73 610 131 651 riter
144 609 237 660 agendi,
251 621 324 660 quarn
337 610 413 660 pratia
428 606 561 648 themistice
574 605 699 656 sussiciens
713 603 811 652 praebet
826 604 857 654 (v.
873 602 916 642 sub

0 679 1 714 3
73 673 111 724 A).
132 672 157 713 Si
175 673 276 713 cornutio
296 672 415 712 dissensus
435 671 479 711 sub
496 668 535 710 his
550 668 666 709 concretis
685 665 864 708 condicionibus
883 665 918 705 est

0 735 1 741 ’
73 735 233 786 metaphysice
249 734 412 786 impossibilis,
432 743 515 774 sensus
531 732 667 773 communis
684 732 766 781 ipsum
783 728 917 769 dissensum

73 799 135 840 recte
151 797 209 839 dicit
224 797 403 849 impossibilem.
427 820 459 826 -
480 795 617 846 Exempla
638 794 746 850 efferunt
763 793 831 845 (up
849 790 912 842 254):

73 861 161 901 Album
178 872 227 901 non
240 860 316 912 potest
329 871 380 901 esse
397 858 494 911 nigrum
511 859 537 899 in
553 869 624 899 sensu
641 856 779 907 composito,
798 855 875 907 potest
891 855 917 894 in

72 935 143 965 sensu
159 924 243 973 diviso3
260 935 301 964 aer
315 923 368 963 luce
385 923 441 963 solis
458 923 570 973 pertusus
585 921 672 963 retinet
686 919 824 972 potentiam,
842 920 870 960 ut
886 917 917 959 sit

72 987 211 1028 tenebrosus
227 986 252 1026 in
269 996 340 1027 sensu
357 985 442 1027 diviso.
460 986 522 1025 Haec
539 990 645 1025 autnon
664 984 720 1024 sunt
736 984 768 1024 ad
784 993 842 1031 rem,
859 982 915 1033 quie

72 1049 133 1090 nihil
146 1049 281 1098 ostendunt,
296 1049 343 1088 nisi
357 1048 421 1100 quod
434 1054 509 1088 stante
523 1058 639 1087 consensu
653 1059 701 1088 non
715 1046 854 1097 potestesse
868 1045 915 1085 dis-

72 1123 161 1159 sensus,
177 1123 232 1160 cum
245 1110 415 1162 explicandum
428 1110 464 1159 sit,
479 1110 598 1160 quomodo
612 1109 688 1151 stante
701 1108 744 1150 ille
755 1108 839 1160 proila,
854 1119 930 1166 quae·
1001 1125 1003 1128 ·

71 1173 154 1215 efficiet
168 1184 317 1227 consensum,
333 1172 498 1214 antecedenter
512 1174 543 1213 ad
558 1172 623 1213 hunc
639 1181 788 1220 consensum,
806 1171 847 1212 sed
862 1182 915 1211 con-

13 1238 15 1244 ’
72 1236 197 1287 sequenter
213 1237 243 1277 ad
261 1236 363 1286 gratiam
381 1235 477 1277 manent
491 1246 547 1276 vera
562 1235 709 1286 possibilitas
727 1235 855 1282 dissensus:
875 1240 916 1274 out

71 1300 154 1340 eadem
166 1299 276 1349 exempla
286 1298 348 1339 clare
361 1298 489 1339 ostendunt
500 1298 525 1338 in
537 1298 663 1349 systemate
675 1297 822 1338 banneziano
834 1307 917 1337 revere

71 1373 119 1402 non
136 1362 225 1403 servari
241 1361 312 1402 istam
328 1361 459 1413 potentiam
476 1360 612 1412 expeditam
628 1362 651 1403 et
667 1360 810 1402 actuabilem
828 1360 916 1401 dissen-

0 1436 1 1469 3
71 1425 153 1473 nendi,
171 1436 244 1476 quam
259 1424 360 1465 concilia
376 1423 496 1465 definiunt
515 1424 554 1476 (cf.
574 1436 598 1464 n.
616 1424 676 1476 596).
700 1449 732 1455 -
754 1426 775 1464 2.
795 1422 917 1476 Scriptura

0 1506 1 1538 g
71 1499 140 1539 saepe
156 1486 296 1528 exhortatur
312 1487 430 1536 homines,
454 1488 482 1528 ut
505 1497 560 1527 cum
585 1487 662 1537 gratia
685 1487 841 1538 cooperentur
857 1498 916 1528 neve

71 1551 149 1591 eidem
166 1550 283 1591 resistant.
304 1550 447 1590 Huiusmodi
465 1549 557 1591 monita
576 1549 625 1591 fine
644 1549 781 1592 rationabili
800 1550 914 1598 carerent,

71 1613 91 1653 si
109 1612 240 1663 cooperatio
258 1613 282 1654 et
298 1612 433 1653 resistentia
449 1613 518 1663 prius
533 1613 659 1664 inordine
677 1613 824 1655 causalitatis
841 1613 915 1655 deter-

0 1681 1 1688 ’
71 1675 221 1716 minarentur
234 1675 316 1726 eliqua
331 1674 435 1716 motione
451 1675 540 1724 divina,
557 1676 626 1717 cuius
642 1676 736 1717 collatio
752 1678 776 1718 et
792 1676 916 1727 denegatio

1 1737 2 1741 ’
70 1734 131 1779 esset
143 1738 307 1788 independens
319 1739 349 1779 ab
363 1738 474 1779 exercitio
485 1737 603 1780 libertatis
616 1740 742 1780 humanae.
757 1765 789 1771 -
802 1740 837 1780 Gi.
851 1739 914 1780 Eceli

71 1803 105 1850 15,
124 1803 150 1841 14
159 1812 193 1841 ss:
216 1801 281 1841 Deus
302 1801 417 1851 «reliquit
435 1801 557 1842 hominem
578 1801 603 1842 in
623 1812 697 1842 manu
717 1802 810 1851 consilii
831 1803 913 1843 sui...

0 1902 2 1911 „
70 1863 188 1914 Apposuit
202 1863 245 1904 tibi
261 1875 349 1915 aquam
366 1864 388 1905 et
402 1864 500 1914 ignem»
515 1864 558 1906 etc.
578 1866 609 1917 (v.
625 1877 649 1906 n.
667 1866 726 1917 545).
742 1891 774 1897 —
789 1868 810 1906 3.
827 1865 914 1908 Patres

70 1926 124 1967 ente
147 1927 312 1977 Augustinum
330 1937 458 1978 omnesque
480 1928 566 1979 graeci,
589 1928 638 1980 ipse
661 1928 809 1980 Augustinus
830 1929 914 1970 seltern

0 1985 2 2031 i
71 1990 148 2040 quoad
166 1990 264 2040 angelos
280 1990 304 2031 et
319 1990 497 2041 protoparentes
515 1990 549 2032 ita
565 1991 698 2042 loquuntur
716 1993 744 2034 de
763 1992 839 2034 libera
856 1994 914 2034 elec·
945 2013 946 2016 =

0 2068 2 2070 v
70 2051 133 2093 tione
149 2052 243 2094 arbitrii
257 2053 336 2103 creati,
354 2052 381 2093 ut
397 2054 476 2094 omnis
492 2053 602 2095 influxus
617 2054 661 2096 Dei
677 2055 707 2096 ad
724 2066 801 2096 unum
817 2056 914 2107 praede-

3 2112 4 2115 ’
70 2114 202 2156 terminans
217 2116 365 2157 excludatur.
382 2115 562 2166 Augustinus
578 2116 684 2167 senior,
701 2118 721 2159 si
738 2119 764 2159 in
780 2119 862 2160 ordine
879 2120 915 2160 in-

69 2177 211 2228 srulopsorc'o
225 2179 327 2229 gratiam
339 2179 597 2230 praedeterminantem
611 2180 710 2223 fortasse
724 2193 772 2222 non
787 2182 844 2223 satis
856 2182 915 2224 vita-

0 2255 2 2281 1,
69 2240 105 2281 vit
129 2242 159 2293 (v.
179 2253 203 2281 n.
222 2244 281 2283 548s
299 2242 358 2293 625),
382 2254 436 2283 eem
457 2242 541 2284 saltem
559 2255 608 2285 non
626 2245 729 2296 concipit
747 2247 774 2287 ut
790 2246 915 2297 plrpsioem

0 2300 4 2357 ᾗ
70 2303 357 2352 praedeterminetionem.
372 2306 482 2357 Explicat
494 2307 567 2355 enim,
583 2308 701 2359 quomodo
715 2309 780 2350 Deus
792 2309 915 2350 bominem

70 2367 155 2406 mediis
172 2368 313 2417 moraliter,
333 2369 446 2418 docendo,
468 2369 593 2412 excitando
608 2370 755 2422 voluptatem
774 2372 798 2413 et
815 2372 915 2414 delecta

0 2429 2 2468 ἶ
33 2450 34 2453 =
70 2427 166 2478 tionem,
180 2430 259 2472 trahet
270 2432 301 2471 ad
314 2432 405 2472 bonum
420 2432 450 2483 (v.
464 2444 486 2483 g,
500 2433 571 2473 notus
583 2433 660 2475 textus
671 2435 701 2473 ln
710 2435 735 2474 lo
749 2435 777 2475 tr.
785 2438 812 2475 26
824 2446 847 2474 n.
856 2438 914 2475 nm

0 2477 1 2529 3
71 2490 125 2547 [riu
138 2494 173 2541 35,
189 2496 337 2543 reos-rere
351 2495 372 2535 n
386 2494 504 2553 1822sp1.

70 2601 124 2645 592.
161 2605 192 2647 ΙΙ.
211 2606 281 2651 Ratio
297 2607 400 2649 ostendit
415 2609 668 2658 praedeterminatione
687 2609 786 2662 physice
803 2610 914 2653 destrui

69 2664 245 2710 libertatem.
262 2695 294 2701 m
310 2670 419 2711 Libertas
434 2669 611 2714 indifferentiae
630 2672 678 2714 sire
694 2672 817 2715 electionis
832 2675 912 2727 exigit,

1 2797 5 2815 τ
87 2824 91 2831 Ι
131 2782 265 2819 ¹Moralis
281 2784 314 2820 est
328 2783 366 2819 ille
380 2783 484 2827 influxus,
502 2784 540 2828 qui
555 2783 668 2827 exercetur
680 2783 705 2818 in
719 2781 856 2819 voluntatem
871 2791 914 2819 me·

70 2823 145 2862 drenie
158 2829 291 2872 cognitione
306 2829 346 2864 sed
358 2829 427 2864 etiam
439 2830 544 2874 influxus,
560 2830 598 2875 qui
611 2827 705 2864 hahetur
720 2834 754 2871 e'0;
767 2829 826 2874 quod
839 2828 914 2864 imme-

0 2873 2 2897 ὶ
71 2869 129 2906 diere
142 2874 273 2917 producitur
287 2874 374 2910 affectio
386 2874 536 2911 indeliberata
549 2876 574 2910 in
584 2874 698 2911 voluntate
712 2875 778 2919 atque
793 2875 825 2911 sic
838 2874 914 2909 volun-

0 2923 5 2938 i
70 2914 106 2951 tas
121 2918 218 2955 allicitur
233 2921 262 2956 ad
276 2928 410 2955 consensum
425 2921 530 2964 dandum,
547 2921 647 2957 eiusdem
661 2929 783 2956 cousensus
798 2921 831 2956 est
846 2928 915 2956 causa

69 2963 167 3006 moralis,
182 2973 228 3000 non
240 2966 340 3012 physica.
