2214 3350
177 123 201 160 50
312 124 366 160 sect.
382 103 398 159 Ι
413 124 458 159 Art.
475 124 502 159 ΙΙ.
518 125 527 168 ἓ
541 123 557 158 1.
574 123 632 165 Quid
644 122 729 157 natura
741 122 807 167 lapsa
820 122 890 167 possit

178 233 360 282 consequentiae
384 229 563 273 damnationem
588 232 671 282 fugere
694 229 796 271 videtur.
821 230 962 271 'Secundum
986 241 1029 270 eos

177 295 242 335 Deus
259 295 285 334 in
303 292 328 336 se
346 295 398 346 ipso
414 295 481 336 visus
499 295 523 335 et
539 304 661 344 possessus
685 293 745 334 adeo
767 292 804 333 est
827 293 885 343 finis
908 292 1026 334 nataralia

176 357 256 401 omnis
282 354 404 399 creaturae
431 357 561 404 rationalia,
583 357 611 397 ut
631 357 714 397 eadem
734 356 840 396 aatiirali
861 356 978 396 desiderio
999 356 1027 395 in-

176 421 257 471 ipsum
271 421 363 461 feratur
376 431 448 471 eoque
462 431 509 460 non
522 419 617 460 obtento
631 419 766 460 miserrima
779 418 871 460 evadat.
886 419 970 468 Quare
979 436 989 455 a
997 430 1029 458 ea

117 535 119 538 Α
177 483 286 527 decentia
305 484 439 524 creatorisi
454 483 503 523 sive
523 487 631 522 «attenta
649 493 761 533 sapienia
786 482 838 532 leae
861 481 1029 533 prouidentiae

176 557 252 587 sane»
267 548 331 587 Deus
345 545 437 587 homini
451 544 571 586 innocenti
586 543 670 585 saltem
684 557 712 586 ea
725 545 829 585 actualia
842 546 933 587 auxilia
947 545 1024 593 debet,

176 609 267 660 quibus
286 609 361 651 vitam
380 608 426 649 ista
444 607 494 649 tine
514 608 613 659 dignam
632 619 703 659 agere
722 606 803 658 possit.
827 607 908 649 Status
926 607 1028 649 naturae

176 683 259 723 purae,
281 670 324 713 etsi
344 672 476 712 seeundum
495 670 627 721 potentiam
647 670 809 711 absolutam
830 670 923 712 institui
942 670 1027 722 possit,

176 734 295 784 potentiae
309 735 389 775 tamen
402 732 563 782 ordinatae,
580 734 595 773 i.
610 745 630 773 e.
646 733 666 774 si
680 733 774 784 praeter
788 743 879 774 meram
893 734 1025 784 potentiam

176 797 249 838 etiam
267 796 391 847 sapientia,
410 795 505 837 bonitas
529 796 625 846 aliaque
647 796 691 836 Dei
716 795 832 837 attributa
856 797 1026 847 respiciuntur,

177 871 311 911 repugnare
339 858 456 900 dicendus
482 858 525 899 est.
556 852 642 899 Ordini
670 858 847 909 supralapsario
877 859 1027 910 competebat

176 922 355 963 adiutorium
370 922 431 962 sine
446 933 500 972 quo
514 933 581 970 non,
598 922 660 973 quod
677 922 755 962 solum
771 932 839 972 posse
854 922 927 964 dabat
940 923 963 963 et
977 934 1027 972 qua

175 985 252 1035 gratia
266 985 384 1025 versatilis
399 985 456 1025 reiei
471 984 570 1036 poterat.
588 984 669 1025 Gratia
683 995 739 1024 vero
754 985 830 1025 nostri
844 983 936 1025 ordinis
950 986 1028 1036 i'aj'ra-⁴

176 1048 282 1099 lapsarii,
300 1048 326 1088 in
342 1059 388 1099 quo
405 1047 477 1088 homo
492 1047 661 1097 infallibiliter,
680 1048 735 1088 licet
750 1048 825 1087 libere
842 1059 935 1099 semper
952 1049 1028 1088 maio--

176 1122 228 1150 reni
247 1110 428 1151 delectationem
449 1110 563 1161 sequitur,
585 1110 683 1160 propria
703 1111 739 1151 est
758 1111 936 1166 adiutorium
957 1122 1026 1161 quo„

176 1173 226 1214 sive
250 1172 337 1214 victrix
361 1171 483 1214 delectatio
510 1172 621 1220 raritatis,
642 1183 703 1222 quae
728 1172 876 1214 voluntatem
902 1173 1028 1214 moraliter

175 1236 404 1286 praedeterminans,
421 1235 501 1286 ipsum
517 1234 577 1275 velle
593 1236 617 1276 et
631 1236 747 1286 perfluere
763 1237 843 1277 durrat.
862 1236 917 1277 Suis
931 1236 1027 1277 viribus

177 1299 274 1339 relictus
288 1299 361 1339 homo
373 1298 456 1349 lapsus
468 1299 494 1338 ia
508 1299 575 1338 omni
589 1309 658 1348 opere
673 1298 757 1343 saltem
771 1310 802 1339 ex
813 1311 843 1340 eo
854 1305 943 1351 peceat,
960 1300 1024 1350 quod

177 1362 239 1402 illud
251 1373 295 1411 per
309 1361 386 1412 sideni
400 1366 422 1401 et
436 1360 559 1401 caritatem
571 1372 620 1401 aaa
635 1361 731 1402 ordinat
744 1363 775 1402 ad
788 1362 867 1402 Deam
880 1363 956 1403 linem
969 1362 1028 1403 utu„

177 1436 252 1466 nium.
271 1424 350 1464 Etiam
367 1424 396 1464 de
411 1424 534 1464 voluntate
550 1423 665 1472 salvifica,
684 1424 851 1466 distributione
868 1424 959 1476 gratiae
975 1427 1026 1466 sul-

177 1486 287 1534 lieientis,
309 1484 532 1537 praedestinatione,
554 1496 653 1526 numero
673 1485 810 1535 electorum,
832 1488 893 1528 sorte
913 1487 1027 1537 parvulo*

175 1562 231 1591 rum
252 1550 322 1590 limbi
344 1550 531 1600 Augustinenses
554 1551 686 1601 sequuntur
709 1550 868 1592 severiores
889 1551 1025 1602 opiniones„

259 1697 361 1744 leesis
376 1701 403 1743 3.
424 1697 478 1741 Non
495 1698 574 1738 omnia
591 1708 664 1751 opera
681 1700 834 1751 peecatorum
852 1700 875 1740 et
893 1699 1026 1742 infidelium

175 1762 232 1803 suut
249 1762 358 1814 peccata.

176 1865 215 1905 88.
249 1866 267 1900 P
281 1874 314 1910 pr.
331 1859 360 1900 11'.
375 1882 401 1896 -÷
415 1865 463 1902 Ber.
480 1874 501 1899 n.
518 1863 621 1900 alo-aaa.
638 1884 664 1892 -a
677 1864 753 1900 Sehiil.
770 1874 791 1900 n.
811 1864 911 1903 lomna,
928 1887 954 1894 —«
968 1866 1024 1901 Lab„

174 1916 204 1953 tn.
222 1915 237 1953 1,
253 1935 277 1941 -
291 1915 361 1952 Palm,
377 1915 408 1951 th.
424 1916 454 1952 21.

247 2018 287 2063 st.
303 2030 351 2075 qu.
384 2023 404 2059 1.
421 2018 503 2061 Nexus
526 2019 548 2069 a)
567 2024 610 2059 art.
627 2019 651 2058 Il
667 2019 697 2058 ad
712 2019 724 2058 i
739 2031 761 2058 r.
779 2031 804 2059 n.
821 2021 848 2059 33
863 2020 895 2071 o);
918 2020 942 2070 b)
960 2020 1026 2060 intra

176 2089 220 2123 art.
236 2084 271 2124 ll:
292 2085 302 2130 ἓ
320 2088 331 2125 i
349 2090 430 2124 eontra
446 2095 492 2132 eos,
510 2084 552 2134 qui
570 2083 703 2123 doctrinam
721 2083 744 2123 S.
762 2084 891 2134 Augustini
908 2084 1026 2135 antipela-

175 2148 273 2198 ¹aiaiiani
294 2139 503 2199 eaaaaeraaeraat',
525 2147 686 2197 ostendemus,
716 2148 785 2199 quid
813 2148 916 2189 natura
942 2148 1023 2199 lapsa

176 2205 267 2253 adhue
290 2213 385 2258 valeat
407 2212 480 2253 relate
503 2212 534 2253 ad
559 2212 624 2253 aetus
647 2211 704 2253 lieet
727 2223 774 2253 non
800 2212 922 2261 salutares
941 2212 1024 2254 tamen

175 2274 298 2317 moraliter
309 2276 426 2318 honestos.
439 2277 500 2317 Dein
512 2278 522 2323 ἓ
533 2279 547 2317 2
559 2283 640 2317 contra
652 2277 780 2317 sententias
791 2277 930 2328 aelaqianas
942 2278 1022 2318 deien-

176 2341 261 2381 demus
274 2341 516 2389 vulnerationem,
534 2334 606 2392 qiiam
623 2341 711 2382 natura
725 2342 792 2392 lapsa
807 2342 879 2384 etiam
895 2343 920 2382 in
936 2342 980 2383 hae
997 2353 1022 2382 re

175 2415 287 2455 perpessa
303 2405 344 2446 est.
362 2406 382 2456 o)
401 2404 540 2446 Oiaittiaias
556 2405 720 2456 quaestionem
737 2406 766 2447 de
782 2407 875 2447 viribus
892 2405 1022 2447 intellec-

175 2470 222 2509 tus
235 2469 289 2519 post
301 2469 396 2520 lapsum
411 2470 520 2518 residuis,
537 2469 595 2521 quia
608 2470 639 2510 de
652 2470 690 2511 bis
706 2470 731 2510 in
746 2470 814 2511 tract.
829 2471 858 2510 de
873 2472 920 2511 Deo
935 2483 984 2511 aaa
999 2464 1022 2511 et

175 2534 201 2573 in
216 2533 287 2573 theol.
303 2534 479 2584 juadaiaentali
494 2534 575 2575 eontra
591 2534 717 2586 Saeptiuos,
734 2534 857 2584 Fideistas‚
874 2536 1027 2576 Traditiona—

175 2598 243 2654 listas
260 2598 283 2638 et
301 2609 329 2638 ex
346 2598 420 2640 altera
445 2599 512 2649 parte
537 2599 618 2639 eoritra
643 2599 812 2640 Rationalistas
837 2600 894 2640 satis
918 2600 1025 2650 agitur,

176 2662 200 2713 cl)
214 2661 277 2710 Quid
288 2661 412 2703 liberum
423 2662 578 2703 arbitrium
590 2663 696 2704 hominis
706 2663 767 2714 lapsi
780 2664 858 2705 adhue
870 2664 949 2705 valeat
959 2664 1022 2706 eirea

175 2723 241 2766 aetus
258 2720 380 2776 moraliter
397 2727 514 2775 hotiestos,
535 2728 726 2769 examinabimus
743 2731 756 2767 i
774 2729 902 2778 aradibus:
921 2728 945 2785 a)
963 2730 1024 2780 quid

240 2857 249 2878 1
266 2857 290 2893 V.
308 2834 355 2892 Vai.
372 2866 388 2894 s.
404 2848 477 2904 acap.
493 2859 506 2895 2
521 2859 563 2904 <Dr
575 2859 655 2905 1785s).
672 2879 698 2889 -a
711 2861 781 2895 Pam
798 2839 828 2897 th,
845 2860 874 2902 19,
891 2869 941 2905 pag.
959 2860 982 2898 85
989 2870 1022 2896 ss,

174 2903 263 2939 *Reiz
280 2911 301 2938 11.
317 2901 420 2939 aueum.
