2214 3350
120 162 122 165 ’
184 135 279 196 νΤὴεεὶε
296 159 325 196 22.
347 138 451 204 Systeme
464 136 713 202 -preedcterminationis
727 131 834 200 physicae
906 153 942 189 455

97 269 257 312 consideratae
267 270 314 309 iam
325 268 360 310 est
369 266 474 319 propria,
485 265 540 307 aliis
549 265 641 307 verbis:
655 264 790 315 infallibilis
800 274 876 303 cecus
887 261 942 303 talis

98 333 188 385 gratiae
202 344 255 373 cum
269 333 323 373 actu
337 330 435 372 salutari
452 331 482 381 (v.
498 339 522 367 n.
531 329 580 379 554)
596 326 709 378 explicari
723 325 799 375 debet,
813 325 885 376 idque
899 324 940 372 ita,

98 397 126 437 ul·
134 396 206 447 plene
219 396 323 436 servetur
334 398 357 445 a}
372 406 427 435 cera
440 391 586 444 sufficieutia
594 390 651 431 eius
662 388 758 440 gratiae,
773 399 846 438 quam
859 388 942 446 volun-

98 461 135 501 tes
146 458 212 499 male
222 459 295 507 reicit3
308 459 333 510 b)
346 457 512 507 cerujlihcrlcs
524 454 632 505 respectu
645 452 734 504 gratioe
747 451 853 501 efficacis
868 462 941 503 quere

98 522 209 563 voluntas
220 522 241 562 ei
254 521 402 562 consentiens
414 530 496 561 reram
509 519 532 559 et
545 516 682 567 expeditam·
693 514 823 566 potentiam
839 513 941 565 eligendi

99 586 233 626 dissensum
248 585 335 625 habeat
348 583 440 634 oportet
456 584 487 634 (v.
504 592 528 621 n.
545 582 605 632 540),
621 603 652 609 ——
667 578 785 627 Quoniam
801 577 878 618 tontes
890 588 942 627 gra-

98 649 158 689 tiam
170 647 284 689 efficacem
297 648 355 688 adeo
369 647 431 687 clare
445 644 599 702 exhibentut
611 643 637 682 in
650 643 704 683 actu
717 642 796 692 primo
810 641 859 681 iam
873 640 942 680 infal-

98 711 198 752 libiliter
210 710 349 751 effecturam
362 711 441 751 actum
454 708 582 749 salutarem
598 707 641 759 (th,
655 706 700 757 21),
714 715 758 755 per
771 715 795 745 se
807 703 943 754 propinqua

98 775 134 816 est
144 773 268 825 explicatio
278 774 352 814 huius
361 771 497 814 infallibilis
509 770 624 812 efficaciae
635 781 678 821 per
689 768 808 809 internam
820 767 942 818 quendam

98 836 203 878 indolem
215 836 269 878 talis
278 836 375 887 gratioe.
387 836 436 876 Hac
447 836 485 876 vie
496 845 579 884 reapse
588 832 713 883 complure
724 830 852 890 systemata
864 840 941 880 proce-

98 902 166 951 dunt,
181 913 282 953 quorum
297 899 477 941 celeberrimum
491 897 590 939 vocatur
601 910 616 938 e
629 895 733 949 propriis
747 894 843 937 asseclis
858 894 942 935 thomi-

99 966 192 1013 sticum,
213 965 243 1005 ab
263 964 406 1004 adversariis
425 959 505 1013 potius
526 961 723 1002 hennentonam
751 958 879 1000 Exoultum
907 956 942 999 est

98 1039 181 1068 versus
194 1028 268 1067 finem
282 1026 369 1077 saeculi
383 1025 435 1066 XVI
449 1037 462 1065 a
475 1024 600 1065 Dominico
615 1023 737 1071 Bannez,
754 1021 843 1063 Didacc
858 1021 941 1062 Alva-

98 1102 154 1139 rez,
171 1091 262 1130 Thema
277 1090 309 1130 de
324 1089 423 1128 Lemos
437 1087 536 1137 aliisque
553 1100 582 1128 ex
596 1085 680 1127 ordine
691 1084 939 1142 Praedicatorum‚

98 1153 257 1203 asseriturque
279 1162 329 1191 esse
352 1150 457 1201 genuina
474 1149 594 1200 ‘expositio
616 1148 702 1190 mentis
720 1148 745 1189 S.
765 1148 895 1199 nequeam·
919 1146 943 1187 et

31 1227 33 1233 ⁸
72 1210 74 1213 ’
98 1217 123 1257 S.
142 1216 253 1256 Thorace.
271 1214 404 1255 Efficaciam
421 1212 510 1263 gratiae
527 1211 655 1262 explicet
669 1221 719 1262 per
735 1210 940 1261 praedetermi-

99 1278 242 1320 nalionem
260 1276 433 1328 physicam
453 1275 568 1316 Summe
585 1275 626 1314 rei
643 1274 678 1315 est
694 1274 764 1314 haec:

99 1417 153 1458 580.
190 1418 212 1468 a)
226 1418 288 1457 Deus
301 1406 455 1466 caprimum
468 1426 516 1464 cuc,
531 1415 612 1466 prima
624 1426 701 1463 causa,
716 1413 824 1465 primum
836 1424 941 1453 movens.

100 1482 160 1522 Hinc
176 1493 257 1522 omnes
274 1481 395 1521 creaturae
413 1492 426 1521 a
443 1481 491 1520 Deo
508 1479 630 1531 accipiunt
647 1490 717 1520 suum
733 1489 790 1527 csse,
810 1490 878 1519 suam
896 1479 942 1519 ctr-

99 1552 174 1586 tutcm
190 1545 275 1596 agendi
293 1545 323 1594 et,
342 1544 500 1595 applicatione
516 1544 590 1585 huius
607 1543 709 1592 virtutis,
729 1555 797 1584 suam
817 1544 941 1584 actionem.

99 1610 159 1650 Aliis
171 1610 261 1651 verbis:
279 1622 293 1651 a
305 1610 354 1650 Deo
367 1609 462 1658 hebent,
477 1610 505 1650 ut
518 1609 573 1658 sint,
586 1610 613 1650 ut
626 1609 717 1658 possint
730 1620 807 1659 agere,
822 1609 850 1649 ut
862 1608 940 1659 agant.

99 1675 147 1714 Ista
162 1674 288 1725 applicatio
303 1674 399 1715 virtutis
415 1684 462 1714 non
478 1674 514 1714 est
529 1684 659 1713 concursus
673 1667 875 1722 simultaneus,
894 1684 942 1723 quo

99 1739 162 1779 Deus
179 1739 251 1778 simul
267 1750 322 1778 cum
340 1750 411 1778 cause
428 1738 531 1779 secunde
547 1739 574 1778 c'n
592 1739 704 1789 effectum
719 1737 809 1787 influit,
830 1739 869 1778 sed
888 1730 942 1778 con-

99 1814 183 1843 cursus
193 1804 337 1854 praevius,
350 1815 397 1854 quo
407 1804 434 1842 ic
445 1814 541 1843 causum
553 1803 681 1843 secundem
692 1809 778 1843 nutura
788 1804 856 1853 prius
868 1814 941 1853 quam

99 1869 124 1907 in
143 1868 255 1909 ellectum
274 1868 323 1919 agit
341 1879 448 1918 eamque,
469 1868 531 1910 sicut
549 1868 636 1909 artilex
655 1879 725 1908 suum
745 1868 940 1917 instrumentum,

99 1933 178 1973 moret
189 1933 212 1974 et
222 1932 327 1983 applicat
338 1934 369 1973 ad
381 1932 493 1973 effectrrm
505 1932 693 1983 producendum.
709 1933 775 1974 Idem
787 1933 851 1974 valet
862 1933 953 1984 quoad*

99 1989 183 2037 causes
194 1997 287 2037 liberas.
301 1998 365 2047 Quee
378 1997 475 2048 quidem
487 1997 552 2048 ipsse
564 1998 594 2050 ed
607 1998 726 2048 agendum
737 2008 760 2037 se
774 1997 940 2046 determinant,

101 2062 141 2102 sed
156 2062 251 2102 nonnisi
272 2062 358 2102 natura
379 2061 447 2112 prius
467 2062 603 2112 praemotae
620 2074 633 2102 e
648 2061 703 2102 Deo.
727 2062 810 2113 Itaque
826 2062 941 2110 creatura,

100 2124 197 2165 iamiam
212 2124 319 2175 proxime
335 2125 445 2175 expedita
458 2126 488 2166 ad
504 2126 631 2175 agendum,
649 2124 808 2166 nihilominus
819 2127 847 2167 ut
861 2137 942 2176 reapse

100 2200 111 2228 e
123 2189 228 2238 potentia
240 2190 289 2230 sive
301 2201 331 2229 ex
342 2190 396 2230 actu
408 2185 486 2239 primo
499 2187 613 2241 proximo
622 2191 720 2241 prodeat
731 2191 756 2231 in
770 2191 850 2232 actum
862 2202 943 2232 secun-

100 2252 166 2302 dum,
186 2253 348 2305 metaphysica
366 2253 503 2295 necessitate
523 2254 614 2305 indiget
632 2253 712 2306 eliqua
729 2254 833 2295 motione
853 2255 941 2303 divine,

100 2327 160 2367 quae
176 2318 273 2358 vocatur
288 2318 446 2368 praemolio
463 2329 504 2359 seu
521 2318 796 2369 praedeterminatio
813 2320 941 2371 physica.

162 2459 170 2480 1
186 2460 203 2495 J.
218 2460 242 2496 B.
259 2460 332 2496 Reus
349 2460 370 2497 C.
388 2461 425 2497 SS.
442 2461 476 2504 R„
493 2462 526 2497 Lu
540 2461 643 2497 Doctrinc
659 2461 685 2496 cle
701 2460 722 2496 S.
740 2461 851 2506 alphonse
868 2462 944 2507 surlu

101 2504 206 2541 Vocauoa
219 2510 240 2542 ct
254 2508 276 2543 lc
290 2507 358 2543 Grdcc
371 2508 445 2553 (Lycii
458 2507 512 2554 lece)
528 2508 569 2545 82s
582 2509 640 2544 recte
652 2508 714 2544 notat
728 2517 810 2544 nornen
823 2509 944 2545 Thomismi

100 2553 174 2597 potius
190 2564 237 2590 esse
253 2555 380 2599 cenericum
394 2556 415 2590 et
431 2556 546 2602 complecti
560 2556 618 2592 alias
634 2565 718 2601 quoque
735 2556 823 2592 scholas
839 2556 944 2601 theologi-

99 2609 145 2642 cas,
162 2610 217 2646 quee
235 2604 254 2639 S.
274 2602 381 2639 Thomam
398 2604 476 2639 ducem
491 2604 668 2649 magistrmnque
684 2604 727 2640 sihi
742 2603 856 2648 elegerint;
875 2614 944 2650 quare

100 2648 251 2686 Thomismum
264 2651 365 2696 generice
378 2651 492 2697 sumptum
504 2653 574 2689 dividi
586 2654 612 2688 in
624 2653 776 2689 Thomismum
790 2653 943 2695 bacclianum,

101 2697 139 2740 qui
151 2706 191 2743 per
205 2698 357 2735 excellentiam
371 2698 512 2735 Thomismus
527 2701 603 2736 vocari
619 2700 694 2742 soleat,
710 2700 876 2744 mellanricum,
895 2710 945 2736 suu—

101 2744 221 2788 rczteaum‚
245 2746 398 2791 alfonsicnum
415 2747 454 2783 etc.
473 2748 503 2794 lv.
522 2747 649 2784 Scholastik
666 2749 679 2785 2
697 2746 765 2793 [1927]
785 2747 842 2794 963).
867 2768 891 2774 -
914 2748 945 2782 De

101 2791 324 2830 Praebenezienismo
337 2803 356 2829 ν.
371 2803 392 2829 n.
407 2793 443 2830 574
455 2803 476 2840 p.
490 2795 527 2832 447
539 2796 584 2832 not.
599 2795 616 2831 2.

162 2862 170 2882 ²
186 2862 232 2898 Hoc
248 2863 347 2908 systema
362 2862 435 2898 verbis
450 2863 551 2909 ipsorum
568 2864 734 2901 Thomislarum
750 2864 873 2901 exhibitum
886 2864 945 2900 inve-

100 2907 226 2996 {uezsoaepsud
240 2911 258 2946 P
274 2909 369 2947 eae-231
385 2909 487 2954 cte—24&
504 2911 623 2956 Lamecum
639 2913 652 2949 1,
671 2921 698 2955 c.;
714 2912 870 2949 Schneemamt
889 2911 943 2957 (let.)
