2214 3350
254 149 330 186 Thesis
343 149 361 185 8,
375 148 495 196 Dispositio
508 147 605 194 posit-iva
618 148 639 182 et
651 147 757 191 negativa
894 145 929 183 163

57 255 59 257 ’
82 256 124 299 illa
139 262 304 308 opera'nullius
320 272 367 300 esse
382 262 466 299 valoris
482 262 521 297 aut
536 260 620 305 vigoris
637 260 666 296 ad
682 260 778 305 gratiam
795 260 927 306 consequen-

83 317 142 354 dam.
152 336 179 347 -ε
187 315 314 353 &Primam
324 317 422 362 gratiam
430 314 610 363 praevenientem
621 314 671 350 dari
681 323 767 360 semper
777 323 836 351 mere
847 314 925 359 gratis,

82 379 123 406 nee
139 369 224 415 aliquid
239 372 370 417 praeoedere
392 370 427 407 vel
448 378 548 415 unquam
565 368 669 414 exparte
692 367 780 403 arbitrii
797 368 925 414 exspectari,
957 364 959 367 ’

82 424 147 460 66166
162 420 246 460 intuitu
260 426 318 461 Deus
333 425 397 461 illam
412 424 502 460 tribuat.
519 442 545 451 -
559 422 576 459 9.
593 421 737 458 vocationem
754 422 782 457 ad
797 421 866 457 iidem
881 431 927 458 non

83 478 179 524 pendere
190 477 214 512 in
224 487 304 522 genere
315 488 396 515 causae
407 477 535 513 meritoriae
547 487 560 512 a
571 475 641 512 libero
654 475 773 512 arbitrio.»
785 494 808 500 -
818 474 927 511 Dissen.

82 531 155 567 tinnt
169 530 197 577 (p.
211 530 267 576 801):
283 532 318 568 «8.
332 533 378 569 Nos
391 531 529 568 affirmamus
542 539 589 566 esse
601 528 715 576 probabile
728 531 799 565 Deum
811 537 927 574 nunquam

83 586 193 630 denegare
208 586 387 631 praevenientem
402 585 500 630 gratiam
516 585 601 620 homini
618 594 644 620 ex
660 583 714 619 66116
730 583 826 619 naturae
841 583 928 618 viribus

83 638 182 683 facienti,
195 639 254 683 quod
264 639 290 675 in
301 650 323 676 se
336 640 376 683 est;
388 641 455 675 immo
468 639 526 674 hane
540 647 587 675 esse
600 637 743 674 infallibilem
755 637 826 681 legem
838 638 928 683 propter

83 691 164 728 merita
184 688 264 728 Christi
282 693 371 731 iactam.
391 692 470 730 Patres
488 692 630 729 Dominioanl
649 691 726 727 dieunt
744 690 785 727 hoo
804 700 852 727 esse
871 699 928 726 erro-

82 755 156 789 neum,
172 745 193 782 et
206 747 340 782 contendunt
355 748 381 783 de
395 748 453 782 teoto
468 746 588 792 aliquando
603 745 710 790 denegari
724 744 851 781 infidelibus
867 744 927 782 adul-

84 800 113 834 tis
131 799 264 835 iacientibus
280 800 357 844 totum,
377 801 435 845 quod
451 801 476 836 in
493 809 516 836 se
534 800 572 843 661,“
592 799 687 835 naturae
706 798 797 844 viribus,
817 798 928 834 sufficiens

84 852 192 889 auxilium
208 855 297 899 propter
312 854 384 890 solum
400 854 509 899 originale
525 854 645 900 peceatum.
657 867 666 887 n
687 854 751 900 (Tam
766 853 864 898 rigidam
881 853 928 889 doe·

82 906 168 942 trinam
179 908 375 943 Dominicanorum
386 908 451 944 161166
463 908 568 954 temporis
580 909 626 943 iere
637 916 715 943 omnes
729 906 855 945 Themistae
868 906 928 944 ante·

83 961 154 996 riores
168 960 189 996 et
201 970 283 1005 omnes,
298 963 323 997 61
335 962 429 1005 videtur,
445 962 547 997 hodierni
560 963 651 997 omnino
665 962 781 1008 respuunt;
796 962 823 998 ei.
838 961 928 998 Marin-

83 1014 222 1050 66161616
238 1015 325 1051 Cieneia
341 1016 440 1052 Tomista
454 1015 479 1051 33
496 1015 589 1061 [19261]
608 1015 659 1061 377.)

84 1134 139 1176 244,
177 1135 204 1175 ln
223 1134 414 1187 Congregatione
434 1134 463 1176 de
483 1134 581 1176 Auxilits
601 1136 637 1184 9³,
665 1134 703 1176 die
729 1138 756 1176 30
783 1135 846 1186 Sept.
865 1138 928 1176 ’1662

83 1197 166 1237 'eoram
184 1197 302 1239 Clemente
320 1198 375 1238 Vlll
394 1197 484 1246 habita,
504 1197 652 1248 disputatum
669 1197 717 1239 est:
742 1200 797 1238 «An
816 1198 841 1238 in
860 1198 928 1239 libris

83 1259 108 1299 S.
123 1260 250 1310 Augustini
262 1261 355 1310 legatur
367 1260 519 1301 consiliatam
533 1272 582 1302 esse
595 1273 609 1302 a
623 1261 671 1302 Deo
684 1260 930 1312 testamentariam

84 1334 139 1363 oum
158 1323 249 1364 Christo
267 1324 319 1363 iilio
336 1335 386 1372 666,
404 1324 432 1364 61
448 1323 540 1374 quoties
556 1325 630 1364 horno
647 1323 702 1364 solis
720 1324 819 1365 naturae
836 1324 929 1365 viribus

84 1387 168 1428 feeerit
184 1387 267 1436 totum,
287 1389 351 1439 quod
369 1388 395 1427 in
413 1399 438 1428 se
455 1387 497 1436 est,
517 1387 580 1428 Deus
598 1387 635 1427 1111
654 1387 744 1428 tribuat
761 1388 871 1439 gratiam,
891 1387 928 1428 vel

83 1450 109 1491 id
121 1450 151 1491 sit
163 1450 281 1491 demente
293 1451 317 1491 S.
329 1450 485 1500 Augustini.»
502 1449 605 1491 Thomas
617 1450 647 1490 de
659 1450 743 1492 Lemos
757 1450 783 1491 O.
797 1452 824 1491 P.
838 1451 930 1492 studuit

84 1513 197 1563 probare:
218 1514 243 1554 Si
260 1508 315 1554 talis
329 1513 368 1554 lex
385 1514 451 1562 66661,
469 1514 496 1553 in
511 1511 606 1564 negotio
622 1513 706 1554 salutis
721 1513 833 1556 voluntas
848 1513 929 1555 nostra

84 1576 234 1626 praecederet
254 1577 363 1627 gratiam,
386 1587 440 1627 ergo
460 1577 503 1617 Dei
524 1576 600 1627 gratia
621 1577 681 1618 esset
701 1576 850 1627 pedissequa,
874 1588 928 1629 ergo

84 1639 182 1680 daretur
191 1651 220 1680 ex
230 1639 328 1679 meritis.
342 1637 469 1691 Gregorius
481 1639 510 1679 de
520 1639 630 1681 Valentia
649 1639 672 1680 S.
685 1640 706 1679 J.
721 1641 778 1680 haee
791 1640 927 1681 refutavit².
983 1693 986 1700 .

99 1726 101 1728 ’
154 1731 290 1772 Leonardus
312 1730 407 1772 Lessius
433 1731 456 1772 S.
475 1730 496 1771 J.
523 1731 628 1782 (11623)
655 1730 763 1771 defendit
787 1731 929 1773 sententiam

84 1792 189 1834 Molinae
207 1793 249 1844 (De
266 1800 324 1844 prat.
344 1794 384 1844 ess.
403 1805 453 1844 oap.
472 1796 499 1834 io
516 1794 538 1834 et
553 1794 676 1845 append.);
694 1794 752 1834 item
768 1793 869 1844 plurimi
886 1793 928 1835 alii

85 1856 219 1897 lesuitae.
234 1856 344 1909 Vazquez
361 1857 385 1908 (i
402 1857 464 1908 1604)
482 1855 549 1897 reioit
564 1855 662 1907 quidem
678 1856 803 1906 MoHnam,
820 1857 862 1898 sed
878 1857 929 1908 ipse

84 1918 153 1969 putat
166 1919 231 1959 omni
245 1919 379 1970 cooperanti
393 1930 448 1960 eum
462 1918 602 1970 eogiiatione
616 1930 722 1971 eongrua
736 1919 853 1961 naturalis
866 1920 929 1961 ordi-

85 1983 123 2024 nis
138 1984 235 2035 propter
250 1984 336 2025 merita
358 1983 445 2024 Christi
468 1981 523 2024 data
540 1982 623 2023 *Deum
645 1982 807 2024 infallibiliter
821 1984 929 2025 conterre

83 2046 186 2097 gratiam
197 2046 402 2097 supernaturalem
415 2045 454 2098 (ei.
468 2057 492 2085 n.
506 2044 606 2096 1211)-
618 2044 707 2088 Suarez
721 2047 745 2098 (t
758 2047 820 2099 1617)
834 2048 930 2087 axioma,

85 2108 165 2151 nostro
179 2121 249 2150 sensu
263 2109 385 2160 intellegit,
401 2108 539 2159 oonoeptum
555 2109 719 2159 dispositionis
732 2109 856 2162 negativae
870 2110 929 2151 bene
978 2142 980 2144 .

85 2172 175 2224 expolit
186 2173 209 2214 et
220 2184 272 2213 rem
284 2173 360 2213 solide
371 2171 456 2222 probat
470 2172 512 2223 (De
525 2178 584 2222 prat.
599 2172 616 2211 l.
630 2176 644 2213 4
657 2183 708 2223 cap.
725 2175 787 2222 1266,
803 2184 879 2225 praes.
894 2175 928 2222 153

85 2237 115 2276 oi.
130 2236 165 2276 De
177 2236 294 2287 praedest.
308 2235 324 2275 l.
340 2238 353 2276 2
367 2246 417 2285 dap.
432 2234 464 2285 7).
480 2235 541 2275 Eum
555 2236 689 2286 sequuntur
702 2234 773 2277 multi
788 2248 801 2277 e
815 2236 930 2278 Sooietate

85 2301 148 2341 Jesu.
166 2325 198 2332 -
214 2300 315 2353 Ripalda
336 2298 359 2350 (t
379 2298 440 2350 1618)
462 2297 495 2347 id,
515 2298 579 2348 quod
598 2297 708 2340 Molina
726 2298 883 2350 probabiliter
900 2300 931 2340 de

85 2362 184 2412 66111166,
196 2362 238 2414 qni
250 2362 305 2403 sunt
315 2362 346 2401 de
356 2360 418 2401 11666
429 2359 489 2411 fidei
500 2361 537 2401 vei
548 2361 734 2412 iustificationis,
748 2361 847 2411 dixerat,
859 2361 929 2404 valde

85 2426 275 2477 improbabiliter
285 2427 315 2466 ad
328 2435 425 2464 omnem
437 2425 655 2465 aerumnosarum
667 2424 772 2467 extendit
786 2427 817 2478 (v.
832 2437 856 2466 n.
870 2427 928 2478 121).

84 2489 149 2530 Lioet
161 2490 204 2530 heo
217 2488 364 2530 reioiendnm
378 2487 408 2527 611
423 2487 453 2538 (v.
468 2498 492 2526 n.
507 2487 565 2539 132),
581 2488 661 2529 tamen
674 2487 826 2539 gratuitatem
839 2489 930 2540 gratiae

85 2563 133 2592 non
151 2551 260 2593 laederet.

147 2701 154 2722 1
171 2701 198 2736 ln
213 2700 259 2736 ista
275 2698 424 2744 disputatione
445 2698 505 2734 vires
522 2709 547 2735 ex
563 2700 640 2735 morbo
662 2699 806 2745 praecedente
830 2701 930 2737 nondum

85 2748 141 2784 satis
155 2748 269 2784 restitutas
283 2748 338 2783 adeo
352 2746 471 2789 contendit,
486 2747 511 2782 61
523 2747 675 2784 valetudinem
689 2747 778 2794 penitus
792 2748 894 2794 perderet
909 2750 930 2786 et

85 2795 202 2841 Neapolim
220 2794 385 2841 transportatus
403 2794 453 2840 post
471 2795 555 2841 septem
572 2805 660 2832 menses
678 2796 761 2832 ibidem
780 2796 815 2833 die
833 2796 858 2834 25
877 2796 928 2842 Apr.

86 2842 134 2879 1603
147 2844 196 2880 tabe
209 2844 271 2880 lenta
283 2843 426 2888 consumptus
440 2842 549 2887 interiret3
561 2853 581 2880 v,
597 2844 677 2881 Theoi.
693 2845 834 2881 Eleutheriou
851 2845 930 2890 (61661-

86 2899 128 2926 666
142 2891 168 2927 66
180 2893 272 2938 Meyer),
286 2891 342 2928 Hisi.
358 2890 558 2927 controversiarum
571 2892 584 2927 l.
599 2892 611 2929 5
624 2902 670 2939 eap.
687 2892 727 2929 126
743 2893 788 2939 (ubi
801 2893 859 2929 ialso
872 2893 892 2929 d.
906 2893 931 2931 26

86 2938 163 2975 11161111
180 2941 226 2976 dies
243 2948 360 2986 supremus
377 2939 521 2984 assignatur).
