2214 3350
231 118 232 121 ’
275 128 352 165 rhesis
367 128 395 164 rc.
411 127 548 164 intentatio
563 128 659 173 spiritus
674 129 750 165 senen
901 126 939 163 331·

159 238 179 276 4.
196 235 355 285 Quanficatio.
371 238 459 288 iiiique
473 235 628 277 inhabitatio:
647 237 679 276 de
693 237 761 285 fide;
776 263 807 268 -—
820 238 847 276 in
861 237 936 277 onini-

91 298 135 338 1111
145 299 214 338 iustis
224 299 248 340 et
258 300 349 341 donum
359 299 512 351 aliquomodo
523 300 721 350 distinguendum
731 299 824 339 adonis
836 301 932 340 creatis:

90 361 250 412 theologice
268 364 388 411 certum;
412 387 444 392 —
467 362 571 412 reliqua:
602 361 784 412 probabilior
801 362 935 412 explicatio.

89 485 145 528 445.
188 486 277 531 Prot.
300 487 330 533 l.
361 487 476 540 Ecclesia.
505 488 606 528 Factum
634 485 815 527 inhabitationis
843 487 937 537 saepius

89 550 229 591 enuntiatur
249 552 287 591 vel
311 550 462 602 supponitur.
495 550 637 601 Symbolum
661 550 792 601 Epiphanii
817 550 859 601 (Dr
883 550 932 601 13>2

87 614 129 654 nai
145 615 179 666 aig
196 614 223 654 cd
240 615 308 668 ἅγιον
322 620 417 666 πνεῦμα
432 616 581 665 πιστεύομεν,
601 644 606 653 .
624 645 629 653 .
647 645 651 653 .
669 615 752 654 cinnor
767 614 796 654 ἐν
812 615 893 667 dyiotg.
908 641 936 646 -

89 676 215 717 Decretum
234 688 278 726 pro
296 676 428 717 Armenis
449 677 491 728 (Da
510 676 573 727 697);
604 677 632 715 In
659 675 839 726 confirmatione
866 675 937 716 datur

89 737 194 789 Spiritus
210 739 313 780 Sanctus
325 741 356 780 ad
371 740 450 780 robur.
467 765 498 770 -
513 738 717 779 Tridentinum
733 748 750 777 si
767 742 847 789 deep.
863 740 877 778 7
893 738 936 790 (Dr

89 803 153 853 799t:
177 802 216 842 «ξ.
228 802 377 843 ,misericors
394 804 464 851 Deus
485 803 527 853 qui
545 801 648 853 gratuito
667 801 744 842 abluit
761 802 785 842 et
803 801 938 842 sanctificat

55 878 60 884 -’
88 865 186 915 sipnans
202 871 224 904 et
236 876 328 916 nnpens
343 866 436 915 Spiritu
449 865 616 916 promissionis
631 865 724 913 Sancto,
742 866 783 915 qui
799 865 835 905 est
848 865 937 915 pignus

89 927 227 968 hereditatis
238 928 359 968 nostrae».
372 954 403 958 -
415 939 433 968 s.
447 931 473 969 14
485 931 558 979 capt
571 928 690 980 (Dz‘898):
707 926 780 968 Docet
792 928 815 968 S.
825 928 937 979 Synodus

89 990 234 1031 attritionem
248 1008 259 1027 «
267 991 357 1031 donum
370 991 412 1031 Dei
425 1002 474 1031 esse
486 991 510 1031 et
522 990 626 1041 Spiritus
639 991 719 1032 Sancti
732 989 872 1041 impulsum,
886 1002 936 1031 non

87 1054 167 1093 adbuc
183 1054 280 1105 quidem
296 1053 461 1101 inhabitantis,
479 1054 520 1095 sed
536 1054 630 1094 tanturn
645 1054 762 1094 moventis
770 1072 789 1093 n.
806 1079 838 1085 -
853 1066 904 1105 cap.
923 1056 935 1094 8

56 1154 58 1160 .
91 1117 134 1167 (Da
148 1118 212 1168 904):
233 1117 335 1157 Gravius
350 1117 454 1168 peccant,
473 1116 534 1168 «qui
550 1117 622 1157 semel
638 1129 653 1157 a
667 1116 756 1167 peccati
773 1118 796 1158 et
811 1117 937 1158 daemonis

88 1178 201 1221 servitute
217 1179 312 1220 liberati
329 1179 353 1220 et
369 1185 463 1230 accepto
481 1179 586 1230 Spiritus
602 1180 685 1220 Stricti
703 1179 837 1236 [genetivus
853 1191 936 1230 epexe-

87 1241 197 1301 getiousi]
211 1242 281 1291 dono,
296 1241 396 1283 scientes
408 1242 526 1293 tempium
538 1242 582 1281 Dei
594 1241 683 1283 violare
697 1244 720 1283 et
733 1242 850 1294 Spiritum
864 1243 935 1284 Sanc-

88 1305 140 1346 tum
154 1304 293 1346 contristere
306 1316 355 1345 non
369 1304 579 1345 formidaverint».
593 1330 625 1336 —
639 1316 657 1346 s.
672 1308 699 1346 23
713 1316 765 1346 can.
780 1308 794 1347 3
810 1306 852 1357 (Da
862 1305 931 1356 aad:

87 1369 134 1409 Per
148 1379 241 1408 sacram
254 1368 430 1408 ordinationem
444 1368 515 1408 datur
529 1369 552 1409 S.
570 1368 681 1418 Spiritus
698 1394 729 1399 -
742 1368 813 1419 Prop.
831 1367 893 1410 Baii
909 1370 936 1409 13

87 1431 115 1472 et
125 1433 151 1472 15
167 1431 209 1482 (Da
225 1433 278 1472 1013
293 1431 369 1481 mim:
390 1448 400 1467 «
409 1462 414 1471 .
424 1462 444 1473 ..
460 1442 503 1482 per
518 1430 637 1481 Spiritum
650 1430 786 1482 adoptionis
799 1432 935 1473 inhahitan-

88 1499 137 1534 tenc
149 1494 221 1535 corda
235 1493 343 1534 filiorum
358 1493 400 1534 Dei
409 1506 429 1542 »;
446 1510 456 1529 «
467 1525 471 1533 .
482 1525 502 1534 ..
518 1493 620 1544 gratiam
634 1494 657 1535 et
670 1494 846 1536 inhabitantem
861 1495 935 1546 Spiri-

87 1557 139 1597 tum
155 1556 297 1598 Sanctum»,
378 1554 379 1557 ’
844 1567 846 1570 >

86 1676 142 1717 446,
168 1675 214 1712 Leo
224 1657 276 1711 11111
294 1676 319 1711 in
332 1675 444 1721 encyclica
457 1688 468 1709 r
476 1676 582 1711 Divinum
594 1675 651 1711 iliud
663 1684 745 1711 muniis
754 1689 764 1709 n
779 1677 805 1712 de
819 1677 839 1712 d.
853 1677 866 1713 Ἰ9
880 1676 935 1713 Μ111

87 1730 135 1768 1897
152 1731 215 1776 (Acta
230 1730 251 1766 S.
269 1729 333 1767 Sedis
349 1728 380 1771 29,
396 1728 500 1775 611-658)
517 1728 633 1765 nonnullis
649 1729 676 1765 de
692 1728 799 1774 mysterio
816 1729 934 1765 Trinitatis

87 1782 217 1828 praemissis
231 1781 321 1827 exponit
333 1781 445 1823 virtutem,
462 1789 530 1825 quam
544 1780 564 1816 S'.
583 1780 679 1826 Spiritus
693 1781 718 1816 in
731 1780 821 1816 Christo
835 1779 932 1824 homine,

20 1860 21 1863 η
87 1833 193 1877 Ecclesia,
208 1833 290 1869 animis
303 1833 443 1877 singulorum
455 1832 589 1868 manifestet.
606 1833 684 1876 Quoad
696 1832 801 1867 ultimum
815 1832 831 1869 1:
847 1834 934 1869 Novum

86 1894 138 1921 curn
154 1885 230 1920 Vetere
249 1885 388 1920 Testamenta
405 1884 532 1930 comparat:
553 1895 564 1916 c
574 1882 663 1919 Certum
680 1884 770 1929 quidem
787 1885 820 1920 est
837 1884 862 1920 in
877 1885 934 1930 ipsis

87 1937 156 1972 etiam
169 1936 297 1972 hominibus
313 1935 385 1978 iustis,
402 1936 440 1981 qui
457 1935 509 1972 ante
523 1936 639 1972 Christum
654 1936 751 1978 fuerunt,
769 1936 877 1972 insedisse
894 1946 934 1982 per

86 1988 185 2033 gratiam
199 1988 307 2034 Spiritum
322 1987 470 2024 Sanctum...
486 1988 568 2023 Verum
582 1988 602 2023 si
616 1987 685 2024 111111
699 1988 724 2023 in
737 1986 790 2024 filiis
803 1988 844 2024 Dei
858 1998 934 2025 nume-

87 2041 203 2084 rabantur,
219 2040 348 2076 condicione
363 2038 439 2075 tamen
452 2039 544 2085 perinde
559 2040 624 2075 erant
639 2049 664 2075 ac
679 2040 737 2075 servi
754 2040 803 2085 (Gal
817 2041 836 2083 1,
853 2039 889 2086 ls)
899 2068 903 2076 .
913 2068 932 2076 ..

87 2091 263 2128 communicatio
276 2091 372 2137 Spiritus
385 2091 461 2128 sancti
473 2092 524 2137 post
537 2091 649 2128 Christum
661 2092 722 2127 tacta
733 2092 804 2127 multo
817 2093 850 2128 est
863 2092 934 2138 copio-

86 2144 139 2187 sior,
154 2143 315 2189 propemodum
328 2142 354 2179 ut
367 2151 444 2178 arram
457 2143 530 2189 pretio
542 2143 612 2179 vincit
627 2152 662 2179 res
677 2143 743 2189 pacta
759 2143 825 2188 atque
839 2144 864 2179 ut
879 2144 934 2180 ima-

86 2195 134 2240 gini
147 2194 212 2239 longe
225 2194 326 2241 praestat
338 2194 421 2231 veritas
437 2194 501 2241 (107,
516 2194 555 2240 39).
566 2207 577 2228 »
590 2213 614 2220 -
626 2194 644 2231 2.
659 2194 716 2231 Dein
729 2195 828 2231 recenset
843 2195 933 2241 effectus

87 2248 109 2282 ci
126 2247 200 2282 medio
219 2246 304 2291 prutina
323 2247 423 2283 divinae:
447 2246 545 2292 «Eloqui
563 2255 628 2282 nemo
647 2247 724 2292 potest,
745 2247 811 2292 quale
830 2248 859 2282 sit
878 2257 934 2293 opus

85 2299 146 2334 istud
158 2298 247 2334 divinae
260 2298 347 2343 gratiae
359 2298 384 2333 in
396 2299 478 2334 animis
490 2297 615 2342 hominum;
628 2300 666 2344 qui
678 2299 797 2344 propterea
809 2299 934 2336 luculenter

87 2350 136 2385 tum
150 2350 175 2385 in
190 2351 260 2386 saeris
275 2349 356 2386 litteris
371 2350 420 2385 turn
435 2350 496 2395 apud
511 2350 623 2386 Ecclesiae
639 2351 718 2386 Patres
734 2352 755 2386 et
771 2351 896 2395 regenerati
913 2353 934 2387 et

86 2402 202 2437 creaturae
217 2410 287 2437 novae
302 2402 324 2437 et
338 2400 450 2437 consortes
465 2401 554 2438 divinae
569 2402 664 2438 naturae
680 2403 701 2437 et
715 2402 756 2437 filii
771 2403 811 2438 Dei
826 2404 847 2439 ei
861 2402 943 2438 deifici-
1016 2409 1018 2413 ’

87 2454 240 2498 similibusque
255 2453 361 2489 laudibus
377 2453 525 2498 appellantur.
542 2454 644 2489 Iamvero
659 2453 707 2489 iam
722 2454 798 2498 ampla
813 2454 872 2490 hona
888 2464 934 2490 non

86 2506 134 2540 sine
145 2514 215 2541 causa
225 2505 333 2541 debentur
345 2505 408 2550 quusi
417 2504 510 2550 propria
521 2505 615 2551 Spiritui
625 2506 708 2542 Sancto
720 2506 784 2551 <Rom
794 2506 813 2550 8,
826 2506 849 2544 15
856 2506 874 2552 s)
884 2533 888 2541 .
898 2534 903 2542 .
912 2534 917 2541 .
927 2534 931 2541 .

86 2556 159 2592 Huius
166 2557 342 2601 regenerationis
353 2556 374 2591 et
384 2556 536 2592 renovationis
545 2556 614 2592 initia
620 2556 672 2592 sunt
679 2556 765 2591 homini
771 2566 811 2602 per
822 2558 935 2603 baptisma

89 2607 145 2652 (103,
154 2608 204 2654 7)...
216 2608 355 2652 Uberiusque
365 2616 404 2653 per
415 2616 503 2642 sacram
513 2607 704 2644 confirmationem
715 2609 745 2644 ad
756 2607 907 2644 constantiam
914 2611 934 2645 et

86 2660 154 2695 robur
164 2659 301 2696 christianae
308 2659 367 2695 vitae
374 2667 422 2694 sese
429 2659 487 2694 dono
499 2660 537 2695 dat
547 2659 608 2695 idem
620 2659 735 2705 Spiritus.»
744 2658 790 2695 -3.
799 2660 849 2695 Iam
855 2660 935 2706 incipit

85 2712 188 2748 Pontifex
201 2720 299 2747 asserere
313 2713 333 2746 et
346 2710 454 2755 cepticore
468 2710 552 2746 donum
564 2711 699 2746 increatam:
717 2710 795 2754 «Sese,
810 2711 931 2756 inquimus,

86 2762 144 2798 dono
161 2763 314 2809 dat'Spiritus
330 2763 427 2799 Sanctus
446 2762 510 2807 (nom
527 2764 544 2805 5,
563 2762 590 2808 5).
610 2763 659 2809 Ipse
677 2762 789 2797 enimvero
806 2772 851 2798 non
867 2764 933 2798 inodo

88 2814 152 2850 affert
166 2816 230 2851 nobis
246 2815 323 2850 divina
337 2822 437 2857 munera,
454 2815 494 2849 sed
508 2815 629 2850 eorundem
643 2814 677 2849 est
691 2814 768 2849 auctor
784 2813 850 2859 atque
865 2814 933 2850 etiam

87 2873 168 2901 manns
187 2867 235 2912 ipse
254 2868 287 2902 est
306 2874 440 2911 supremum,
462 2867 500 2910 qui
519 2875 533 2901 a
551 2866 629 2901 mutuo
648 2866 723 2901 Patris
741 2866 838 2911 Filiique
858 2875 933 2902 amore

86 2918 213 2960 procedens,
238 2919 287 2954 iure
311 2918 406 2953 habetur
424 2917 445 2952 et
463 2918 607 2963 nuncupatur
632 2917 750 2953 »altissimi
770 2918 852 2953 donum
870 2918 930 2954 Dei«.
