<?xml version="1.0" encoding="UTF-8"?>
<!DOCTYPE html PUBLIC "-//W3C//DTD XHTML 1.0 Transitional//EN"
    "http://www.w3.org/TR/xhtml1/DTD/xhtml1-transitional.dtd">
<html xmlns="http://www.w3.org/1999/xhtml" xml:lang="en" lang="en">
 <head>
  <title>
</title>
<meta http-equiv="Content-Type" content="text/html;charset=utf-8" />
  <meta name='ocr-system' content='tesseract 3.04.00' />
  <meta name='ocr-capabilities' content='ocr_page ocr_carea ocr_par ocr_line ocrx_word'/>
</head>
<body>
  <div class='ocr_page' id='page_1' title='image "./MN41637ucmf_2_0547.png"; bbox 0 0 2214 3350; ppageno 0'>
   <div class='ocr_carea' id='block_1_1' title="bbox 222 185 907 238">
    <p class='ocr_par' dir='ltr' id='par_1_1' title="bbox 222 185 907 238">
     <span class='ocr_line' id='line_1_1' title="bbox 222 185 907 238; baseline -0.001 -8"><span class='ocrx_word' id='word_1_1' title='bbox 222 185 336 231; x_wconf 78' lang='lat' dir='ltr'><em>scholium</em></span> <span class='ocrx_word' id='word_1_2' title='bbox 352 194 368 231; x_wconf 86' lang='lat'><em>1.</em></span> <span class='ocrx_word' id='word_1_3' title='bbox 385 192 526 230; x_wconf 81' lang='lat' dir='ltr'><em>Moltnismus</em></span> <span class='ocrx_word' id='word_1_4' title='bbox 542 193 563 229; x_wconf 89' lang='lat' dir='ltr'><em>et</em></span> <span class='ocrx_word' id='word_1_5' title='bbox 580 194 739 238; x_wconf 85' lang='lat' dir='ltr'><em>Congruismus</em></span> <span class='ocrx_word' id='word_1_6' title='bbox 870 192 907 231; x_wconf 79' lang='lat'><em>513</em></span> 
     </span>
    </p>
   </div>
   <div class='ocr_carea' id='block_1_2' title="bbox 41 301 926 2954">
    <p class='ocr_par' dir='ltr' id='par_1_2' title="bbox 41 301 926 2954">
     <span class='ocr_line' id='line_1_2' title="bbox 59 301 905 350; baseline -0.002 -7"><span class='ocrx_word' id='word_1_7' title='bbox 59 301 128 343; x_wconf 87' lang='lat' dir='ltr'><em>dium</em></span> <span class='ocrx_word' id='word_1_8' title='bbox 146 302 312 344; x_wconf 74' lang='lat' dir='ltr'>distributione</span> <span class='ocrx_word' id='word_1_9' title='bbox 333 301 487 350; x_wconf 81' lang='lat' dir='ltr'><em>«omittit»,</em></span> <span class='ocrx_word' id='word_1_10' title='bbox 507 302 522 341; x_wconf 93' lang='lat' dir='ltr'><em>i.</em></span> <span class='ocrx_word' id='word_1_11' title='bbox 540 312 561 341; x_wconf 85' lang='lat' dir='ltr'><em>e.</em></span> <span class='ocrx_word' id='word_1_12' title='bbox 580 302 744 342; x_wconf 76' lang='lat' dir='ltr'><em>antecedenter</em></span> <span class='ocrx_word' id='word_1_13' title='bbox 762 303 793 343; x_wconf 90' lang='lat' dir='ltr'><em>ad</em></span> <span class='ocrx_word' id='word_1_14' title='bbox 809 312 905 343; x_wconf 86' lang='lat' dir='ltr'><em>omnem</em></span> 
     </span>
     <span class='ocr_line' id='line_1_3' title="bbox 58 363 906 421; baseline 0.002 -17"><span class='ocrx_word' id='word_1_15' title='bbox 58 365 193 414; x_wconf 83' lang='lat' dir='ltr'><em>respectum</em></span> <span class='ocrx_word' id='word_1_16' title='bbox 204 376 333 421; x_wconf 11' lang='lat' dir='ltr'><em>operumde</em></span> <span class='ocrx_word' id='word_1_17' title='bbox 344 365 394 406; x_wconf 88' lang='lat' dir='ltr'><em>vita</em></span> <span class='ocrx_word' id='word_1_18' title='bbox 406 363 502 406; x_wconf 86' lang='lat' dir='ltr'><em>aeterna</em></span> <span class='ocrx_word' id='word_1_19' title='bbox 513 364 621 415; x_wconf 71' lang='lat' dir='ltr'><em>neootive</em></span> <span class='ocrx_word' id='word_1_20' title='bbox 635 365 753 415; x_wconf 73' lang='lat' dir='ltr'><em>reprobat.</em></span> <span class='ocrx_word' id='word_1_21' title='bbox 765 388 797 394; x_wconf 85' lang='lat'><em>—-</em></span> <span class='ocrx_word' id='word_1_22' title='bbox 809 368 829 406; x_wconf 78' lang='lat'><em>2.</em></span> <span class='ocrx_word' id='word_1_23' title='bbox 845 365 906 415; x_wconf 82' lang='lat' dir='ltr'><em>Quo-</em></span> 
     </span>
     <span class='ocr_line' id='line_1_4' title="bbox 58 425 906 482; baseline 0.001 -15"><span class='ocrx_word' id='word_1_24' title='bbox 58 427 126 468; x_wconf 85' lang='lat' dir='ltr'><em>niam</em></span> <span class='ocrx_word' id='word_1_25' title='bbox 149 428 212 469; x_wconf 87' lang='lat' dir='ltr'><em>Deus</em></span> <span class='ocrx_word' id='word_1_26' title='bbox 234 428 293 477; x_wconf 82' lang='lat' dir='ltr'><em>vult,</em></span> <span class='ocrx_word' id='word_1_27' title='bbox 313 428 340 469; x_wconf 90' lang='lat' dir='ltr'><em>ut</em></span> <span class='ocrx_word' id='word_1_28' title='bbox 357 427 478 482; x_wconf 70' lang='lat' dir='ltr'><em>creaturae</em></span> <span class='ocrx_word' id='word_1_29' title='bbox 492 425 628 476; x_wconf 75' lang='lat' dir='ltr'><em>rationales,</em></span> <span class='ocrx_word' id='word_1_30' title='bbox 648 437 708 477; x_wconf 84' lang='lat' dir='ltr'><em>quae</em></span> <span class='ocrx_word' id='word_1_31' title='bbox 725 428 751 468; x_wconf 87' lang='lat' dir='ltr'><em>in</em></span> <span class='ocrx_word' id='word_1_32' title='bbox 767 428 830 469; x_wconf 83' lang='lat' dir='ltr'><em>statu</em></span> <span class='ocrx_word' id='word_1_33' title='bbox 852 429 906 469; x_wconf 84' lang='lat' dir='ltr'><em>viae</em></span> 
     </span>
     <span class='ocr_line' id='line_1_5' title="bbox 59 486 905 541; baseline 0.001 -11"><span class='ocrx_word' id='word_1_34' title='bbox 59 501 131 531; x_wconf 87' lang='lat' dir='ltr'><em>usum</em></span> <span class='ocrx_word' id='word_1_35' title='bbox 147 491 247 532; x_wconf 84' lang='lat' dir='ltr'><em>rationis</em></span> <span class='ocrx_word' id='word_1_36' title='bbox 268 491 398 539; x_wconf 87' lang='lat' dir='ltr'><em>habebunt,</em></span> <span class='ocrx_word' id='word_1_37' title='bbox 416 486 524 541; x_wconf 82' lang='lat' dir='ltr'><em>gradum·</em></span> <span class='ocrx_word' id='word_1_38' title='bbox 535 489 624 540; x_wconf 84' lang='lat' dir='ltr'><em>gloriae</em></span> <span class='ocrx_word' id='word_1_39' title='bbox 646 489 706 540; x_wconf 82' lang='lat' dir='ltr'><em>ipsis</em></span> <span class='ocrx_word' id='word_1_40' title='bbox 728 490 780 531; x_wconf 75' lang='lat' dir='ltr'><em>iam&#39;</em></span> <span class='ocrx_word' id='word_1_41' title='bbox 799 490 905 532; x_wconf 82' lang='lat' dir='ltr'><em>absolute</em></span> 
     </span>
     <span class='ocr_line' id='line_1_6' title="bbox 58 552 907 604; baseline 0.002 -11"><span class='ocrx_word' id='word_1_42' title='bbox 58 553 261 604; x_wconf 83' lang='lat' dir='ltr'><em>praedestinatum</em></span> <span class='ocrx_word' id='word_1_43' title='bbox 278 554 362 595; x_wconf 83' lang='lat' dir='ltr'><em>saltem</em></span> <span class='ocrx_word' id='word_1_44' title='bbox 379 565 408 595; x_wconf 82' lang='lat' dir='ltr'><em>ex</em></span> <span class='ocrx_word' id='word_1_45' title='bbox 424 553 491 604; x_wconf 80' lang='lat' dir='ltr'><em>parte</em></span> <span class='ocrx_word' id='word_1_46' title='bbox 508 552 554 593; x_wconf 86' lang='lat' dir='ltr'><em>sibi</em></span> <span class='ocrx_word' id='word_1_47' title='bbox 570 559 708 593; x_wconf 79' lang='lat' dir='ltr'><em>mereantur</em></span> <span class='ocrx_word' id='word_1_48' title='bbox 726 552 783 602; x_wconf 87' lang='lat' dir='ltr'><em>(alia</em></span> <span class='ocrx_word' id='word_1_49' title='bbox 797 554 863 594; x_wconf 89' lang='lat' dir='ltr'><em>enim</em></span> <span class='ocrx_word' id='word_1_50' title='bbox 876 565 907 595; x_wconf 83' lang='lat' dir='ltr'><em>ex</em></span> 
     </span>
     <span class='ocr_line' id='line_1_7' title="bbox 59 614 906 669; baseline 0 -13"><span class='ocrx_word' id='word_1_51' title='bbox 59 614 127 667; x_wconf 80' lang='lat' dir='ltr'><em>parte</em></span> <span class='ocrx_word' id='word_1_52' title='bbox 141 616 238 658; x_wconf 88' lang='lat' dir='ltr'><em>dabitur</em></span> <span class='ocrx_word' id='word_1_53' title='bbox 251 617 392 658; x_wconf 80' lang='lat' dir='ltr'><em>bominibus</em></span> <span class='ocrx_word' id='word_1_54' title='bbox 406 628 435 658; x_wconf 79' lang='lat' dir='ltr'><em>ex</em></span> <span class='ocrx_word' id='word_1_55' title='bbox 450 626 519 667; x_wconf 85' lang='lat' dir='ltr'><em>opere</em></span> <span class='ocrx_word' id='word_1_56' title='bbox 532 615 615 667; x_wconf 71' lang='lat' dir='ltr'><em>onerat</em></span> <span class='ocrx_word' id='word_1_57' title='bbox 629 616 647 669; x_wconf 62' lang='lat'><em>=)‚</em></span> <span class='ocrx_word' id='word_1_58' title='bbox 663 615 712 657; x_wconf 87' lang='lat' dir='ltr'><em>iam</em></span> <span class='ocrx_word' id='word_1_59' title='bbox 727 616 854 656; x_wconf 87' lang='lat' dir='ltr'><em>necessitas</em></span> <span class='ocrx_word' id='word_1_60' title='bbox 867 628 906 656; x_wconf 74' lang='lat' dir='ltr'><em>ex-</em></span> 
     </span>
     <span class='ocr_line' id='line_1_8' title="bbox 58 678 905 729; baseline -0.001 -10"><span class='ocrx_word' id='word_1_61' title='bbox 58 678 142 729; x_wconf 79' lang='lat' dir='ltr'><em>surgit,</em></span> <span class='ocrx_word' id='word_1_62' title='bbox 162 679 188 720; x_wconf 88' lang='lat' dir='ltr'><em>ut</em></span> <span class='ocrx_word' id='word_1_63' title='bbox 204 679 250 720; x_wconf 88' lang='lat' dir='ltr'><em>hae</em></span> <span class='ocrx_word' id='word_1_64' title='bbox 268 680 388 721; x_wconf 85' lang='lat' dir='ltr'><em>creaturae</em></span> <span class='ocrx_word' id='word_1_65' title='bbox 406 679 466 720; x_wconf 83' lang='lat' dir='ltr'><em>tales</em></span> <span class='ocrx_word' id='word_1_66' title='bbox 482 679 588 729; x_wconf 87' lang='lat' dir='ltr'><em>praecise</em></span> <span class='ocrx_word' id='word_1_67' title='bbox 606 678 687 719; x_wconf 86' lang='lat' dir='ltr'><em>actus</em></span> <span class='ocrx_word' id='word_1_68' title='bbox 702 679 791 719; x_wconf 87' lang='lat' dir='ltr'><em>bonos</em></span> <span class='ocrx_word' id='word_1_69' title='bbox 808 678 905 727; x_wconf 83' lang='lat' dir='ltr'><em>iaciant,</em></span> 
     </span>
     <span class='ocr_line' id='line_1_9' title="bbox 58 741 908 794; baseline 0.001 -12"><span class='ocrx_word' id='word_1_70' title='bbox 58 742 179 794; x_wconf 86' lang='lat' dir='ltr'><em>qualibus,</em></span> <span class='ocrx_word' id='word_1_71' title='bbox 196 742 321 793; x_wconf 84' lang='lat' dir='ltr'><em>tamquam</em></span> <span class='ocrx_word' id='word_1_72' title='bbox 344 742 487 793; x_wconf 80' lang='lat' dir='ltr'><em>praemium,</em></span> <span class='ocrx_word' id='word_1_73' title='bbox 513 743 603 792; x_wconf 81' lang='lat' dir='ltr'><em>gradus</em></span> <span class='ocrx_word' id='word_1_74' title='bbox 626 741 716 793; x_wconf 81' lang='lat' dir='ltr'><em>gloriae</em></span> <span class='ocrx_word' id='word_1_75' title='bbox 734 742 761 782; x_wconf 90' lang='lat' dir='ltr'><em>ut</em></span> <span class='ocrx_word' id='word_1_76' title='bbox 778 742 908 783; x_wconf 82' lang='lat' dir='ltr'><em>merendus</em></span> 
     </span>
     <span class='ocr_line' id='line_1_10' title="bbox 57 804 907 855; baseline 0.001 -10"><span class='ocrx_word' id='word_1_77' title='bbox 57 805 108 846; x_wconf 85' lang='lat' dir='ltr'><em>iam</em></span> <span class='ocrx_word' id='word_1_78' title='bbox 120 805 310 855; x_wconf 85' lang='lat' dir='ltr'><em>praedestinatus</em></span> <span class='ocrx_word' id='word_1_79' title='bbox 321 806 428 847; x_wconf 82' lang='lat' dir='ltr'><em>accurate</em></span> <span class='ocrx_word' id='word_1_80' title='bbox 440 805 587 854; x_wconf 83' lang='lat' dir='ltr'><em>respondeat.</em></span> <span class='ocrx_word' id='word_1_81' title='bbox 602 806 681 855; x_wconf 87' lang='lat' dir='ltr'><em>Quare</em></span> <span class='ocrx_word' id='word_1_82' title='bbox 694 804 758 846; x_wconf 87' lang='lat' dir='ltr'><em>Deus</em></span> <span class='ocrx_word' id='word_1_83' title='bbox 770 805 828 847; x_wconf 88' lang='lat' dir='ltr'><em>istos</em></span> <span class='ocrx_word' id='word_1_84' title='bbox 840 805 907 846; x_wconf 86' lang='lat' dir='ltr'><em>actus</em></span> 
     </span>
     <span class='ocr_line' id='line_1_11' title="bbox 57 867 906 920; baseline 0.001 -12"><span class='ocrx_word' id='word_1_85' title='bbox 57 867 175 908; x_wconf 80' lang='lat' dir='ltr'><em>salutares</em></span> <span class='ocrx_word' id='word_1_86' title='bbox 190 868 313 920; x_wconf 87' lang='lat' dir='ltr'><em>tamquam</em></span> <span class='ocrx_word' id='word_1_87' title='bbox 329 869 437 910; x_wconf 86' lang='lat' dir='ltr'><em>medium</em></span> <span class='ocrx_word' id='word_1_88' title='bbox 454 869 613 910; x_wconf 85' lang='lat' dir='ltr'><em>necessarium</em></span> <span class='ocrx_word' id='word_1_89' title='bbox 631 870 663 910; x_wconf 88' lang='lat' dir='ltr'><em>ad</em></span> <span class='ocrx_word' id='word_1_90' title='bbox 680 868 755 910; x_wconf 85' lang='lat' dir='ltr'><em>tinem</em></span> <span class='ocrx_word' id='word_1_91' title='bbox 773 867 822 909; x_wconf 83' lang='lat' dir='ltr'><em>iarn</em></span> <span class='ocrx_word' id='word_1_92' title='bbox 839 879 906 919; x_wconf 81' lang='lat' dir='ltr'><em>prae-</em></span> 
     </span>
     <span class='ocr_line' id='line_1_12' title="bbox 57 930 907 983; baseline 0.002 -12"><span class='ocrx_word' id='word_1_93' title='bbox 57 930 170 971; x_wconf 83' lang='lat' dir='ltr'><em>stitutum</em></span> <span class='ocrx_word' id='word_1_94' title='bbox 183 932 347 973; x_wconf 68' lang='lat' dir='ltr'><em>formaliter</em></span> <span class='ocrx_word' id='word_1_95' title='bbox 360 932 550 983; x_wconf 69' lang='lat' dir='ltr'><em>praedefinit:</em></span> <span class='ocrx_word' id='word_1_96' title='bbox 565 958 596 964; x_wconf 84' lang='lat'><em>-</em></span> <span class='ocrx_word' id='word_1_97' title='bbox 610 935 631 973; x_wconf 89' lang='grc'><em>3.</em></span> <span class='ocrx_word' id='word_1_98' title='bbox 647 932 722 973; x_wconf 85' lang='lat' dir='ltr'><em>Actus</em></span> <span class='ocrx_word' id='word_1_99' title='bbox 734 930 907 983; x_wconf 81' lang='lat' dir='ltr'><em>praedefinitos</em></span> 
     </span>
     <span class='ocr_line' id='line_1_13' title="bbox 57 988 904 1046; baseline 0 -12"><span class='ocrx_word' id='word_1_100' title='bbox 57 994 123 1035; x_wconf 88' lang='lat' dir='ltr'><em>Deus</em></span> <span class='ocrx_word' id='word_1_101' title='bbox 136 993 295 1036; x_wconf 71' lang='lat' dir='ltr'><em>infallibiliter</em></span> <span class='ocrx_word' id='word_1_102' title='bbox 308 995 425 1035; x_wconf 73' lang='lat' dir='ltr'><em>obtinebit</em></span> <span class='ocrx_word' id='word_1_103' title='bbox 437 1006 479 1046; x_wconf 78' lang='lat' dir='ltr'><em>per</em></span> <span class='ocrx_word' id='word_1_104' title='bbox 493 995 578 1036; x_wconf 82' lang='lat' dir='ltr'><em>idonea</em></span> <span class='ocrx_word' id='word_1_105' title='bbox 590 988 681 1036; x_wconf 73' lang='lat' dir='ltr'><em>ancilia</em></span> <span class='ocrx_word' id='word_1_106' title='bbox 694 994 782 1046; x_wconf 82' lang='lat' dir='ltr'><em>gratiae</em></span> <span class='ocrx_word' id='word_1_107' title='bbox 796 994 904 1037; x_wconf 86' lang='lat' dir='ltr'><em>efficacis.</em></span> 
     </span>
     <span class='ocr_line' id='line_1_14' title="bbox 41 1057 905 1110; baseline 0.001 -13"><span class='ocrx_word' id='word_1_108' title='bbox 41 1106 42 1110; x_wconf 10' lang='grc' dir='ltr'><strong>Ἰ</strong></span> <span class='ocrx_word' id='word_1_109' title='bbox 59 1058 137 1107; x_wconf 80' lang='lat' dir='ltr'><em>Quare</em></span> <span class='ocrx_word' id='word_1_110' title='bbox 154 1057 324 1108; x_wconf 81' lang='lat' dir='ltr'><em>consequenter</em></span> <span class='ocrx_word' id='word_1_111' title='bbox 341 1058 371 1098; x_wconf 84' lang='lat' dir='ltr'><em>ad</em></span> <span class='ocrx_word' id='word_1_112' title='bbox 388 1057 468 1108; x_wconf 84' lang='lat' dir='ltr'><em>priora</em></span> <span class='ocrx_word' id='word_1_113' title='bbox 487 1058 580 1099; x_wconf 85' lang='lat' dir='ltr'><em>decreta</em></span> <span class='ocrx_word' id='word_1_114' title='bbox 596 1069 661 1099; x_wconf 88' lang='lat' dir='ltr'><em>nunc</em></span> <span class='ocrx_word' id='word_1_115' title='bbox 676 1058 742 1108; x_wconf 82' lang='lat' dir='ltr'><em>eligit</em></span> <span class='ocrx_word' id='word_1_116' title='bbox 759 1059 808 1100; x_wconf 82' lang='lat' dir='ltr'><em>sive</em></span> <span class='ocrx_word' id='word_1_117' title='bbox 824 1069 905 1110; x_wconf 86' lang='lat' dir='ltr'><em>prae-</em></span> 
     </span>
     <span class='ocr_line' id='line_1_15' title="bbox 59 1118 905 1172; baseline 0 -12"><span class='ocrx_word' id='word_1_118' title='bbox 59 1118 187 1160; x_wconf 85' lang='lat' dir='ltr'><em>destinat</em></span> <span class='ocrx_word' id='word_1_119' title='bbox 203 1120 286 1171; x_wconf 84' lang='lat' dir='ltr'><em>aptas</em></span> <span class='ocrx_word' id='word_1_120' title='bbox 303 1120 424 1170; x_wconf 77' lang='lat' dir='ltr'><em>gratias.</em></span> <span class='ocrx_word' id='word_1_121' title='bbox 444 1120 511 1162; x_wconf 85' lang='lat' dir='ltr'><em>Patet</em></span> <span class='ocrx_word' id='word_1_122' title='bbox 527 1121 590 1162; x_wconf 85' lang='lat' dir='ltr'><em>hanc</em></span> <span class='ocrx_word' id='word_1_123' title='bbox 608 1132 660 1162; x_wconf 88' lang='lat' dir='ltr'><em>rem</em></span> <span class='ocrx_word' id='word_1_124' title='bbox 679 1122 708 1162; x_wconf 87' lang='lat' dir='ltr'><em>ab</em></span> <span class='ocrx_word' id='word_1_125' title='bbox 727 1121 823 1161; x_wconf 83' lang='lat' dir='ltr'><em>asseclis</em></span> <span class='ocrx_word' id='word_1_126' title='bbox 838 1132 905 1172; x_wconf 86' lang='lat' dir='ltr'><em>prae-</em></span> 
     </span>
     <span class='ocr_line' id='line_1_16' title="bbox 57 1182 905 1234; baseline 0.002 -11"><span class='ocrx_word' id='word_1_127' title='bbox 57 1182 223 1223; x_wconf 85' lang='lat' dir='ltr'><em>destinationis</em></span> <span class='ocrx_word' id='word_1_128' title='bbox 235 1182 396 1224; x_wconf 84' lang='lat' dir='ltr'><em>antecedentis</em></span> <span class='ocrx_word' id='word_1_129' title='bbox 407 1182 520 1233; x_wconf 75' lang='lat' dir='ltr'><em>explicari</em></span> <span class='ocrx_word' id='word_1_130' title='bbox 533 1195 577 1234; x_wconf 84' lang='lat' dir='ltr'><em>pro</em></span> <span class='ocrx_word' id='word_1_131' title='bbox 589 1184 684 1225; x_wconf 83' lang='lat' dir='ltr'><em>diversa</em></span> <span class='ocrx_word' id='word_1_132' title='bbox 694 1183 818 1233; x_wconf 86' lang='lat' dir='ltr'><em>sententia,</em></span> <span class='ocrx_word' id='word_1_133' title='bbox 831 1194 905 1234; x_wconf 86' lang='lat' dir='ltr'><em>quam</em></span> 
     </span>
     <span class='ocr_line' id='line_1_17' title="bbox 51 1241 910 1298; baseline 0.001 -12"><span class='ocrx_word' id='word_1_134' title='bbox 51 1247 88 1286; x_wconf 68' lang='lat' dir='ltr'><em>‘de</em></span> <span class='ocrx_word' id='word_1_135' title='bbox 99 1246 200 1287; x_wconf 85' lang='lat' dir='ltr'><em>efficacia</em></span> <span class='ocrx_word' id='word_1_136' title='bbox 212 1247 302 1298; x_wconf 82' lang='lat' dir='ltr'><em>gratiae</em></span> <span class='ocrx_word' id='word_1_137' title='bbox 314 1246 410 1287; x_wconf 84' lang='lat' dir='ltr'><em>babent.</em></span> <span class='ocrx_word' id='word_1_138' title='bbox 425 1246 563 1287; x_wconf 85' lang='lat' dir='ltr'><em>Secundum</em></span> <span class='ocrx_word' id='word_1_139' title='bbox 575 1247 738 1287; x_wconf 81' lang='lat' dir='ltr'><em>Themistas</em></span> <span class='ocrx_word' id='word_1_140' title='bbox 749 1248 814 1289; x_wconf 87' lang='lat' dir='ltr'><em>Deus</em></span> <span class='ocrx_word' id='word_1_141' title='bbox 823 1249 849 1288; x_wconf 89' lang='lat' dir='ltr'><em>in</em></span> <span class='ocrx_word' id='word_1_142' title='bbox 860 1241 910 1287; x_wconf 83' lang='lat' dir='ltr'><em>hoc</em></span> 
     </span>
     <span class='ocr_line' id='line_1_18' title="bbox 57 1309 903 1361; baseline -0.002 -11"><span class='ocrx_word' id='word_1_143' title='bbox 57 1310 126 1350; x_wconf 87' lang='lat' dir='ltr'><em>tertio</em></span> <span class='ocrx_word' id='word_1_144' title='bbox 150 1309 216 1360; x_wconf 81' lang='lat' dir='ltr'><em>siguo</em></span> <span class='ocrx_word' id='word_1_145' title='bbox 240 1309 346 1350; x_wconf 87' lang='lat' dir='ltr'><em>decernit</em></span> <span class='ocrx_word' id='word_1_146' title='bbox 361 1310 418 1350; x_wconf 83' lang='lat' dir='ltr'><em>dare</em></span> <span class='ocrx_word' id='word_1_147' title='bbox 434 1321 473 1350; x_wconf 85' lang='lat' dir='ltr'><em>eas</em></span> <span class='ocrx_word' id='word_1_148' title='bbox 495 1310 773 1361; x_wconf 54' lang='lat' dir='ltr'><em>praedeterminantes&gt;</em></span> <span class='ocrx_word' id='word_1_149' title='bbox 785 1310 903 1361; x_wconf 76' lang='lat' dir='ltr'><em>physicas,</em></span> 
     </span>
     <span class='ocr_line' id='line_1_19' title="bbox 57 1372 906 1423; baseline 0 -11"><span class='ocrx_word' id='word_1_150' title='bbox 57 1383 119 1423; x_wconf 83' lang='lat' dir='ltr'><em>quas</em></span> <span class='ocrx_word' id='word_1_151' title='bbox 134 1384 164 1412; x_wconf 78' lang='lat' dir='ltr'><em>ex</em></span> <span class='ocrx_word' id='word_1_152' title='bbox 178 1372 273 1413; x_wconf 88' lang='lat' dir='ltr'><em>interna</em></span> <span class='ocrx_word' id='word_1_153' title='bbox 296 1383 339 1413; x_wconf 87' lang='lat' dir='ltr'><em>sua</em></span> <span class='ocrx_word' id='word_1_154' title='bbox 360 1372 447 1413; x_wconf 87' lang='lat' dir='ltr'><em>natura</em></span> <span class='ocrx_word' id='word_1_155' title='bbox 470 1372 536 1413; x_wconf 86' lang='lat' dir='ltr'><em>actus</em></span> <span class='ocrx_word' id='word_1_156' title='bbox 558 1372 730 1423; x_wconf 79' lang='lat' dir='ltr'><em>praedefinitos</em></span> <span class='ocrx_word' id='word_1_157' title='bbox 745 1372 906 1413; x_wconf 79' lang='lat' dir='ltr'><em>infallibiliter</em></span> 
     </span>
     <span class='ocr_line' id='line_1_20' title="bbox 57 1434 905 1488; baseline 0.002 -13"><span class='ocrx_word' id='word_1_158' title='bbox 57 1435 216 1486; x_wconf 83' lang='lat' dir='ltr'><em>producturae</em></span> <span class='ocrx_word' id='word_1_159' title='bbox 227 1446 277 1476; x_wconf 85' lang='lat' dir='ltr'><em>esse</em></span> <span class='ocrx_word' id='word_1_160' title='bbox 292 1434 391 1476; x_wconf 87' lang='lat' dir='ltr'><em>scientia</em></span> <span class='ocrx_word' id='word_1_161' title='bbox 405 1434 522 1486; x_wconf 84' lang='lat' dir='ltr'><em>simplicis</em></span> <span class='ocrx_word' id='word_1_162' title='bbox 536 1435 711 1488; x_wconf 71' lang='lat' dir='ltr'><em>intellegentiae</em></span> <span class='ocrx_word' id='word_1_163' title='bbox 727 1436 850 1487; x_wconf 80' lang='lat' dir='ltr'><em>intellegit.</em></span> <span class='ocrx_word' id='word_1_164' title='bbox 867 1436 905 1477; x_wconf 87' lang='lat' dir='ltr'><em>Se-</em></span> 
     </span>
     <span class='ocr_line' id='line_1_21' title="bbox 57 1497 905 1550; baseline 0.001 -12"><span class='ocrx_word' id='word_1_165' title='bbox 57 1498 164 1538; x_wconf 87' lang='lat' dir='ltr'><em>cundum</em></span> <span class='ocrx_word' id='word_1_166' title='bbox 182 1498 412 1550; x_wconf 81' lang='lat' dir='ltr'><em>Augustinenses</em></span> <span class='ocrx_word' id='word_1_167' title='bbox 432 1497 522 1549; x_wconf 82' lang='lat' dir='ltr'><em>pariter</em></span> <span class='ocrx_word' id='word_1_168' title='bbox 541 1498 685 1549; x_wconf 82' lang='lat' dir='ltr'><em>respectivas</em></span> <span class='ocrx_word' id='word_1_169' title='bbox 704 1498 905 1550; x_wconf 77' lang='lat' dir='ltr'><em>praedetermina-</em></span> 
     </span>
     <span class='ocr_line' id='line_1_22' title="bbox 59 1560 906 1612; baseline 0.001 -12"><span class='ocrx_word' id='word_1_170' title='bbox 59 1562 134 1601; x_wconf 76' lang='lat' dir='ltr'><em>tiones</em></span> <span class='ocrx_word' id='word_1_171' title='bbox 147 1560 249 1601; x_wconf 78' lang='lat' dir='ltr'><em>inernies</em></span> <span class='ocrx_word' id='word_1_172' title='bbox 263 1560 376 1602; x_wconf 87' lang='lat' dir='ltr'><em>decernit.</em></span> <span class='ocrx_word' id='word_1_173' title='bbox 393 1561 531 1602; x_wconf 87' lang='lat' dir='ltr'><em>Secundum</em></span> <span class='ocrx_word' id='word_1_174' title='bbox 545 1562 733 1612; x_wconf 78' lang='lat' dir='ltr'><em>Congruistas</em></span> <span class='ocrx_word' id='word_1_175' title='bbox 747 1563 826 1603; x_wconf 88' lang='lat' dir='ltr'><em>autem</em></span> <span class='ocrx_word' id='word_1_176' title='bbox 842 1562 906 1602; x_wconf 87' lang='lat' dir='ltr'><em>Deus</em></span> 
     </span>
     <span class='ocr_line' id='line_1_23' title="bbox 57 1622 905 1675; baseline 0.002 -13"><span class='ocrx_word' id='word_1_177' title='bbox 57 1623 161 1664; x_wconf 84' lang='lat' dir='ltr'><em>consulit</em></span> <span class='ocrx_word' id='word_1_178' title='bbox 176 1623 302 1663; x_wconf 80' lang='lat' dir='ltr'><em>scientiam</em></span> <span class='ocrx_word' id='word_1_179' title='bbox 318 1624 432 1673; x_wconf 67' lang='lat' dir='ltr'><em>mediana</em></span> <span class='ocrx_word' id='word_1_180' title='bbox 448 1622 514 1675; x_wconf 80' lang='lat' dir='ltr'><em>eligit</em></span> <span class='ocrx_word' id='word_1_181' title='bbox 531 1624 581 1665; x_wconf 88' lang='lat' dir='ltr'><em>scil.</em></span> <span class='ocrx_word' id='word_1_182' title='bbox 599 1636 627 1666; x_wconf 87' lang='lat' dir='ltr'><em>ea</em></span> <span class='ocrx_word' id='word_1_183' title='bbox 644 1623 741 1672; x_wconf 74' lang='lat' dir='ltr'><em>auxilia,</em></span> <span class='ocrx_word' id='word_1_184' title='bbox 760 1625 905 1675; x_wconf 80' lang='lat' dir='ltr'><em>quibuscum</em></span> 
     </span>
     <span class='ocr_line' id='line_1_24' title="bbox 57 1686 904 1739; baseline -0.002 -10"><span class='ocrx_word' id='word_1_185' title='bbox 57 1688 179 1729; x_wconf 85' lang='lat' dir='ltr'><em>creaturas</em></span> <span class='ocrx_word' id='word_1_186' title='bbox 192 1688 249 1729; x_wconf 86' lang='lat' dir='ltr'><em>istos</em></span> <span class='ocrx_word' id='word_1_187' title='bbox 262 1687 367 1739; x_wconf 83' lang='lat' dir='ltr'><em>praecise</em></span> <span class='ocrx_word' id='word_1_188' title='bbox 378 1688 445 1728; x_wconf 84' lang='lat' dir='ltr'><em>actus</em></span> <span class='ocrx_word' id='word_1_189' title='bbox 457 1687 532 1728; x_wconf 88' lang='lat' dir='ltr'><em>bonos</em></span> <span class='ocrx_word' id='word_1_190' title='bbox 545 1687 620 1728; x_wconf 87' lang='lat' dir='ltr'><em>libere</em></span> <span class='ocrx_word' id='word_1_191' title='bbox 633 1686 755 1728; x_wconf 76' lang='lat' dir='ltr'><em>eliciturus</em></span> <span class='ocrx_word' id='word_1_192' title='bbox 767 1697 816 1729; x_wconf 83' lang='lat' dir='ltr'><em>esse</em></span> <span class='ocrx_word' id='word_1_193' title='bbox 831 1687 904 1729; x_wconf 86' lang='lat' dir='ltr'><em>scien-</em></span> 
     </span>
     <span class='ocr_line' id='line_1_25' title="bbox 58 1750 904 1803; baseline 0 -12"><span class='ocrx_word' id='word_1_194' title='bbox 58 1750 93 1791; x_wconf 87' lang='lat' dir='ltr'><em>tia</em></span> <span class='ocrx_word' id='word_1_195' title='bbox 103 1751 182 1792; x_wconf 87' lang='lat' dir='ltr'><em>media</em></span> <span class='ocrx_word' id='word_1_196' title='bbox 192 1751 239 1802; x_wconf 73' lang='lat' dir='ltr'><em>insi</em></span> <span class='ocrx_word' id='word_1_197' title='bbox 250 1751 369 1801; x_wconf 75' lang='lat' dir='ltr'><em>patefacit.</em></span> <span class='ocrx_word' id='word_1_198' title='bbox 384 1751 455 1803; x_wconf 73' lang='lat' dir='ltr'><em>(Erga</em></span> <span class='ocrx_word' id='word_1_199' title='bbox 468 1750 623 1791; x_wconf 76' lang='lat' dir='ltr'><em>«omissos»</em></span> <span class='ocrx_word' id='word_1_200' title='bbox 637 1750 701 1792; x_wconf 87' lang='lat' dir='ltr'><em>Deus</em></span> <span class='ocrx_word' id='word_1_201' title='bbox 712 1751 737 1791; x_wconf 89' lang='lat' dir='ltr'><em>in</em></span> <span class='ocrx_word' id='word_1_202' title='bbox 748 1753 793 1792; x_wconf 89' lang='lat' dir='ltr'><em>hcc</em></span> <span class='ocrx_word' id='word_1_203' title='bbox 803 1754 825 1792; x_wconf 86' lang='lat'><em>3⁰</em></span> <span class='ocrx_word' id='word_1_204' title='bbox 837 1750 904 1801; x_wconf 80' lang='lat' dir='ltr'><em>signo</em></span> 
     </span>
     <span class='ocr_line' id='line_1_26' title="bbox 56 1813 905 1869; baseline -0.005 -13"><span class='ocrx_word' id='word_1_205' title='bbox 56 1816 164 1869; x_wconf 77' lang='lat' dir='ltr'><em>aliquam</em></span> <span class='ocrx_word' id='word_1_206' title='bbox 176 1815 324 1856; x_wconf 85' lang='lat' dir='ltr'><em>voluntatem</em></span> <span class='ocrx_word' id='word_1_207' title='bbox 337 1814 469 1855; x_wconf 78' lang='lat' dir='ltr'><em>salvificam</em></span> <span class='ocrx_word' id='word_1_208' title='bbox 484 1814 576 1855; x_wconf 74' lang='lat' dir='ltr'><em>exercet</em></span> <span class='ocrx_word' id='word_1_209' title='bbox 586 1813 785 1865; x_wconf 82' lang='lat' dir='ltr'><em>praedestinando</em></span> <span class='ocrx_word' id='word_1_210' title='bbox 798 1814 834 1855; x_wconf 87' lang='lat' dir='ltr'><em>eis</em></span> <span class='ocrx_word' id='word_1_211' title='bbox 846 1813 905 1854; x_wconf 89' lang='lat' dir='ltr'><em>tales</em></span> 
     </span>
     <span class='ocr_line' id='line_1_27' title="bbox 57 1876 904 1928; baseline -0.004 -9"><span class='ocrx_word' id='word_1_212' title='bbox 57 1878 148 1928; x_wconf 79' lang='lat' dir='ltr'><em>gratias</em></span> <span class='ocrx_word' id='word_1_213' title='bbox 157 1889 212 1919; x_wconf 88' lang='lat' dir='ltr'><em>vere</em></span> <span class='ocrx_word' id='word_1_214' title='bbox 222 1876 370 1926; x_wconf 66' lang='lat' dir='ltr'><em>sufficientes</em></span> <span class='ocrx_word' id='word_1_215' title='bbox 384 1876 527 1928; x_wconf 82' lang='lat' dir='ltr'><em>quibuscum</em></span> <span class='ocrx_word' id='word_1_216' title='bbox 539 1878 570 1918; x_wconf 88' lang='lat' dir='ltr'><em>ad</em></span> <span class='ocrx_word' id='word_1_217' title='bbox 581 1876 755 1918; x_wconf 82' lang='lat' dir='ltr'><em>beatitudinem</em></span> <span class='ocrx_word' id='word_1_218' title='bbox 766 1887 806 1918; x_wconf 89' lang='lat' dir='ltr'><em>eos</em></span> <span class='ocrx_word' id='word_1_219' title='bbox 816 1887 904 1926; x_wconf 85' lang='lat' dir='ltr'><em>nequa-</em></span> 
     </span>
     <span class='ocr_line' id='line_1_28' title="bbox 58 1939 903 1992; baseline -0.004 -11"><span class='ocrx_word' id='word_1_220' title='bbox 58 1952 132 1992; x_wconf 88' lang='lat' dir='ltr'><em>quam</em></span> <span class='ocrx_word' id='word_1_221' title='bbox 149 1940 305 1991; x_wconf 85' lang='lat' dir='ltr'><em>perventuros</em></span> <span class='ocrx_word' id='word_1_222' title='bbox 320 1950 371 1981; x_wconf 85' lang='lat' dir='ltr'><em>esse</em></span> <span class='ocrx_word' id='word_1_223' title='bbox 388 1939 572 1991; x_wconf 81' lang='lat' dir='ltr'><em>praecognovit.)</em></span> <span class='ocrx_word' id='word_1_224' title='bbox 590 1965 622 1971; x_wconf 81' lang='lat'>-</span> <span class='ocrx_word' id='word_1_225' title='bbox 639 1943 659 1980; x_wconf 80' lang='lat'><em>4.</em></span> <span class='ocrx_word' id='word_1_226' title='bbox 677 1939 803 1986; x_wconf 86' lang='lat' dir='ltr'><em>Decretum</em></span> <span class='ocrx_word' id='word_1_227' title='bbox 821 1939 903 1981; x_wconf 86' lang='lat' dir='ltr'><em>volun-</em></span> 
     </span>
     <span class='ocr_line' id='line_1_29' title="bbox 57 2001 903 2054; baseline -0.002 -11"><span class='ocrx_word' id='word_1_228' title='bbox 57 2003 114 2044; x_wconf 86' lang='lat' dir='ltr'><em>tatis</em></span> <span class='ocrx_word' id='word_1_229' title='bbox 127 2003 222 2045; x_wconf 82' lang='lat' dir='ltr'><em>divinae</em></span> <span class='ocrx_word' id='word_1_230' title='bbox 237 2003 344 2053; x_wconf 87' lang='lat' dir='ltr'><em>sequitur</em></span> <span class='ocrx_word' id='word_1_231' title='bbox 358 2002 480 2043; x_wconf 87' lang='lat' dir='ltr'><em>scientia</em></span> <span class='ocrx_word' id='word_1_232' title='bbox 493 2001 626 2051; x_wconf 78' lang='lat' dir='ltr'><em>visionis,</em></span> <span class='ocrx_word' id='word_1_233' title='bbox 643 2014 691 2054; x_wconf 87' lang='lat' dir='ltr'><em>qua</em></span> <span class='ocrx_word' id='word_1_234' title='bbox 705 2002 805 2044; x_wconf 84' lang='lat' dir='ltr'><em>effectus</em></span> <span class='ocrx_word' id='word_1_235' title='bbox 818 2001 903 2043; x_wconf 87' lang='lat' dir='ltr'><em>intenti</em></span> 
     </span>
     <span class='ocr_line' id='line_1_30' title="bbox 60 2064 903 2117; baseline -0.001 -10"><span class='ocrx_word' id='word_1_236' title='bbox 60 2066 111 2117; x_wconf 84' lang='lat' dir='ltr'><em>(aut</em></span> <span class='ocrx_word' id='word_1_237' title='bbox 122 2066 228 2107; x_wconf 88' lang='lat' dir='ltr'><em>absolute</em></span> <span class='ocrx_word' id='word_1_238' title='bbox 240 2066 359 2116; x_wconf 82' lang='lat' dir='ltr'><em>permissi)</em></span> <span class='ocrx_word' id='word_1_239' title='bbox 374 2064 534 2106; x_wconf 80' lang='lat' dir='ltr'><em>infallibiliter</em></span> <span class='ocrx_word' id='word_1_240' title='bbox 546 2065 784 2106; x_wconf 85' lang='lat' dir='ltr'><em>tuturiexhibentur.</em></span> <span class='ocrx_word' id='word_1_241' title='bbox 797 2091 829 2097; x_wconf 74' lang='grc'><strong>-</strong></span> <span class='ocrx_word' id='word_1_242' title='bbox 840 2064 903 2106; x_wconf 84' lang='lat' dir='ltr'><em>Ordo</em></span> 
     </span>
     <span class='ocr_line' id='line_1_31' title="bbox 58 2128 905 2171; baseline 0.001 -2"><span class='ocrx_word' id='word_1_243' title='bbox 58 2129 219 2171; x_wconf 84' lang='lat' dir='ltr'><em>exsecutionis</em></span> <span class='ocrx_word' id='word_1_244' title='bbox 237 2129 278 2169; x_wconf 85' lang='lat' dir='ltr'><em>via</em></span> <span class='ocrx_word' id='word_1_245' title='bbox 294 2129 389 2170; x_wconf 81' lang='lat' dir='ltr'><em>inversa</em></span> <span class='ocrx_word' id='word_1_246' title='bbox 413 2128 558 2170; x_wconf 84' lang='lat' dir='ltr'><em>devolvitur:</em></span> <span class='ocrx_word' id='word_1_247' title='bbox 587 2130 607 2169; x_wconf 88' lang='lat' dir='ltr'><em>t.</em></span> <span class='ocrx_word' id='word_1_248' title='bbox 626 2129 714 2170; x_wconf 81' lang='lat' dir='ltr'><em>Electis</em></span> <span class='ocrx_word' id='word_1_249' title='bbox 731 2128 796 2170; x_wconf 88' lang='lat' dir='ltr'><em>Deus</em></span> <span class='ocrx_word' id='word_1_250' title='bbox 814 2129 905 2170; x_wconf 72' lang='lat' dir='ltr'><em>confert</em></span> 
     </span>
     <span class='ocr_line' id='line_1_32' title="bbox 59 2192 905 2244; baseline 0.001 -12"><span class='ocrx_word' id='word_1_251' title='bbox 59 2193 168 2242; x_wconf 79' lang='lat' dir='ltr'><em>gratias</em></span> <span class='ocrx_word' id='word_1_252' title='bbox 184 2193 327 2234; x_wconf 78' lang='lat' dir='ltr'><em>‘efficaces</em></span> <span class='ocrx_word' id='word_1_253' title='bbox 345 2204 393 2243; x_wconf 86' lang='lat' dir='ltr'><em>qua</em></span> <span class='ocrx_word' id='word_1_254' title='bbox 414 2192 473 2234; x_wconf 87' lang='lat' dir='ltr'><em>tales</em></span> <span class='ocrx_word' id='word_1_255' title='bbox 492 2192 688 2243; x_wconf 82' lang='lat' dir='ltr'><em>praedestinatas.</em></span> <span class='ocrx_word' id='word_1_256' title='bbox 710 2218 742 2224; x_wconf 82' lang='lat'><em>—-</em></span> <span class='ocrx_word' id='word_1_257' title='bbox 761 2196 781 2233; x_wconf 79' lang='lat'><em>2.</em></span> <span class='ocrx_word' id='word_1_258' title='bbox 798 2194 847 2244; x_wconf 85' lang='lat' dir='ltr'><em>ipsi</em></span> <span class='ocrx_word' id='word_1_259' title='bbox 861 2203 905 2242; x_wconf 83' lang='lat' dir='ltr'><em>ope</em></span> 
     </span>
     <span class='ocr_line' id='line_1_33' title="bbox 58 2256 905 2308; baseline 0.002 -12"><span class='ocrx_word' id='word_1_260' title='bbox 58 2256 145 2297; x_wconf 85' lang='lat' dir='ltr'><em>harum</em></span> <span class='ocrx_word' id='word_1_261' title='bbox 156 2257 289 2308; x_wconf 84' lang='lat' dir='ltr'><em>gratiarum</em></span> <span class='ocrx_word' id='word_1_262' title='bbox 303 2257 470 2306; x_wconf 81' lang='lat' dir='ltr'><em>infallibiliter,</em></span> <span class='ocrx_word' id='word_1_263' title='bbox 487 2258 527 2298; x_wconf 88' lang='lat' dir='ltr'><em>sed</em></span> <span class='ocrx_word' id='word_1_264' title='bbox 540 2257 615 2299; x_wconf 87' lang='lat' dir='ltr'><em>libere</em></span> <span class='ocrx_word' id='word_1_265' title='bbox 629 2258 721 2299; x_wconf 83' lang='lat' dir='ltr'><em>iaciunt</em></span> <span class='ocrx_word' id='word_1_266' title='bbox 733 2259 806 2299; x_wconf 88' lang='lat' dir='ltr'><em>bona</em></span> <span class='ocrx_word' id='word_1_267' title='bbox 820 2269 905 2308; x_wconf 81' lang='lat' dir='ltr'><em>opera</em></span> 
     </span>
     <span class='ocr_line' id='line_1_34' title="bbox 57 2320 905 2374; baseline 0.006 -15"><span class='ocrx_word' id='word_1_268' title='bbox 57 2320 191 2363; x_wconf 77' lang='lat' dir='ltr'><em>formaliter</em></span> <span class='ocrx_word' id='word_1_269' title='bbox 202 2322 362 2373; x_wconf 82' lang='lat' dir='ltr'><em>praedefinita</em></span> <span class='ocrx_word' id='word_1_270' title='bbox 373 2323 442 2373; x_wconf 86' lang='lat' dir='ltr'><em>atque</em></span> <span class='ocrx_word' id='word_1_271' title='bbox 455 2324 499 2364; x_wconf 90' lang='lat' dir='ltr'><em>boc</em></span> <span class='ocrx_word' id='word_1_272' title='bbox 510 2324 581 2363; x_wconf 89' lang='lat' dir='ltr'><em>modo</em></span> <span class='ocrx_word' id='word_1_273' title='bbox 594 2323 640 2363; x_wconf 88' lang='lat' dir='ltr'><em>sibi</em></span> <span class='ocrx_word' id='word_1_274' title='bbox 652 2323 792 2374; x_wconf 83' lang='lat' dir='ltr'><em>comparant</em></span> <span class='ocrx_word' id='word_1_275' title='bbox 803 2322 905 2364; x_wconf 86' lang='lat' dir='ltr'><em>merita</em></span> 
     </span>
     <span class='ocr_line' id='line_1_35' title="bbox 58 2385 905 2438; baseline 0.001 -13"><span class='ocrx_word' id='word_1_276' title='bbox 58 2395 73 2425; x_wconf 85' lang='lat' dir='ltr'><em>a</em></span> <span class='ocrx_word' id='word_1_277' title='bbox 85 2385 133 2427; x_wconf 89' lang='lat' dir='ltr'><em>Deo</em></span> <span class='ocrx_word' id='word_1_278' title='bbox 145 2386 244 2428; x_wconf 83' lang='lat' dir='ltr'><em>intenta.</em></span> <span class='ocrx_word' id='word_1_279' title='bbox 256 2412 288 2418; x_wconf 81' lang='lat'>-</span> <span class='ocrx_word' id='word_1_280' title='bbox 300 2390 320 2427; x_wconf 81' lang='lat'><em>3.</em></span> <span class='ocrx_word' id='word_1_281' title='bbox 334 2386 433 2438; x_wconf 72' lang='lat' dir='ltr'><em>Propter</em></span> <span class='ocrx_word' id='word_1_282' title='bbox 445 2387 503 2428; x_wconf 86' lang='lat' dir='ltr'><em>haec</em></span> <span class='ocrx_word' id='word_1_283' title='bbox 516 2386 602 2428; x_wconf 86' lang='lat' dir='ltr'><em>merita</em></span> <span class='ocrx_word' id='word_1_284' title='bbox 615 2386 685 2428; x_wconf 86' lang='lat' dir='ltr'><em>finito</em></span> <span class='ocrx_word' id='word_1_285' title='bbox 698 2387 760 2428; x_wconf 84' lang='lat' dir='ltr'><em>stetu</em></span> <span class='ocrx_word' id='word_1_286' title='bbox 771 2387 825 2428; x_wconf 86' lang='lat' dir='ltr'><em>viae</em></span> <span class='ocrx_word' id='word_1_287' title='bbox 838 2387 905 2429; x_wconf 85' lang='lat' dir='ltr'><em>electi</em></span> 
     </span>
     <span class='ocr_line' id='line_1_36' title="bbox 57 2449 905 2502; baseline 0.002 -14"><span class='ocrx_word' id='word_1_288' title='bbox 57 2449 180 2501; x_wconf 82' lang='lat' dir='ltr'><em>accipiunt</em></span> <span class='ocrx_word' id='word_1_289' title='bbox 195 2451 299 2501; x_wconf 81' lang='lat' dir='ltr'><em>gradum</em></span> <span class='ocrx_word' id='word_1_290' title='bbox 311 2450 421 2502; x_wconf 84' lang='lat' dir='ltr'><em>gloriae</em></span> <span class='ocrx_word' id='word_1_291' title='bbox 438 2450 498 2502; x_wconf 85' lang='lat' dir='ltr'><em>ipsis</em></span> <span class='ocrx_word' id='word_1_292' title='bbox 513 2452 567 2492; x_wconf 87' lang='lat' dir='ltr'><em>ante</em></span> <span class='ocrx_word' id='word_1_293' title='bbox 584 2452 664 2491; x_wconf 86' lang='lat' dir='ltr'><em>omnia</em></span> <span class='ocrx_word' id='word_1_294' title='bbox 681 2451 729 2492; x_wconf 84' lang='lat' dir='ltr'><em>alia</em></span> <span class='ocrx_word' id='word_1_295' title='bbox 745 2451 905 2501; x_wconf 78' lang='lat' dir='ltr'><em>praedestina-</em></span> 
     </span>
     <span class='ocr_line' id='line_1_37' title="bbox 58 2512 926 2569; baseline 0.006 -17"><span class='ocrx_word' id='word_1_296' title='bbox 58 2512 655 2567; x_wconf 48' lang='lat' dir='ltr'><em>tum.*PraecipuiCongruistae,.quicu1n</em></span> <span class='ocrx_word' id='word_1_297' title='bbox 673 2515 839 2564; x_wconf 87' lang='lat' dir='ltr'><em>Bannezianis,</em></span> <span class='ocrx_word' id='word_1_298' title='bbox 858 2517 904 2557; x_wconf 81' lang='lat' dir='ltr'><em>Au-</em></span> <span class='ocrx_word' id='word_1_299' title='bbox 925 2566 926 2569; x_wconf 7' lang='grc' dir='ltr'><strong>Ἰ</strong></span> 
     </span>
     <span class='ocr_line' id='line_1_38' title="bbox 56 2579 904 2632; baseline 0.004 -14"><span class='ocrx_word' id='word_1_300' title='bbox 56 2579 237 2627; x_wconf 78' lang='lat' dir='ltr'><em>gustinensibus</em></span> <span class='ocrx_word' id='word_1_301' title='bbox 251 2581 293 2620; x_wconf 89' lang='lat' dir='ltr'><em>etc.</em></span> <span class='ocrx_word' id='word_1_302' title='bbox 309 2581 370 2621; x_wconf 86' lang='lat' dir='ltr'><em>hanc</em></span> <span class='ocrx_word' id='word_1_303' title='bbox 385 2580 526 2621; x_wconf 84' lang='lat' dir='ltr'><em>sententiam</em></span> <span class='ocrx_word' id='word_1_304' title='bbox 541 2580 699 2632; x_wconf 79' lang='lat' dir='ltr'><em>propugnant,</em></span> <span class='ocrx_word' id='word_1_305' title='bbox 716 2581 773 2622; x_wconf 88' lang='lat' dir='ltr'><em>sunt</em></span> <span class='ocrx_word' id='word_1_306' title='bbox 786 2580 841 2631; x_wconf 84' lang='lat' dir='ltr'><em>post</em></span> <span class='ocrx_word' id='word_1_307' title='bbox 855 2580 904 2621; x_wconf 86' lang='lat' dir='ltr'><em>Sat-</em></span> 
     </span>
     <span class='ocr_line' id='line_1_39' title="bbox 59 2644 903 2698; baseline 0.007 -18"><span class='ocrx_word' id='word_1_308' title='bbox 59 2652 141 2683; x_wconf 75' lang='lat' dir='ltr'><em>rneron</em></span> <span class='ocrx_word' id='word_1_309' title='bbox 153 2645 179 2684; x_wconf 87' lang='lat' dir='ltr'><em>B.</em></span> <span class='ocrx_word' id='word_1_310' title='bbox 195 2645 355 2685; x_wconf 80' lang='lat' dir='ltr'><em>Bellorrninns</em></span> <span class='ocrx_word' id='word_1_311' title='bbox 371 2646 414 2695; x_wconf 83' lang='lat' dir='ltr'><em>(De</em></span> <span class='ocrx_word' id='word_1_312' title='bbox 427 2645 504 2696; x_wconf 84' lang='lat' dir='ltr'><em>grat-ia</em></span> <span class='ocrx_word' id='word_1_313' title='bbox 514 2646 538 2686; x_wconf 87' lang='lat' dir='ltr'><em>et</em></span> <span class='ocrx_word' id='word_1_314' title='bbox 549 2645 624 2686; x_wconf 88' lang='lat' dir='ltr'><em>libero</em></span> <span class='ocrx_word' id='word_1_315' title='bbox 638 2644 736 2686; x_wconf 89' lang='lat' dir='ltr'><em>arbitrio</em></span> <span class='ocrx_word' id='word_1_316' title='bbox 750 2645 766 2686; x_wconf 91' lang='lat' dir='ltr'><em>l.</em></span> <span class='ocrx_word' id='word_1_317' title='bbox 780 2649 794 2686; x_wconf 75' lang='lat'><strong><em>2</em></strong></span> <span class='ocrx_word' id='word_1_318' title='bbox 807 2657 826 2686; x_wconf 91' lang='lat' dir='ltr'><em>c.</em></span> <span class='ocrx_word' id='word_1_319' title='bbox 841 2647 903 2698; x_wconf 78' lang='grc'>955),</span> 
     </span>
     <span class='ocr_line' id='line_1_40' title="bbox 57 2705 904 2761; baseline 0.005 -15"><span class='ocrx_word' id='word_1_320' title='bbox 57 2705 146 2748; x_wconf 80' lang='lat' dir='ltr'><em>Snarer</em></span> <span class='ocrx_word' id='word_1_321' title='bbox 165 2708 298 2761; x_wconf 78' lang='lat' dir='ltr'><em>(Tractatus</em></span> <span class='ocrx_word' id='word_1_322' title='bbox 315 2709 344 2749; x_wconf 91' lang='lat' dir='ltr'><em>de</em></span> <span class='ocrx_word' id='word_1_323' title='bbox 361 2708 444 2749; x_wconf 81' lang='lat' dir='ltr'><em>divina</em></span> <span class='ocrx_word' id='word_1_324' title='bbox 459 2709 674 2760; x_wconf 66' lang='lat' dir='ltr'><em>praedestinatione</em></span> <span class='ocrx_word' id='word_1_325' title='bbox 692 2709 904 2761; x_wconf 65' lang='lat' dir='ltr'><em>temperatione</em></span> 
     </span>
     <span class='ocr_line' id='line_1_41' title="bbox 58 2772 903 2832; baseline 0.005 -22"><span class='ocrx_word' id='word_1_326' title='bbox 58 2772 198 2818; x_wconf 86' lang='lat' dir='ltr'><em>praesertim</em></span> <span class='ocrx_word' id='word_1_327' title='bbox 209 2774 247 2813; x_wconf 78' lang='lat' dir='ltr'><em>lb</em></span> <span class='ocrx_word' id='word_1_328' title='bbox 259 2785 278 2813; x_wconf 92' lang='lat' dir='ltr'><em>c.</em></span> <span class='ocrx_word' id='word_1_329' title='bbox 287 2776 308 2822; x_wconf 71' lang='lat'><em>43</em></span> <span class='ocrx_word' id='word_1_330' title='bbox 320 2774 357 2814; x_wconf 89' lang='lat' dir='ltr'><em>ed.</em></span> <span class='ocrx_word' id='word_1_331' title='bbox 370 2774 446 2813; x_wconf 79' lang='lat' dir='ltr'><em>Paris,</em></span> <span class='ocrx_word' id='word_1_332' title='bbox 460 2774 533 2832; x_wconf 77' lang='lat'>[1856]</span> <span class='ocrx_word' id='word_1_333' title='bbox 546 2777 566 2822; x_wconf 80' lang='lat'><em>1,</em></span> <span class='ocrx_word' id='word_1_334' title='bbox 579 2776 620 2814; x_wconf 79' lang='lat'><em>526</em></span> <span class='ocrx_word' id='word_1_335' title='bbox 628 2773 667 2824; x_wconf 85' lang='grc'>55),</span> <span class='ocrx_word' id='word_1_336' title='bbox 681 2773 788 2825; x_wconf 65' lang='lat' dir='ltr'><em>Arriano,</em></span> <span class='ocrx_word' id='word_1_337' title='bbox 803 2775 903 2824; x_wconf 79' lang='lat' dir='ltr'><em>Tonner,</em></span> 
     </span>
     <span class='ocr_line' id='line_1_42' title="bbox 57 2834 905 2891; baseline 0.007 -17"><span class='ocrx_word' id='word_1_338' title='bbox 57 2834 126 2885; x_wconf 65' lang='lat' dir='ltr'><em>Rati,</em></span> <span class='ocrx_word' id='word_1_339' title='bbox 146 2838 260 2878; x_wconf 69' lang='lat' dir='ltr'><em>silvester</em></span> <span class='ocrx_word' id='word_1_340' title='bbox 279 2840 386 2887; x_wconf 76' lang='lat' dir='ltr'><em>iterans,</em></span> <span class='ocrx_word' id='word_1_341' title='bbox 406 2837 524 2887; x_wconf 72' lang='lat' dir='ltr'><em>batanea,</em></span> <span class='ocrx_word' id='word_1_342' title='bbox 544 2839 661 2887; x_wconf 76' lang='lat' dir='ltr'><em>Marinus,</em></span> <span class='ocrx_word' id='word_1_343' title='bbox 683 2838 737 2881; x_wconf 80' lang='lat' dir='ltr'><em>rint.</em></span> <span class='ocrx_word' id='word_1_344' title='bbox 759 2841 838 2891; x_wconf 64' lang='lat' dir='ltr'><em>Maon</em></span> <span class='ocrx_word' id='word_1_345' title='bbox 858 2852 905 2881; x_wconf 81' lang='lat' dir='ltr'><em>sae-</em></span> 
     </span>
     <span class='ocr_line' id='line_1_43' title="bbox 58 2899 903 2954; baseline 0.009 -17"><span class='ocrx_word' id='word_1_346' title='bbox 58 2899 112 2940; x_wconf 87' lang='lat' dir='ltr'><em>culo</em></span> <span class='ocrx_word' id='word_1_347' title='bbox 125 2902 176 2943; x_wconf 85' lang='lat' dir='ltr'><em>XIX</em></span> <span class='ocrx_word' id='word_1_348' title='bbox 189 2903 297 2954; x_wconf 63' lang='lat' dir='ltr'><em>Rcytbcel</em></span> <span class='ocrx_word' id='word_1_349' title='bbox 311 2903 391 2943; x_wconf 73' lang='lat' dir='ltr'><em>Cereio</em></span> <span class='ocrx_word' id='word_1_350' title='bbox 405 2902 428 2943; x_wconf 83' lang='lat' dir='ltr'><em>S.</em></span> <span class='ocrx_word' id='word_1_351' title='bbox 437 2904 458 2943; x_wconf 80' lang='lat' dir='ltr'><em>J.</em></span> <span class='ocrx_word' id='word_1_352' title='bbox 473 2904 564 2944; x_wconf 86' lang='lat' dir='ltr'><em>Nostris</em></span> <span class='ocrx_word' id='word_1_353' title='bbox 577 2903 662 2944; x_wconf 89' lang='lat' dir='ltr'><em>diebus</em></span> <span class='ocrx_word' id='word_1_354' title='bbox 675 2904 734 2945; x_wconf 84' lang='lat' dir='ltr'><em>Lnd.</em></span> <span class='ocrx_word' id='word_1_355' title='bbox 750 2905 823 2945; x_wconf 86' lang='lat' dir='ltr'><em>Biltot</em></span> <span class='ocrx_word' id='word_1_356' title='bbox 836 2905 858 2945; x_wconf 84' lang='lat' dir='ltr'><em>S.</em></span> <span class='ocrx_word' id='word_1_357' title='bbox 873 2906 903 2952; x_wconf 74' lang='lat' dir='ltr'><em>J.²</em></span> 
     </span>
    </p>
   </div>
   <div class='ocr_carea' id='block_1_3' title="bbox 59 2961 904 3021">
    <p class='ocr_par' dir='ltr' id='par_1_3' title="bbox 59 2961 904 3021">
     <span class='ocr_line' id='line_1_44' title="bbox 59 2961 904 3021; baseline 0.009 -20"><span class='ocrx_word' id='word_1_358' title='bbox 59 2961 155 3007; x_wconf 78' lang='lat' dir='ltr'><em>Debeo</em></span> <span class='ocrx_word' id='word_1_359' title='bbox 172 2968 227 3008; x_wconf 85' lang='lat' dir='ltr'><em>Uno</em></span> <span class='ocrx_word' id='word_1_360' title='bbox 243 2968 266 3009; x_wconf 86' lang='lat' dir='ltr'><em>et</em></span> <span class='ocrx_word' id='word_1_361' title='bbox 282 2968 363 3015; x_wconf 84' lang='lat' dir='ltr'><em>Trina,</em></span> <span class='ocrx_word' id='word_1_362' title='bbox 382 2968 418 3008; x_wconf 89' lang='lat' dir='ltr'><em>ed.</em></span> <span class='ocrx_word' id='word_1_363' title='bbox 436 2971 450 3008; x_wconf 81' lang='lat'><strong>7</strong></span> <span class='ocrx_word' id='word_1_364' title='bbox 468 2968 565 3021; x_wconf 83' lang='lat' dir='ltr'><em>(Romae</em></span> <span class='ocrx_word' id='word_1_365' title='bbox 583 2968 645 3018; x_wconf 81' lang='grc'>1926)</span> <span class='ocrx_word' id='word_1_366' title='bbox 665 2968 699 3009; x_wconf 85' lang='lat' dir='ltr'><em>tii.</em></span> <span class='ocrx_word' id='word_1_367' title='bbox 718 2971 745 3011; x_wconf 82' lang='lat'><em>32</em></span> <span class='ocrx_word' id='word_1_368' title='bbox 765 2970 797 3021; x_wconf 84' lang='lat' dir='ltr'><em>(p.</em></span> <span class='ocrx_word' id='word_1_369' title='bbox 815 2970 856 3010; x_wconf 76' lang='lat'><em>297</em></span> <span class='ocrx_word' id='word_1_370' title='bbox 863 2968 904 3019; x_wconf 84' lang='lat' dir='ltr'><em>ss),</em></span> 
     </span>
    </p>
   </div>
   <div class='ocr_carea' id='block_1_4' title="bbox 101 3061 868 3093">
    <p class='ocr_par' dir='ltr' id='par_1_4' title="bbox 101 3061 868 3093">
     <span class='ocr_line' id='line_1_45' title="bbox 101 3061 868 3093; baseline 0.009 -7"><span class='ocrx_word' id='word_1_371' title='bbox 101 3061 160 3093; x_wconf 70' lang='lat' dir='ltr'><em>Linon,</em></span> <span class='ocrx_word' id='word_1_372' title='bbox 171 3065 196 3090; x_wconf 80' lang='lat' dir='ltr'><em>De</em></span> <span class='ocrx_word' id='word_1_373' title='bbox 207 3064 268 3091; x_wconf 67' lang='lat' dir='ltr'><em>crarta</em></span> <span class='ocrx_word' id='word_1_374' title='bbox 849 3066 868 3093; x_wconf 77' lang='lat'><em>33</em></span> 
     </span>
    </p>
   </div>
   <div class='ocr_carea' id='block_1_5' title="bbox 0 0 1112 3350">
    <p class='ocr_par' dir='ltr' id='par_1_5' title="bbox 0 0 1112 3350">
     <span class='ocr_line' id='line_1_46' title="bbox 0 0 1112 3350; baseline 0 0"><span class='ocrx_word' id='word_1_375' title='bbox 0 0 1112 3350; x_wconf 95' lang='lat' dir='ltr'><em> </em></span> 
     </span>
    </p>
   </div>
  </div>
 </body>
</html>
