2214 3350
257 167 259 170 ⁴
301 158 332 198 De
345 161 453 209 conceptu
461 160 565 196 ‘iustitiae
580 160 600 194 et
614 158 779 211 iustificationis
921 154 964 192 2227

115 272 199 323 licini:
217 270 350 313 Iustiiicare
363 270 429 321 apud
443 269 546 310 Paulum
559 266 685 318 aliquoties
700 277 797 307 sensum
810 266 962 318 primitivum

114 336 235 386 sorensem
260 333 352 382 retinet,
380 334 421 374 sed
446 344 515 382 saepe
541 330 657 382 ampliore
678 329 851 381 significatione
871 328 962 370 indicat

116 399 206 439 donum
221 396 356 447 mysticum,
374 396 438 448 quod
454 395 547 446 praeter
562 393 727 435 remissionem
742 392 893 442 peccatorum
909 403 961 432 eou-

115 460 214 501 ceditur.

115 586 168 628 318.
205 589 225 626 3.
243 586 369 636 Propriam
386 584 527 626 sententiam
542 582 670 635 Lagrange
689 582 714 634 (1.
731 593 750 621 c.
768 594 792 633 p.
809 584 849 622 331
858 591 881 621 ss
897 580 920 621 61
936 580 961 620 in

114 649 210 691 somna
229 649 265 701 ad*
283 650 343 689 Rom
361 651 380 696 1,
399 648 434 699 17)
459 646 563 697 exponit.
588 647 615 686 A.
639 644 781 699 Δικαιοσύνη
800 643 865 685 θεοῦ.
886 643 961 694 Negat

114 713 212 764 quidem
235 712 325 752 Paulus
348 711 471 752 hominem
494 722 508 750 a
530 709 579 750 Deo
603 707 724 759 postulare
740 707 961 758 possemercedem

113 774 217 816 iustitiae
235 773 339 826 propriis
361 774 454 815 uiribus
479 772 576 814 effectae
595 772 709 821 dehitam3
727 770 833 812 attamen
851 781 960 821 expresse

112 838 179 879 docet
193 838 269 878 Deum
285 843 481 888 unumquemque
496 836 659 877 iudicaturum
674 846 724 876 esse
740 834 872 876 secundum
887 844 959 884 opera

79 940 80 943 ,
111 900 163 942 eius
181 901 212 952 (r.
229 912 252 951 g.
269 901 330 941 Rom
346 903 370 950 2,
384 901 474 952 4-13).
492 900 533 941 Est
549 899 622 950 igitur
638 900 663 939 in
680 898 778 940 homine
795 909 851 938 vera
867 895 958 938 iustitia

113 974 220 1014 opernm,
239 964 280 1005 sed
297 975 311 1004 a
328 965 376 1004 Deo
394 964 488 1010 donata.
507 963 562 1003 Phil
580 966 600 1012 3,
619 965 649 1002 9:
675 973 741 1005 «non
765 961 856 1002 habens
880 972 959 1001 meam

112 1027 236 1075 iustitiam,
252 1038 312 1078 qnae
326 1039 355 1068 ex
369 1027 420 1078 lege
434 1026 476 1076 est,
492 1027 533 1067 sed
546 1025 621 1074 illam,
637 1037 698 1077 quae
713 1037 742 1066 ex
756 1025 806 1065 tide
820 1024 855 1065 est
870 1023 956 1065 Christ

110 1090 182 1129 iesu»
194 1114 227 1125 .-
242 1092 284 1145 cip)
300 1091 326 1132 ἐκ
342 1090 401 1132 θεοῦ
418 1090 576 1145 δικαιοσύνην,
586 1090 623 1130 ἐπὶ
635 1096 662 1142 τῇ
677 1091 758 1130 ittotai.
776 1089 837 1128 Rom
849 1090 870 1135 9,
885 1089 913 1126 33
920 1097 954 1127 ss:

79 1172 81 1179 l
112 1151 223 1200 «Gentes,
253 1161 313 1202 quae
339 1161 388 1190 non
416 1150 566 1191 sociabantur
593 1149 717 1199 iustitiam
746 1149 957 1201 apprehenderunt

109 1214 255 1271 (καιέλαβεν)
276 1212 398 1262 iustitiam,
414 1213 530 1254 iustitiam
544 1213 631 1262 autem,
647 1224 708 1264 quae
722 1224 751 1254 ex
766 1212 870 1254 sideest.
885 1212 959 1253 Israel

105 1289 165 1318 ¹uero
181 1277 291 1318 sectando
305 1275 383 1327 legem
397 1275 508 1324 iustitiae,
525 1277 551 1316 in
566 1272 642 1327 legem
657 1275 762 1318 iustitiae
777 1287 826 1316 non
840 1276 956 1327 pervenit.

0 1331 2 1333 ’
37 1341 42 1345 “
111 1341 202 1390 Quare‘l
218 1340 278 1389 Quia
294 1351 342 1379 non
357 1351 386 1380 ex
402 1339 458 1388 fide,
477 1339 602 1390 sedquasi
618 1351 647 1380 ex
662 1339 803 1390 operibus.»
821 1341 870 1380 Hoc
886 1340 957 1380 modo

109 1414 157 1443 non
170 1402 300 1453 potuerunt
312 1403 343 1442 ad
356 1413 438 1443 veram
451 1401 576 1453 pervenire
590 1402 714 1443 iustitiam.
730 1405 764 1452 10,
780 1405 805 1450 3:
826 1420 835 1439 ι
844 1403 956 1453 Ignoran-

109 1467 143 1505 tes
160 1465 226 1506 enim
243 1465 359 1507 iustitiam
376 1466 419 1506 Dei
438 1466 460 1506 et
478 1477 546 1506 suam
564 1465 704 1516 quaerentes
723 1464 832 1515 statuere,
852 1464 956 1507 iustitiae

110 1528 153 1568 Dei
170 1540 219 1568 non
236 1529 292 1570 sunt
308 1527 434 1569 subiecti.»
454 1528 515 1569 Hinc
532 1528 628 1569 iustitia.
639 1528 690 1569 Dei
707 1528 742 1569 est
759 1528 840 1578 aliqua
857 1527 956 1577 iustitia,

108 1602 181 1641 quam
198 1591 307 1632 homines
324 1604 338 1632 a
355 1591 402 1632 Deo
421 1591 507 1632 dehent
524 1591 629 1642 accipere
645 1592 863 1646 (καταλαμβάνειν),
880 1602 957 1641 neque

110 1653 145 1695 est
155 1654 222 1695 aliud
234 1654 293 1705 quid
304 1666 377 1704 quam
389 1654 480 1695 iustitia
492 1665 521 1694 ex
532 1654 587 1694 Deo
601 1653 665 1706 (Phil
676 1656 696 1703 3,
710 1654 741 1706 9).
756 1653 862 1695 Efficitur
872 1666 887 1695 a
899 1646 955 1703 Deo,

107 1717 223 1768 accipitur
239 1718 269 1758 ah
286 1717 391 1765 homine3
408 1727 464 1766 ergo
481 1716 580 1757 nonest
597 1727 662 1758 mera
679 1716 807 1758 declaratio
825 1715 952 1757 iudicialis.

107 1806 138 1812 ——
152 1782 213 1821 Rom
229 1783 248 1829 1,
266 1782 304 1821 17:
326 1779 437 1820 «Iustitia
452 1779 517 1820 enim
532 1780 575 1819 Dei
591 1779 617 1819 in
632 1791 659 1821 eo
676 1779 818 1839 [evangelio]
834 1780 954 1821 revelatur

106 1856 135 1884 ex
149 1845 198 1885 fide
213 1845 239 1885 in
253 1844 335 1885 tidem.
345 1861 355 1880 ι
370 1867 401 1873 ——
415 1843 514 1884 Videt-ur
529 1838 649 1895 designari
664 1844 807 1884 attributum
821 1844 865 1884 Dei
880 1844 954 1885 simui

108 1920 163 1949 enni
181 1909 219 1948 sui
236 1920 278 1959 per
296 1907 395 1949 eftectus
413 1908 522 1949 externos
540 1908 739 1958 manifestatione,
760 1909 821 1949 sicut
838 1909 911 1950 etiam
929 1909 955 1949 in

108 1982 172 2023 sequ.
183 1984 206 2012 v.
218 1974 244 2012 18
256 1971 358 2012 sumitur
368 1971 411 2020 ira,
423 1971 439 2010 i.
451 1983 471 2012 e.
483 1970 573 2012 iustitia
583 1971 728 2013 vindicativa
738 1972 783 2013 Dei
793 1971 953 2014 manifestata.

107 2036 169 2088 Ergo
185 2049 207 2077 v.
225 2038 251 2076 17
267 2036 386 2076 indicatur
402 2035 493 2077 iustitia
510 2035 625 2084 salvifica,
643 2048 691 2087 qua
708 2038 772 2077 Deus
788 2037 865 2077 iustus
881 2037 917 2077 est
933 2037 955 2078 et

105 2098 215 2139 homines
225 2099 299 2140 iustos
310 2098 374 2140 iacit.
385 2100 452 2140 Hanc
463 2098 645 2149 explicationem
657 2100 707 2150 ipse
719 2100 809 2141 Paulus
821 2101 877 2141 dare
889 2099 953 2141 vide-

105 2161 144 2201 tur
159 2165 180 2210 3,
196 2165 223 2202 25
231 2173 253 2202 s:
272 2165 303 2212 εἰς
315 2163 340 2203 τὸ
352 2163 413 2203 εἶναι
425 2163 497 2204 αὐτὸν
509 2162 602 2204 δίκαιον
615 2164 655 2203 καὶ
667 2162 805 2204 δικαιοῦντα
816 2164 857 2205 τὸν
868 2165 895 2205 ἐκ
905 2165 955 2204 πία-

104 2225 462 2280 τεωςἸησοϋ.Ρια6ο6ι16ιι1111116
480 2237 517 2266 vv.
538 2226 583 2265 21s
600 2225 708 2276 loquitur
725 2225 798 2267 etiam
816 2227 845 2267 de
863 2226 954 2267 institia

104 2285 148 2327 Dei
162 2288 315 2338 manifestato
330 2288 353 2328 et
367 2289 396 2328 ah
412 2287 509 2328 homine
524 2287 644 2330 mediante
660 2288 709 2330 tide
725 2295 826 2339 recepta.
844 2289 880 2330 Gi.
898 2288 952 2330 Phil

103 2350 124 2397 3,
146 2353 167 2398 9,
191 2350 233 2391 uhi
254 2350 370 2391 iustitiam
391 2351 459 2391 vocat
479 2353 522 2404 τὴν
538 2350 577 2392 διὰ
593 2353 691 2402 πίστεως
708 2352 813 2406 Χριοιοῦ
829 2352 852 2392 61
874 2352 954 2393 verbis

103 2414 146 2466 τὴν
167 2414 193 2454 ἐκ
214 2413 275 2456 θεοῦ
299 2413 452 2467 δικαιοσύνην
474 2412 536 2454 clare
559 2413 676 2465 originem
700 2414 808 2456 divinam
831 2415 952 2466 exprimit.
977 2411 979 2414 ’

104 2477 182 2525 Quare
199 2479 270 2520 etiam
288 2479 314 2518 in
332 2478 436 2519 formula
457 2478 596 2534 δικαιοσύνη
612 2479 671 2521 θεοῦ
690 2479 813 2531 genetivus
830 2481 865 2521 est
883 2480 953 2531 origi-

103 2541 148 2591 nis,
166 2554 215 2583 non
231 2544 385 2594 possessivus.
402 2543 510 2592 -‚Rom
527 2547 548 2593 3,
566 2548 580 2584 5
596 2545 631 2586 est
648 2544 738 2586 iustitia
756 2546 799 2585 Dei
816 2545 911 2593 iudicis3
929 2548 949 2595 5,

102 2609 195 2656 1241,
214 2609 318 2648 maxime
336 2611 369 2657 13,
384 2606 510 2649 'Christum
528 2620 584 2649 cum
601 2610 693 2650 Adamo
711 2611 872 2661 comparando
890 2610 950 2661 Apo-

104 2670 178 2711 stolus
197 2672 264 2713 docet
283 2671 398 2714 iustitiam
418 2673 449 2712 ab
468 2673 607 2714 hominibus
625 2672 769 2714 intrinsecus
789 2674 951 2726 recipiendane

103 2739 125 2773 et
137 2736 315 2785 possidendum.
328 2761 360 2766 ——
374 2737 409 2777 Gi.
425 2737 478 2787 Eph
491 2740 511 2786 4,
527 2741 565 2778 24:
586 2738 698 2780 «Induite
712 2750 803 2780 novum
817 2740 947 2788 hominem,

105 2799 146 2848 qui
163 2801 295 2842 secundum
311 2801 388 2841 Deum
404 2801 497 2841 creatus
512 2802 547 2843 est
564 2803 589 2842 in
606 2803 696 2844 iustitia
712 2804 735 2844 et
753 2804 875 2845 sanctitate
892 2805 952 2845 veri-

105 2862 187 2904 tatis.»
202 2866 263 2916 Ergo
277 2866 367 2906 institia
381 2866 430 2907 tam
444 2866 538 2907 interna
552 2868 587 2908 est
601 2879 673 2919 quam
688 2869 808 2909 sanctitas.
822 2894 854 2899 —
867 2869 952 2910 Reca-

103 2926 254 2974 pitulatio:
285 2930 376 2970 lustitia
395 2930 437 2970 Dei
456 2932 521 2980 apud
546 2932 657 2981 Paulum,
678 2933 818 2983 praesertim
838 2935 862 2974 in
882 2934 950 2983 Rom,
