2214 3350
147 134 183 170 330
268 136 322 172 Sect.
336 137 375 172 ΙΙΙ.
389 138 434 173 Art
449 139 478 174 ΙΙ.
491 140 522 174 De
534 137 635 175 donis'in
646 138 804 176 iustificatione
816 140 875 177 datis

145 242 293 284 tendentiam
309 245 417 295 finalem,
434 258 508 297 quam
523 247 616 297 gratia
633 247 786 289 sanctificans
800 248 925 299 tamquam
940 248 998 289 ulti-²

146 320 214 362 mum
233 309 381 363 principium
399 311 461 352 vitae
482 312 670 361 supernaturalis
688 312 712 353 et
731 313 803 353 simul
822 324 877 353 cum
895 325 923 354 ea
941 326 993 365 pro-

145 373 211 413 xima
225 373 303 415 ‚huius
320 375 383 416 ritae
401 376 527 426 principia,
548 376 598 417 scil.
618 376 718 425 virtutes
736 377 836 427 infusae,
858 378 947 420 habent
964 378 997 431 in·

145 437 245 487 Deum,
264 439 307 480 uti
325 440 366 480 est
384 440 413 480 111
431 451 469 488 se,
488 440 606 491 quatenus
624 442 649 482 in
667 442 749 482 anima
767 442 830 483 iusta
848 453 896 483 non
916 444 993 488 solum

146 502 208 543 sicut
227 503 253 543 in
273 505 386 545 omnibus
406 505 478 545 rebus
497 517 540 556 per
561 517 629 547 suam
649 506 835 548 immensitatem
856 507 929 557 adest,
952 508 993 548 sed

145 567 224 608 eidem
249 569 345 619 speciali
369 569 439 609 modo
464 569 565 611 intime
589 582 726 621 praesens
749 571 901 612 constituitur
925 571 998 613 tam-¹

145 643 229 683 quarn
242 634 385 674 obiectum
399 634 576 684 cognitionis
589 636 616 677 et
629 638 735 677 amoris
748 637 991 690 supernaturalis,

146 697 275 749 aliquando
298 698 399 749 perfecte
422 699 445 739 et
467 700 631 741 consummate
652 712 695 751 per
716 697 843 742 visionem
856 702 992 749 beatificam

145 763 284 811 fruendum,
299 765 423 804 nunciam
436 764 466 804 ad
481 765 646 815 imperfectam
660 765 683 806 et
694 766 831 808 inchoatam
845 758 991 816 fruitionem,

145 826 194 867 sive
211 827 336 875 actualem,
355 828 403 868 sive
421 827 505 869 saltem
522 829 677 879 habitualem,
695 840 745 871 sese
763 830 862 871 donans.
924 851 925 854 ¹

144 967 199 1009 444.
236 970 257 1008 3.
276 966 422 1009 Sententiae.
441 969 517 1008 Nemo
533 967 663 1008 catholicus
679 964 878 1009 inhabitationem
895 979 993 1019 prorsus

145 1032 222 1083 negat.
249 1033 296 1073 Sed
314 1032 339 1072 in
357 1024 410 1073 eius
432 1032 626 1084 explicatione
651 1033 708 1073 sunt
730 1032 820 1074 multae
844 1033 867 1074 et
891 1044 992 1084 magnae

144 1097 344 1139 differentiae.
359 1098 381 1149 a)
397 1098 450 1138 Non
463 1109 546 1139 omnes
559 1098 691 1139 admittunt
703 1100 730 1138 in
744 1100 810 1139 omni
823 1095 992 1149 iustificatione

144 1164 196 1204 dari
210 1164 259 1204 sive
272 1163 335 1204 mitti
349 1164 467 1221 Spiritum
482 1163 603 1204 Sanctum.
619 1163 754 1204 Petarius
769 1165 813 1217 (De
827 1164 941 1205 Trinitate
954 1164 991 1205 l.8
1027 1161 1029 1163 ’

144 1240 164 1269 e.
180 1229 202 1280 7)
228 1240 284 1269 curn
307 1228 431 1269 nonnullis
447 1227 502 1269 aliis
516 1229 587 1280 negat·
604 1229 630 1268 111
647 1228 716 1270 iustis
741 1229 829 1269 Veteris
848 1229 992 1278 Testamenti

144 1293 224 1343 ipsum
249 1293 368 1334 habitasse
388 1294 510 1346 οὐσιωὸῶς
533 1294 581 1335 sive
604 1296 656 1335 κατ’
673 1296 755 1335 οὐσίαν
776 1293 989 1345 (substantialiter).

143 1359 196 1399 iob.
212 1359 241 1399 H.
258 1358 382 1407 Oswald,
397 1359 441 1398 Die
455 1359 535 1410 dcam.
551 1358 626 1399 Lehre
640 1370 686 1399 von
701 1359 748 1399 den
761 1359 934 1400 Salaramenten
949 1359 991 1399 der
1066 1393 1068 1395 ,

145 1424 210 1463 irath.
225 1424 314 1463 Kirche
327 1424 357 1463 Ι54
370 1424 489 1475 (Miinster
504 1424 565 1475 1894)
582 1425 648 1472 3531,
665 1424 687 1464 11
701 1424 758 1463 Karl
773 1424 861 1464 Adam
876 1423 902 1463 in'
917 1423 995 1473 Tuos*

146 1488 290 1542 (Tubingen)
307 1490 346 1528 101
362 1489 433 1539 (1020)
450 1491 498 1536 108,
514 1487 644 1538 opinantur
657 1500 700 1539 per
715 1489 861 1539 baptismum
875 1500 923 1529 non
937 1499 991 1529 con-

144 1553 201 1593 ferri
215 1553 262 1594 nisi
276 1553 428 1603 dynamieam
441 1553 600 1603 praesentiam
615 1553 639 1594 S.
656 1552 760 1603 Spiritus
773 1553 796 1594 et
810 1553 991 1593 substantialem

143 1617 342 1658 inhabitationem
361 1617 478 1667 reservari
497 1616 644 1657 sacramento
665 1617 862 1668 confirmationis.
883 1617 931 1657 Alii
950 1627 990 1658 no-

142 1681 196 1723 lunt
205 1682 272 1733 loqui
283 1683 311 1723 de
322 1693 384 1722 nova
395 1683 419 1722 S.
431 1681 536 1732 Spiritus
546 1682 659 1722 missione
670 1682 696 1722 in
706 1681 876 1732 iustificatione
887 1682 990 1722 secanda

142 1746 166 1787 et
175 1746 310 1797 praecipue,
322 1747 418 1797 quando
430 1745 510 1797 agitur
520 1746 548 1786 de
559 1751 686 1797 rnamenta
696 1746 787 1796 qratiae
797 1756 862 1786 mere
873 1746 990 1786 intensive

74 1859 78 1864 ⁴
145 1811 364 1863 (Bonaventura,
381 1810 990 1861 01111111).-1111111111111111111011111
1021 1804 1023 1809 ’

142 1877 241 1917 increati
257 1877 287 1916 ad
304 1876 365 1916 dona
381 1882 458 1916 creata
474 1875 607 1926 Ripalda,
625 1876 706 1924 Viva,
724 1877 853 1925 Vazquez
870 1876 991 1916 nonsatis

143 1941 238 1989 serrant
252 1941 368 1982 rationem
382 1941 492 1991 specialis
507 1941 564 1984 doni
578 1941 684 1980 increati.
700 1940 748 1980 Alii
763 1952 775 1981 1
790 1951 902 1981 converso
916 1941 989 1980 nimis

142 2012 253 2056 separant
272 2007 362 2058 donum
380 2005 513 2046 increatum
531 2017 546 2045 a
564 2005 655 2053 creatis,
676 2016 724 2045 non
743 2005 821 2045 solum
839 2005 988 2055 Magister,

142 2072 184 2123 qui
196 2063 287 2112 donum
297 2071 406 2111 'creatum
418 2069 524 2110 caritatis
535 2070 606 2120 negat
620 2071 650 2121 (v.
665 2081 688 2109 n.
701 2072 742 2110 371
754 2070 787 2120 a),
800 2070 824 2110 et
836 2069 990 2119 Gregorius

141 2135 337 2177 Ariminensis
351 2147 406 2175 cum
422 2134 634 2183 Nominalistis,
651 2136 693 2186 qui
709 2134 805 2175 censent
819 2135 870 2175 reri
885 2134 990 2175 nominis

142 2201 341 2242 inhabitationem
354 2200 436 2240 haberi
448 2211 516 2251 posse
528 2211 571 2250 per
582 2199 658 2240 solam
667 2205 794 2252 ¹cisternam
805 2200 990 2249 acceptationem

142 2266 192 2314 Dei,
208 2284 209 2287 =
223 2265 264 2306 sed
294 2264 365 2305 etiam
394 2264 520 2312 hessius,
550 2263 696 2312 Petamus,
728 2263 934 2304 Thomassinus
962 2274 989 2303 ac

142 2329 317 2381 quadamtenus
337 2328 493 2377 Scbeeben,
514 2329 555 2379 qui
575 2320 773 2368 inhabitationem
793 2327 931 2377 concipiunt
949 2328 988 2368 do-

141 2406 200 2434 num
212 2395 263 2445 jere
274 2394 438 2443 independens
451 2405 465 2433 a
478 2393 554 2443 pratia
567 2398 651 2432 creata.
665 2418 696 2424 —
709 2393 730 2444 c]
745 2391 861 2432 Nonnulli
874 2391 989 2444 Mystici

141 2470 189 2499 non
207 2458 265 2499 satis
283 2458 378 2498 servant
395 2457 578 2497 substantialem
595 2457 757 2497 diversitatem
776 2456 870 2496 animae
888 2456 919 2496 ab
937 2455 990 2496 eius

141 2524 234 2574 hospite
251 2523 340 2564 divino.
357 2549 389 2553 —
404 2523 428 2573 d)
447 2522 551 2571 Quidam
568 2521 671 2573 theologi
687 2520 770 2562 minus
785 2522 845 2561 bene
863 2533 892 2562 ex
908 2521 988 2571 aliquo

141 2589 213 2637 fonte,
231 2588 273 2639 qui
290 2588 445 2627 secundarius
460 2586 563 2634 videtur,
588 2586 637 2626 scil.
663 2598 691 2626 11
714 2585 838 2637 attinentiis
862 2587 986 2634 amicitiae,

141 2653 215 2693 totam
226 2652 264 2692 vel
277 2651 360 2691 saltem
372 2650 532 2702 principalem
543 2650 726 2700 explicationem
738 2650 848 2691 derivant
862 2650 986 2701 (Suarez,
1014 2700 1015 2703 Ἰ

142 2715 396 2763 salmanticenses,
418 2714 555 2762 Biiluart‚
576 2714 688 2764 Froget,
709 2713 769 2764 alii).
789 2739 821 2744 —
839 2714 859 2764 e)
882 2714 936 2754 Nos
954 2723 1000 2754 se:

141 2782 240 2832 quimur
258 2781 281 2821 S,
300 2780 446 2827 Thomam,
465 2780 492 2819 in
509 2779 578 2819 cuius
594 2773 751 2828 explicatione
768 2778 887 2828 quaedam
904 2779 988 2819 attere-

141 2858 202 2894 mus,
222 2857 283 2897 quae
302 2845 398 2885 Gardeii
417 2844 513 2884 disserit
532 2844 669 2902 (RerThom
687 2846 714 2884 28
734 2842 826 2901 [1923]),
846 2843 906 2893 quin
924 2843 988 2883 bunc

140 2911 265 2951 auctorem·
277 2910 302 2949 in
318 2909 430 2949 omnibus
445 2918 581 2959 sequamur.
