2214 3350
314 154 315 157 ’
368 150 445 185 Thesis
462 150 478 184 1.
495 149 562 184 Actus
577 147 689 184 salutares
930 145 954 182 27

1 244 3 261 ³
47 255 53 264 ”
103 258 263 311 apostolatum
279 258 398 313 fructuose
414 269 458 307 pro
475 256 528 296 eliis
545 256 684 305 gerendum,
702 268 724 295 v.
741 258 754 295 6
770 255 892 305 tamquam
908 254 951 294 eli-

103 322 162 373 quid
174 321 241 361 eliud
252 321 386 362 adduntur:
405 338 415 357 «
434 315 511 370 quiet
527 319 584 373 (ναι)
599 318 697 358 idoneos
708 329 751 358 nos
763 318 819 358 tecit
830 316 953 357 ministros

103 384 159 426 novi
177 383 311 425 testamenti
319 402 339 424 n.

172 464 198 515 h>
214 465 242 504 de
256 463 346 505 auxilio
360 463 403 504 Dei
417 456 726 513 gratuitoet'intsrnm
741 460 878 510 gratuito,
894 461 951 511 quia

102 528 175 569 talem
192 526 308 567 fiduciam
324 527 347 567 et
362 525 462 576 proinde
479 536 574 565 omnem
591 524 661 565 istem
678 523 839 571 idoneitatem,
857 524 885 564 de
902 534 950 574 qua

102 590 216 641 loquitur,
232 589 304 630 habet
316 600 359 640 per
374 588 496 630 Christum
512 589 542 639 (v.
558 588 591 638 l);
606 586 672 638 atqui
687 598 729 637 per
743 587 865 627 Christum
879 587 950 627 hahe-

103 664 157 694 mus
171 653 234 692 dona
245 653 343 702 proriae,
358 663 406 692 non
419 650 526 699 naturam
540 674 572 679 —
585 648 710 697 interno,
726 649 815 700 quiesi
830 649 875 690 ista
889 649 950 699 cogi-

101 720 160 761 tatio
173 719 324 760 solummodo
336 731 367 760 ex
379 719 474 760 deiectu
488 718 591 759 alicuius
604 717 714 769 requisiti
728 712 818 758 coeterni
832 718 887 758 fieri
901 728 950 758 non
1012 762 1014 764 ,

101 783 187 834 posset,
212 782 333 833 apostolus
350 793 398 822 non
415 781 469 832 apte
486 781 584 832 negaret
606 793 676 821 sunm
698 780 859 820 idoneitatem.
885 781 950 828 Quae

103 845 221 886 idoneitas
235 844 315 895 potius
329 856 358 886 eo
373 845 446 885 modo
461 843 591 885 obtinenda
606 843 648 892 est,
667 844 695 884 ut
710 854 778 884 mens
795 842 901 894 apostoli,
920 855 949 883 ex

100 920 124 949 sc
142 919 190 959 non
207 907 293 948 idonea
310 908 340 947 ad
359 906 429 948 istam
446 906 620 957 cogitationem,
640 908 702 948 dono
720 905 813 946 interno
832 905 948 946 divinitus

94 971 196 1022 accepto
209 970 355 1011 confortetur
368 971 391 1011 et
403 968 544 1020 perficiatur
559 970 590 1020 (v.
604 971 692 1021 Petne.)
707 996 739 1000 —
753 971 788 1011 Gi.
803 973 815 1011 1
830 970 876 1010 Cor
889 972 910 1018 3,
925 971 946 1017 7,

99 1033 141 1073 ubi
154 1039 263 1079 externae
274 1032 405 1083 operationi
418 1033 545 1072 hominum
556 1032 708 1073 insufficienti
721 1032 845 1084 (plantare,
858 1033 945 1083 rigare)

21 1148 22 1154 1
97 1095 229 1146 opponitur
243 1097 337 1135 interne
353 1096 397 1135 Dei
412 1094 539 1145 opitulatio
557 1094 739 1146 (incrementum
756 1095 830 1146 dare).

167 1175 188 1225 c)
210 1176 237 1216 de
256 1174 348 1216 auxilio
366 1175 497 1215 absolute
515 1174 542 1215 et
560 1175 677 1225 physice
696 1173 868 1223 necessario,
889 1175 947 1226 quia

97 1237 232 1279 intellectus
249 1249 279 1278 ex
298 1238 434 1278 intrinsecis
458 1238 508 1278 suis
532 1237 657 1289 principiis
677 1249 725 1278 non
744 1238 779 1279 est
796 1237 896 1278 idoneus
915 1238 946 1278 ad

97 1300 216 1341 eiusmodi
231 1300 406 1351 cogitationem.

160 1375 252 1411 Canon
268 1376 406 1410 externus:
429 1370 507 1410 Arnus.
526 1384 574 1410 can.
592 1374 603 1411 7
621 1376 658 1420 (ΒΖ
676 1374 726 1421 180),
744 1376 835 1419 Audeat.
855 1376 882 1421 [R
900 1373 946 1411 1938

100 1431 240 1476 lacaena).

94 1534 135 1573 42.
171 1536 192 1573 3.
205 1534 238 1574 De
250 1534 349 1574 salutari
360 1534 500 1575 politione
510 1535 534 1576 et
544 1535 711 1586 operatione
723 1536 772 1588 agit
783 1535 834 1577 Phil
846 1537 876 1592 2,·
885 1536 943 1576 12s:

91 1598 155 1646 μετὰ
165 1596 241 1649 φόβον
250 1598 289 1637 καὶ
300 1598 388 1650 τρόμου
398 1598 441 1653 τὴν
449 1599 541 1639 ἑαυτῶν
551 1601 669 1655 σωτηρίαν
682 1598 857 1652 κατεργάζεσθε
870 1614 875 1622 ·
888 1598 946 1652 dedg

90 1661 140 1712 γάρ
156 1660 219 1700 ἐστιν
236 1659 249 1700 ὁ
265 1661 370 1713 ἐνεργῶν
382 1661 410 1700 ἐν
422 1662 527 1711 ὑμῖν-ναὶ
540 1661 568 1701 τὸ
583 1660 662 1711 θέλειν
674 1664 712 1702 ναὶ
725 1663 753 1702 τὸ
766 1664 873 1716 ἐνεργεῖν
885 1664 945 1716 ὑπὲρ

76 1728 136 1777 «τῆς
147 1722 260 1774 eddoniog.
277 1722 304 1760 In
318 1722 441 1772 operanda
454 1723 535 1763 nostra
549 1723 624 1764 salute
639 1734 738 1774 prorsus
752 1724 914 1774 dependemus
930 1736 944 1764 a

96 1783 153 1831 Deo;
167 1783 202 1824 est
216 1784 280 1824 eninr
295 1783 364 1824 nobis
378 1784 475 1825 omnino
491 1786 623 1826 neccssaria
638 1785 719 1836 aliqua
735 1787 867 1836 cooperatio
883 1785 943 1827 divi.

93 1857 133 1893 ua,
150 1857 222 1896 quam
237 1846 302 1887 Deus
317 1847 348 1887 ad
362 1848 542 1897 exsequendum
558 1859 629 1889 suum
644 1848 776 1899 gratiosum
792 1850 942 1901 propositum

93 1908 145 1948 sive
155 1909 257 1958 protono
270 1909 368 1958 confert,
381 1920 443 1960 quae
454 1910 503 1951 tam
515 1909 595 1951 efficax
608 1911 650 1960 est,
663 1912 690 1952 ut
701 1912 764 1953 Deus
776 1911 838 1953 recte
849 1911 944 1952 dicatur

92 1970 121 2008 in
131 1970 200 2010 nobis
213 1971 322 2022 (interne)
335 1973 429 2023 operari
441 1972 549 2014 nostrum
560 1973 621 2015 velle
633 1974 657 2015 et
667 1975 768 2026 operari.
781 1975 859 2023 Quare
870 1975 943 2016 etiam

92 2043 124 2072 ex
141 2033 221 2073 nostra
238 2033 306 2084 parte
324 2045 419 2075 summo
437 2036 517 2077 studio
534 2036 696 2078 labora-ndum
713 2038 755 2086 est,
776 2038 803 2078 ut
820 2038 942 2089 negotium

90 2095 185 2136 nostrae
198 2096 281 2137 salutis
294 2097 325 2137 ad
337 2098 428 2137 bonum
440 2097 516 2139 tinem
529 2098 674 2149 perducatur
688 2100 732 2151 (Gt.
747 2101 832 2150 Zorell,
841 2102 942 2153 eudocia,

92 2158 118 2198 et
130 2159 156 2197 F.
170 2159 233 2207 Pret,
249 2160 294 2199 Th.
310 2160 339 2200 de
353 2161 376 2201 S.
391 2160 460 2209 Paul,
476 2161 513 2201 ΙΙ7
527 2162 573 2212 99).

155 2244 218 2279 Can.
237 2244 301 2281 ext:
321 2245 390 2282 indie.
409 2256 456 2293 cap.
476 2247 498 2283 12
513 2248 554 2293 (Dr
572 2247 622 2294 111),
640 2248 718 2286 uiuus.
738 2259 785 2285 can.
803 2250 815 2285 -1
833 2250 870 2294 (Dz
889 2249 939 2295 177),

91 2294 186 2350 Ανριιετ,
205 2296 231 2341 (R
246 2295 295 2333 1556
310 2295 357 2333 1572
372 2296 419 2334 1854
436 2297 497 2345 1889).

88 2401 130 2442 4-3,
167 2405 187 2443 1.
203 2398 340 2445 seeundum
352 2407 488 2456 pecoralem
500 2408 672 2451 doctrinales.
686 2411 756 2451 Pauli
768 2422 850 2453 omnes
863 2411 939 2451 homi-

90 2475 135 2505 nes
151 2477 194 2516 per
209 2468 334 2517 peccatum
357 2470 413 2510 sunt
436 2470 592 2521 spiritualiter
615 2473 704 2513 mortui
727 2473 751 2514 et
771 2485 814 2525 per
837 2473 940 2526 gratiam

92 2527 181 2569 Christi
207 2530 294 2571 debent
318 2530 479 2580 vivificari,
508 2534 688 2585 resuscitari,
717 2536 807 2577 denuo
834 2540 937 2585 creari,

88 2591 215 2633 renasci:
233 2592 283 2645 Epir
297 2594 320 2640 2,
338 2594 420 2634 1-10.
435 2595 462 2635 V.
478 2599 488 2636 1
504 2598 529 2637 5:
547 2597 635 2638 mortui
650 2598 758 2649 peccatis,
773 2612 795 2639 v.
811 2602 836 2639 3:
854 2611 937 2641 omnes

92 2652 131 2702 (ct.
144 2654 204 2695 Rom
216 2658 236 2704 3,
249 2658 271 2704 93
282 2658 303 2704 5,
317 2658 377 2704 12ss;
392 2657 435 2697 Gal
446 2661 467 2707 3,
480 2659 527 2710 22);
538 2663 639 2701 v.4*s:
656 2661 720 2703 Deus
731 2673 774 2703 nos
786 2662 937 2705 convivitica-

86 2715 125 2756 vit
139 2716 161 2757 st
176 2718 369 2760 conresuscitavit
385 2719 410 2759 in
427 2720 520 2762 Christo
535 2733 578 2772 per
593 2714 703 2774 gratiam3
719 2737 741 2765 v.
759 2728 797 2766 to:
817 2737 859 2776 per
875 2727 936 2767 salu-

88 2778 137 2844 tem
152 2780 273 2831 acceptam
288 2792 371 2822 sumus
385 2782 429 2823 Dei
444 2784 545 2833 tactura,
562 2786 670 2827 creatura
692 2789 801 2845 (ποίημα),
825 2790 897 2830 creati
913 2792 938 2830 in

88 2841 185 2883 ¹Christo
198 2844 250 2884 lesu
265 2844 304 2895 (ct.
318 2847 331 2883 2
343 2845 389 2885 Gor
401 2848 422 2893 5,
436 2848 470 2895 173
484 2847 527 2888 Gal
540 2850 561 2896 ὃ,
576 2849 610 2900 15)
625 2850 656 2890 ad
669 2861 742 2901 opera
753 2852 816 2892 bona
828 2853 938 2894 iacienda

85 2904 133 2956 (ἐπὶ
152 2907 231 2961 ἔργοις
250 2906 363 2962 ἀγαθοῖς),
386 2918 446 2958 quae
462 2910 525 2949 Deus
542 2911 611 2952 antea
626 2913 721 2963 paravit
742 2916 938 2972 (προητοίμασεν),
