2214 3350
173 242 250 279 Thesis
267 242 296 278 22<
318 239 421 286 systema
438 235 685 284 praedeterminationis
700 234 806 281 physicae
878 230 913 268 iil

69 351 170 389 uteretur
192 348 340 396 praescientia
361 345 515 383 condicionate
538 344 673 386 futurorum,
696 350 764 387 quam
788 351 814 377 ex
838 347 915 377 eorum

70 404 201 442 futuritione
215 402 370 440 condicionata
384 398 503 437 hausisset.
520 397 581 432 Haec
595 395 672 431 autem
685 395 719 431 est
733 394 814 430 solutio
828 393 915 429 molini-

70 459 132 494 stiee.
146 476 170 482 -
183 457 205 503 g)
220 456 295 492 Manet
308 455 336 491 in
350 453 446 490 nostra
458 447 595 498 potestate
609 448 684 494 potius
697 448 753 483 velle
767 456 835 492 quam
848 446 913 482 nolle.

72 509 303 555 «Praedeterminatio
323 506 456 554 potestatem
474 505 506 540 sie
526 501 643 538 conservat
663 501 688 536 in
707 500 828 542 voluntate,
850 509 876 535 ac
896 497 915 534 si

69 564 174 600 voluntas
185 562 322 609 concipiatur
334 561 424 597 omnino
434 556 587 604 independens
597 565 612 592 a
623 562 761 600 quocumque
773 553 819 588 sive
830 552 917 588 influxu

69 619 116 653 sive
129 625 256 652 concursu»
274 614 395 662 (thliure).
410 613 504 649 Liberae
516 609 640 645 voluntatis
654 606 761 644 decisioni
774 605 914 650 relinquitur,

69 672 145 706 utrum
158 668 419 716 praedeterminationem
433 665 534 701 divinam
547 662 601 699 velit
613 660 722 707 impedire
736 668 805 695 necne
821 657 917 703 (Goudin

69 724 127 769 etc).
145 742 169 748 -
185 723 262 768 Resp.
282 721 333 757 Aut
350 720 426 756 omnia
442 715 646 755 Banezianismi
663 712 843 750 fundamenta
862 712 916 756 «pie

70 778 92 812 et
106 776 236 822 sapienter»
251 773 455 820 relinquuntur,
471 771 518 807 aut
530 770 604 806 verbis
621 769 659 804 «in
672 767 781 814 potestate
795 775 843 802 esse
852 779 862 799 o
876 764 915 802 etc.

69 830 177 873 tribuitur
189 838 294 870 sensus,
307 828 346 874 qui
357 826 470 863 communi
481 826 533 861 usui
545 824 567 860 et
578 833 648 860 sanae
658 821 742 858 rationi
755 819 845 855 omnino
857 827 917 855 con-

69 882 175 918 trarius
191 883 229 918 est.
612 885 614 888 ’

71 1005 126 1047 596.
163 1005 186 1046 4.
208 1004 301 1046 classis:
322 1002 482 1044 Celeberrima
502 999 621 1041 distinctio
641 1008 726 1041 sensus
746 996 873 1050 compositi
892 997 917 1037 et

71 1069 139 1111 divisi
155 1071 182 1121 (P
196 1070 296 1116 1126353
310 1069 386 1108 More.
401 1079 426 1106 11.
441 1065 500 1115 626),
514 1091 546 1097 -
559 1065 643 1114 Resp.
659 1065 725 1105 Hanc
739 1061 917 1104 distinctionem

70 1134 110 1174 hio
126 1145 175 1174 non
187 1132 248 1173 recte
265 1131 374 1172 adhiberi
390 1131 421 1171 ad
437 1129 578 1180 explicanda
593 1128 656 1169 dicta
671 1127 827 1168 conciliorum
844 1136 918 1177 supra

73 1198 106 1248 (n.
120 1198 169 1248 591)
185 1196 305 1240 ostensum
318 1195 360 1236 est.
374 1195 411 1235 Ad
425 1192 609 1244 intellegendam
622 1194 673 1233 vim
687 1191 846 1233 distinctionis
859 1192 917 1232 haec

16 1256 18 1262 '
71 1261 154 1301 notare
171 1260 244 1301 iuvat.
264 1260 352 1300 Sensus
368 1257 544 1308 compositus
561 1257 694 1308 significat:
717 1255 835 1304 Subiecta
854 1254 918 1306 quod

71 1326 180 1377 aliquam
196 1326 300 1376 formem
316 1324 389 1364 habet
406 1323 444 1364 vel
462 1322 533 1363 alicui
555 1322 691 1362 condicioni
714 1321 802 1370 subest,
821 1320 919 1371 aliquod

72 1389 237 1441 praedicatum
257 1388 368 1429 convenit
387 1389 425 1428 vel
446 1398 495 1428 non
515 1386 632 1436 convenit;
660 1399 684 1428 v.
706 1399 728 1438 g.
751 1387 822 1427 horno
840 1385 919 1426 metes

72 1460 215 1506 potestesse
232 1465 303 1493 seniis
320 1452 392 1494 etiam
409 1453 435 1492 in
453 1463 523 1493 sensu
540 1451 679 1501 composito,
698 1449 748 1491 scii.
764 1450 880 1492 exsistens
897 1451 920 1492 et

72 1529 173 1559 manens
183 1517 270 1566 malus3
282 1517 352 1557 horno
363 1528 419 1557 vero
430 1527 499 1567 eeper
510 1517 535 1557 in
545 1527 616 1557 sensu
627 1510 765 1566 composito,
776 1517 791 1556 i.
804 1528 824 1556 e.
837 1526 919 1567 quarn-

73 1583 116 1623 diu
135 1582 207 1623 habet
226 1593 293 1622 suam
309 1580 492 1632 aegritudinem,
512 1592 561 1620 non
579 1587 656 1632 potest
676 1592 725 1621 esse
744 1592 825 1629 senna
844 1580 921 1630 potest

74 1648 154 1702 autern
174 1648 200 1687 in
220 1657 290 1688 sensu
311 1646 415 1695 diviso,
437 1647 479 1698 qui
499 1646 588 1687 dividit
606 1645 655 1686 sive
676 1646 770 1697 separat
789 1646 820 1686 ab
839 1645 919 1696 aliquo

75 1712 180 1753 subiecto
197 1711 303 1763 aliquam
322 1712 426 1752 formam
445 1711 483 1752 vel
502 1710 665 1761 hypothesim:
688 1711 765 1751 Homo
784 1722 853 1762 oeper
873 1721 920 1751 ces

75 1777 141 1817 sante
166 1776 244 1817 torma
267 1775 425 1827 aegritudinis
440 1782 517 1826 potest
535 1787 585 1816 erse
604 1787 684 1816 vseriens⁸
708 1801 739 1807 η-
763 1775 850 1816 Utrum
875 1776 919 1816 hac

75 1839 226 1881 distinctione
245 1840 352 1882 adhibita
371 1840 493 1880 libertas
512 1840 618 1881 serretur
637 1850 717 1888 necne,
738 1840 782 1880 hoc
803 1839 921 1891 dependet

74 1916 104 1945 ex
120 1917 155 1953 eo,
172 1905 254 1946 utrum
270 1905 341 1946 homo
357 1906 462 1945 formam
477 1907 515 1946 vel
531 1904 702 1953 condicionem,
721 1905 750 1946 de
768 1916 816 1956 qua
832 1904 918 1955 agitur,

75 1969 149 2010 libere
162 1970 288 2011 adduxerit
300 1971 338 2011 oet
351 1972 451 2010 retineat
463 1980 543 2010 necne.
559 1969 727 2011 Consideretur
740 1968 829 2019 duplex
843 1981 920 2011 exem-

76 2033 156 2084 plum:
181 2035 203 2086 a)
225 2035 315 2076 Sedens
335 2046 384 2075 non
402 2041 480 2086 polest
500 2035 623 2075 embrdere
637 2036 670 2075 tin
691 2046 762 2075 sense
782 2035 919 2086 composito,
960 2050 961 2053 ¹

75 2099 246 2148 potestantem
262 2101 287 2140 in
302 2110 372 2140 sensu
387 2099 471 2140 diviso.
490 2100 514 2140 Si
529 2111 602 2150 penes
616 2099 721 2140 liberum
736 2099 865 2141 arbitrium
878 2099 920 2148 est,

76 2162 103 2202 ut
116 2164 205 2205 mutet
219 2163 348 2206 sessionem
361 2165 386 2204 in
399 2164 594 2213 ambulationem,
610 2165 685 2206 libere
700 2166 765 2206 sedet
779 2166 801 2206 et
815 2165 921 2206 ambula-

76 2227 166 2268 tionem
176 2229 270 2277 omitti,
282 2240 331 2270 non
341 2229 449 2271 obstante
458 2229 650 2279 impossibilitate
662 2230 802 2271 ambulandi
815 2232 840 2271 in
852 2242 922 2272 sensu

75 2293 206 2342 composito
225 2295 256 2334 ad
273 2294 409 2335 sessionem.
428 2320 460 2325 —
478 2295 502 2346 b)
525 2295 631 2336 Vincutir
650 2296 761 2346 ellipemr
779 2308 828 2336 non
847 2302 923 2350 potest

77 2357 200 2398 ambulare
224 2358 250 2398 tn
272 2370 344 2399 sense
360 2359 497 2410 composito.
523 2360 588 2401 Licet
605 2361 631 2399 in
650 2371 720 2401 sensu
745 2360 821 2401 diviso
840 2361 921 2411 possit,

76 2420 157 2461 tamen
180 2434 233 2463 non
259 2423 360 2473 libere,
387 2425 428 2464 sed
447 2426 524 2465 coacte
543 2424 646 2466 abstinet
663 2425 692 2465 ab
712 2425 881 2473 ambulatione,
903 2426 922 2465 si

77 2495 150 2534 penes
164 2487 244 2538 ipsum
259 2499 306 2528 non
321 2489 373 2537 siat,
389 2490 417 2530 ut
429 2500 471 2530 sua
486 2489 582 2530 vincula
596 2490 678 2530 solvat.
694 2516 726 2521 -
741 2490 874 2539 Quaeritur,
891 2492 923 2532 ad

77 2548 159 2590 utrum
172 2551 259 2592 horum
272 2563 372 2593 casuum
386 2553 504 2604 pertineat
517 2554 658 2605 propositio:
676 2554 776 2605 Phpcice
789 2556 923 2606 praedeter-

74 2613 182 2656 minatus
198 2618 229 2657 ed
246 2629 388 2657 consensum
402 2630 452 2658 non
465 2625 543 2669 potest
559 2621 683 2660 dissentire
699 2621 725 2659 in
741 2631 813 2661 sense
830 2632 923 2672 compo

77 2677 130 2718 sito.
144 2680 195 2720 Nisi
209 2682 291 2722 omnia
305 2683 425 2733 principia
440 2683 574 2733 systematis
588 2684 734 2733 deserantur,
750 2684 878 2727 manifesto
893 2687 924 2726 ad

78 2745 210 2785 secundum
230 2747 272 2798 (b).
292 2747 353 2787 Nam
371 2748 429 2787 haee
447 2748 613 2790 determinatio
632 2761 660 2789 ex
679 2750 771 2791 decreto
791 2751 865 2791 solius
881 2752 924 2791 Dei

78 2806 102 2845 et
117 2808 304 2860 independenter
321 2812 349 2852 ab
367 2814 434 2852 omni
451 2813 525 2854 tibere
543 2826 589 2854 usn
606 2815 734 2855 voluntatis
752 2817 829 2865 detur,
847 2828 925 2867 neque

78 2877 155 2919 potest
169 2874 197 2913 ab
215 2876 310 2916 nornine
325 2878 422 2926 meteri,
438 2878 485 2918 nisi
500 2880 666 2921 antecedenter
679 2881 710 2921 ad
724 2892 796 2921 nsum
808 2881 926 2923 libertatis

80 2934 199 2979 humanae
219 2941 282 2980 Deus
302 2952 354 2981 eam
375 2941 457 2983 mutet.
480 2943 540 2993 Ergo
560 2944 706 2995 possibilitas
724 2946 879 2987 dissentiendi
899 2948 925 2986 in

78 3009 150 3041 sensu
162 3003 238 3043 diviso
249 3017 262 3044 e
273 3006 529 3055 pinedeierminetione
541 3020 615 3059 nequ
621 3020 722 3059 aquam
734 3011 827 3051 salvat
838 3010 925 3050 iiber-
