2214 3350
175 157 199 192 44
311 157 364 192 sect.
381 158 397 192 Ι.
413 157 458 195 Art.
475 158 502 193 ΙΙ.
517 158 556 203 51.
573 158 631 201 Quid
644 158 727 193 natura
739 157 804 203 lapsa
817 158 887 204 possit

174 263 216 305 est.
233 265 296 315 argo
308 266 391 307 omnia
405 278 478 317 opera
492 266 629 307 infidelium
644 267 700 308 sunt
713 266 815 317 peccata,
832 268 856 307 et
870 267 1028 318 philosopho*¹

174 338 230 367 rum
248 326 348 369 virtutes
368 330 424 371 sunt
440 330 500 370 vitia
516 328 630 370 virtutem
648 327 774 377 imitantia,
788 340 855 383 ‚quae
875 341 923 370 non
943 329 1020 370 solum

174 400 222 430 non
237 390 321 432 iuvant
334 392 365 432 ad
380 392 488 441 salutem,
504 393 545 433 sed
559 386 631 432 etiam
645 390 768 443 damnant.
783 391 843 432 Tota
857 391 931 442 igitur
945 393 1019 433 homa
1081 406 1082 409 ¹

174 452 212 492 nis
223 453 284 504 lapsi
295 454 407 496 voluntas
418 454 453 495 est
463 454 547 495 vitiosa
559 453 684 505 cupiditas,
697 465 745 505 qua
757 453 895 495 dominante
908 454 933 494 in
944 456 1020 495 omni-

173 515 220 556 bus
237 516 370 563 actionibus
388 516 518 558 necessario
534 517 622 567 peccat.

174 651 213 692 76.
250 654 270 692 3.
297 650 380 692 Status
404 651 504 691 naturae
528 650 663 702 reparatae.
690 650 789 691 Peccata
812 649 924 700 originali
949 651 1020 689 bomo

174 714 244 754 donis
265 713 340 755 status
361 712 479 764 primitivi
500 712 601 764 positive
623 712 737 763 indicans
760 713 838 754 factus
860 712 917 754 erat.
942 713 1020 761 Quare

173 771 262 825 omnia,
278 779 339 827 quae
353 787 383 816 ex
397 775 474 827 gratia
489 775 645 826 redemptrice
661 775 749 816 Christi
765 776 843 824 babet,
860 775 933 816 etiam
948 787 1020 826 opera

173 839 237 879 bona
250 839 274 879 et
288 839 338 880 vita
352 839 455 887 aeterna,
473 849 537 878 nunc
552 849 619 879 vere
635 838 701 879 sunt
716 839 789 879 dona
805 838 926 890 gratiae.
950 839 1020 879 Ratio

173 901 252 942 autem
270 902 388 941 meritorii
405 902 523 942 bonorum
542 906 642 952 operum
661 902 793 942 secundum
812 900 898 942 Baium
917 901 1020 942 nonest
1076 954 1077 957 Ἰ

173 975 202 1004 ee
217 964 308 1004 meritis
325 964 413 1005 Christi
429 970 451 1004 et
465 965 541 1016 pratia
558 964 730 1015 sanctificante,
747 965 788 1006 sed
804 964 892 1005 iterum
908 975 974 1005 mere
989 975 1018 1005 ex

171 1026 213 1066 illa
225 1026 276 1078 lege
289 1026 340 1075 Dei,
354 1038 415 1077 quae
428 1026 609 1068 oboedientibus
621 1026 695 1068 vitam
708 1026 830 1068 aeternam
843 1028 871 1068 ut
883 1026 1018 1077 praemium

155 1089 289 1140 proponit.
309 1090 390 1131 Gratia
407 1088 495 1131 Christi
512 1089 591 1131 reddit
607 1089 789 1140 possibilitatem
806 1089 925 1140 implendi
941 1089 1018 1140 legem

171 1152 220 1193 sive
233 1153 292 1193 bene
306 1153 401 1202 agendi,
416 1152 457 1193 sed
471 1163 519 1192 non
532 1152 625 1192 conteri
637 1152 749 1203 operibus
762 1152 839 1193 ullam
853 1153 1020 1193 sublimiorem

163 1210 312 1265 'dignitatem
333 1215 376 1267 (De
394 1215 486 1255 meritis
505 1226 615 1266 operum·
633 1226 701 1265 prop.
721 1218 734 1256 8
752 1218 766 1256 9
785 1218 870 1257 11-15
889 1215 934 1265 17).
954 1215 1019 1256 Deus

170 1277 267 1328 plenam
278 1277 438 1329 integritatem
449 1276 519 1318 liberi
529 1277 624 1319 arbitrii
633 1277 757 1319 restituere
767 1278 845 1319 noluit
855 1289 931 1329 neque
942 1279 1020 1319 omni-

170 1340 215 1381 bus
231 1340 272 1381 dat
287 1339 427 1390 potestatem
443 1340 563 1389 credendi,
580 1340 710 1381 castitatem
729 1341 839 1381 servandi
855 1341 898 1382 etc.
919 1340 962 1391 (De
978 1341 1019 1381 tro-

170 1397 243 1442 minis
260 1403 358 1443 arbitrio
376 1415 395 1444 c.
414 1406 448 1450 123
466 1403 496 1444 oi.
513 1402 582 1454 prop.
600 1403 645 1455 54).
663 1403 821 1444 Involuntarii
838 1405 919 1444 motus
934 1415 1018 1444 concu-

169 1465 299 1516 piscentiae
313 1460 385 1506 etiam
399 1466 424 1505 in
439 1465 507 1506 iustis
522 1466 578 1507 sunt
591 1476 647 1506 vera
661 1466 816 1516 transgressio
830 1467 897 1517 legis,
913 1468 955 1515 sed
969 1478 1017 1507 non

170 1528 322 1579 imputantur
334 1529 361 1569 ut
374 1528 476 1579 peccata,
491 1525 549 1579 quia
562 1529 587 1568 in
600 1529 631 1569 iis
643 1540 691 1569 non
705 1530 896 1580 concupiscentia
908 1529 1017 1570 habitua-

169 1590 224 1632 liter
241 1591 386 1639 dominatur,
406 1591 446 1631 sed
466 1590 570 1642 Spiritus
588 1590 696 1640 Sanctus⁷
716 1592 792 1641 gratia
809 1603 851 1632 seu
869 1592 955 1632 caritas
974 1592 1017 1642 (De

169 1660 265 1703 peccato
279 1654 387 1705 eripiam
401 1647 431 1694 ci.
448 1650 515 1704 prop.
531 1655 576 1705 51).
991 1657 993 1661 ’
1009 1657 1011 1661 ’

169 1787 208 1828 77.
245 1787 363 1828 Iustitia
374 1787 410 1828 est
422 1777 526 1827 identica
537 1786 575 1827 vel
589 1779 672 1827 saltem
686 1784 877 1838 inseparabiliter
891 1784 1016 1826 coniuncta

168 1861 224 1890 cum
238 1849 359 1895 caritate
373 1850 472 1901 (Opusc.
487 1850 523 1889 De
537 1849 642 1906 coritutca
657 1859 725 1899 prop.
740 1849 844 1899 31-38t
862 1849 928 1889 Hanc
944 1848 1017 1889 Baius

169 1910 286 1966 intellegit
304 1912 429 1961 actuotean
446 1923 477 1953 an
495 1912 527 1953 sit
541 1910 615 1952 etiam
637 1911 761 1968 habitacla
786 1912 877 1951 donum
902 1911 1013 1960 cantatis,

168 1975 286 2016 incertum
299 1975 420 2030 relinquit.
435 1973 564 2030 Reicienda
576 1974 613 2015 est
624 1973 765 2031 scholastica
778 1974 899 2015 distinctio
913 1974 1015 2026 duplicis
1064 2011 1071 2021 ,

169 2038 257 2077 ancoris
273 2038 325 2093 Dei,
343 2038 460 2089 aatctralic'
478 2037 527 2078 scil.
546 2037 570 2079 et
586 2037 783 2087 supernaturalis.
803 2037 864 2078 Nam
883 2037 1015 2078 secundum

169 2102 180 2140 t
196 2101 221 2141 Io
234 2103 254 2148 2,
271 2103 316 2140 t5s
328 2099 352 2141 et
366 2101 388 2142 S.
405 2099 567 2150 Augustinum
581 2099 660 2156 omnis
674 2109 743 2139 amor
756 2098 879 2140 rationalis
893 2100 1015 2141 creaturae

168 2162 211 2203 aut
226 2163 261 2203 est
277 2163 340 2203 atala
357 2163 474 2214 cupiditas
491 2156 534 2203 aut
550 2163 632 2203 diuina
649 2162 734 2202 coritas
751 2173 794 2213 per
811 2163 835 2202 S.
854 2162 971 2214 Spiritum
989 2163 1015 2203 in

167 2226 239 2281 corda
253 2225 351 2266 diffusa.
367 2226 406 2266 Sic
419 2224 559 2276 explicatur,
574 2236 618 2265 cur
631 2225 712 2264 omnia
725 2235 796 2275 opera
811 2225 878 2266 extra
891 2225 1015 2266 caritatem

166 2288 230 2328 taeta
242 2288 325 2328 saltem
333 2289 434 2339 vpropter
447 2288 521 2328 tinem
533 2288 612 2328 malae
624 2286 761 2337 cupiditatis
773 2289 868 2339 peccata
881 2288 936 2329 sint,
951 2287 1014 2327 Gari-

167 2344 205 2391 tas
221 2350 326 2391 admittit
341 2351 437 2402 gradus,
457 2350 560 2399 initium,
579 2349 743 2401 augmentum,
761 2350 940 2402 perfectionem.
959 2350 1014 2391 Per-

167 2414 229 2463 fecta
242 2414 332 2453 iustitia
348 2415 443 2465 (Opusc.
457 2414 491 2453 De
505 2413 605 2461 iustitia
618 2424 686 2464 prop.
702 2414 805 2465 tta-44),
821 2425 881 2465 quae
896 2413 1013 2465 integram

167 2476 244 2527 legem
255 2474 346 2526 implet,
359 2476 404 2517 hac
414 2477 439 2516 in
450 2476 514 2517 terra
524 2480 572 2516 non
583 2476 631 2517 fuit
640 2476 686 2516 nisi
698 2476 723 2516 in
734 2478 785 2518 solo
797 2477 898 2518 Christo.
912 2477 1011 2526 Iustitia,

166 2538 182 2577 i.
196 2549 215 2578 e.
230 2537 379 2580 oboedientia
391 2538 458 2589 legis,
474 2538 613 2579 exercitium
627 2538 750 2588 virtutum,
765 2539 858 2588 caritas,
874 2551 923 2579 non
936 2550 1013 2581 neces

166 2600 228 2640 sario
250 2600 359 2641 cohaeret
379 2613 434 2642 cum
456 2602 604 2654 remissione·
616 2608 774 2651 pcccatorum.
799 2602 967 2644 Cateohumeni
989 2604 1014 2643 et

166 2664 301 2715 peccatores
313 2666 413 2716 possunt
426 2665 524 2717 quidem
537 2677 567 2707 ex
581 2665 677 2707 carimte
692 2678 734 2717 per
748 2667 772 2707 S.
789 2667 907 2718 Spiritum
922 2667 1014 2709 diflusa

166 2729 243 2769 multa
258 2728 348 2779 optima
361 2741 432 2780 opera
447 2731 523 2771 iacere
538 2730 561 2771 et
574 2730 619 2770 hoc
634 2730 705 2771 modo
719 2730 843 2771 iustificati
858 2741 916 2779 esse,
932 2730 1012 2772 tamen

166 2791 332 2834 remissionem
354 2794 503 2843 peccatorum
525 2794 593 2835 extra
613 2805 695 2840 casum
717 2795 864 2838 necessitatis
883 2807 933 2835 nou
954 2797 1014 2838 aeci·
1105 2834 1107 2842 ,,

165 2857 237 2908 piunt
250 2856 298 2897 nisi
312 2868 355 2907 per
369 2865 516 2899 sacraemnta
530 2858 644 2909 baptismi
659 2860 698 2899 vel
713 2859 878 2911 poenitentiae⁴
897 2859 1014 2902 laetifica
1081 2911 1082 2915 Ἰ

165 2922 255 2962 tionem
269 2920 365 2972 (Opust.
378 2922 414 2960 De
425 2922 604 2975 iustificatione)
618 2924 683 2965 Deus
694 2924 814 2965 ordinarie
828 2924 947 2975 prodatim
958 2936 1014 2976 ope·
1103 2925 1106 2932 '
