<?xml version="1.0" encoding="UTF-8"?>
<!DOCTYPE html PUBLIC "-//W3C//DTD XHTML 1.0 Transitional//EN"
    "http://www.w3.org/TR/xhtml1/DTD/xhtml1-transitional.dtd">
<html xmlns="http://www.w3.org/1999/xhtml" xml:lang="en" lang="en">
 <head>
  <title>
</title>
<meta http-equiv="Content-Type" content="text/html;charset=utf-8" />
  <meta name='ocr-system' content='tesseract 3.04.00' />
  <meta name='ocr-capabilities' content='ocr_page ocr_carea ocr_par ocr_line ocrx_word'/>
</head>
<body>
  <div class='ocr_page' id='page_1' title='image "./MN41637ucmf_2_0546.png"; bbox 0 0 2214 3350; ppageno 0'>
   <div class='ocr_carea' id='block_1_1' title="bbox 203 219 976 275">
    <p class='ocr_par' dir='ltr' id='par_1_1' title="bbox 203 219 976 275">
     <span class='ocr_line' id='line_1_1' title="bbox 203 219 976 275; baseline -0.003 -10"><span class='ocrx_word' id='word_1_1' title='bbox 203 228 242 265; x_wconf 71' lang='lat'><em>512</em></span> <span class='ocrx_word' id='word_1_2' title='bbox 365 224 423 265; x_wconf 62' lang='lat' dir='ltr'><em>Sect:</em></span> <span class='ocrx_word' id='word_1_3' title='bbox 434 229 457 264; x_wconf 82' lang='lat' dir='ltr'><em>V.</em></span> <span class='ocrx_word' id='word_1_4' title='bbox 465 221 522 264; x_wconf 65' lang='lat' dir='ltr'><em>nrt:</em></span> <span class='ocrx_word' id='word_1_5' title='bbox 535 229 562 265; x_wconf 83' lang='lat'><em>11:</em></span> <span class='ocrx_word' id='word_1_6' title='bbox 578 219 800 275; x_wconf 71' lang='lat' dir='ltr'><em>E&#39;xpli&#39;ca&#39;tio‘gratiae</em></span> <span class='ocrx_word' id='word_1_7' title='bbox 812 221 908 266; x_wconf 52' lang='lat' dir='ltr'><em>&#39;efficacis</em></span> <span class='ocrx_word' id='word_1_8' title='bbox 974 233 976 236; x_wconf 85' lang='grc'><em>·</em></span> 
     </span>
    </p>
   </div>
   <div class='ocr_carea' id='block_1_2' title="bbox 140 333 1107 1906">
    <p class='ocr_par' dir='ltr' id='par_1_2' title="bbox 140 333 1107 1906">
     <span class='ocr_line' id='line_1_2' title="bbox 202 333 1053 378; baseline 0.002 -2"><span class='ocrx_word' id='word_1_9' title='bbox 202 335 260 377; x_wconf 67' lang='lat'>2647.</span> <span class='ocrx_word' id='word_1_10' title='bbox 298 335 506 378; x_wconf 71' lang='lat' dir='ltr'><em>praedefinitionis</em></span> <span class='ocrx_word' id='word_1_11' title='bbox 523 337 667 378; x_wconf 78' lang='lat' dir='ltr'><em>vocabulum</em></span> <span class='ocrx_word' id='word_1_12' title='bbox 683 333 812 377; x_wconf 84' lang='lat' dir='ltr'><em>adhibetur</em></span> <span class='ocrx_word' id='word_1_13' title='bbox 827 337 891 378; x_wconf 79' lang='lat' dir='ltr'><em>eirca</em></span> <span class='ocrx_word' id='word_1_14' title='bbox 908 336 988 378; x_wconf 86' lang='lat' dir='ltr'><em>actus</em></span> <span class='ocrx_word' id='word_1_15' title='bbox 1005 335 1053 378; x_wconf 82' lang='lat' dir='ltr'><em>bo-</em></span> 
     </span>
     <span class='ocr_line' id='line_1_3' title="bbox 199 393 1052 451; baseline 0.001 -13"><span class='ocrx_word' id='word_1_16' title='bbox 199 402 257 439; x_wconf 80' lang='lat' dir='ltr'><em>nos</em></span> <span class='ocrx_word' id='word_1_17' title='bbox 272 398 322 440; x_wconf 86' lang='lat' dir='ltr'><em>sive</em></span> <span class='ocrx_word' id='word_1_18' title='bbox 331 393 451 447; x_wconf 83' lang='lat' dir='ltr'><em>merita,</em></span> <span class='ocrx_word' id='word_1_19' title='bbox 469 400 535 442; x_wconf 67' lang='lat' dir='ltr'><em>sicut,</em></span> <span class='ocrx_word' id='word_1_20' title='bbox 544 395 768 450; x_wconf 85' lang='lat' dir='ltr'><em>praedestinationis</em></span> <span class='ocrx_word' id='word_1_21' title='bbox 783 399 846 441; x_wconf 85' lang='lat' dir='ltr'><em>eirca</em></span> <span class='ocrx_word' id='word_1_22' title='bbox 862 399 956 449; x_wconf 82' lang='lat' dir='ltr'><em>gratias</em></span> <span class='ocrx_word' id='word_1_23' title='bbox 966 400 989 442; x_wconf 84' lang='lat' dir='ltr'><em>et</em></span> <span class='ocrx_word' id='word_1_24' title='bbox 1004 401 1052 451; x_wconf 72' lang='lat' dir='ltr'><em>glo</em></span> 
     </span>
     <span class='ocr_line' id='line_1_4' title="bbox 201 461 1054 514; baseline 0.001 -13"><span class='ocrx_word' id='word_1_25' title='bbox 201 461 357 503; x_wconf 71' lang='lat' dir='ltr'><em>riam-Dicit</em></span> <span class='ocrx_word' id='word_1_26' title='bbox 373 462 447 514; x_wconf 81' lang='lat' dir='ltr'><em>igitur</em></span> <span class='ocrx_word' id='word_1_27' title='bbox 469 462 737 514; x_wconf 77' lang='lat' dir='ltr'><em>praedefinitio-divina</em></span> <span class='ocrx_word' id='word_1_28' title='bbox 753 462 883 512; x_wconf 87' lang='lat' dir='ltr'><em>decretum,</em></span> <span class='ocrx_word' id='word_1_29' title='bbox 908 475 954 513; x_wconf 89' lang='lat' dir='ltr'><em>quo</em></span> <span class='ocrx_word' id='word_1_30' title='bbox 978 463 1054 504; x_wconf 87' lang='lat' dir='ltr'><em>Deus</em></span> 
     </span>
     <span class='ocr_line' id='line_1_5' title="bbox 201 521 1053 572; baseline 0.002 -8"><span class='ocrx_word' id='word_1_31' title='bbox 201 521 371 565; x_wconf 78' lang='lat' dir='ltr'><em>antecedenter</em></span> <span class='ocrx_word' id='word_1_32' title='bbox 392 527 423 566; x_wconf 86' lang='lat' dir='ltr'><em>od</em></span> <span class='ocrx_word' id='word_1_33' title='bbox 443 526 544 566; x_wconf 77' lang='lat' dir='ltr'><em>liberant</em></span> <span class='ocrx_word' id='word_1_34' title='bbox 564 525 786 572; x_wconf 72' lang='lat' dir='ltr'><em>determinationem</em></span> <span class='ocrx_word' id='word_1_35' title='bbox 805 532 926 567; x_wconf 72' lang='lat' dir='ltr'><em>creaturae</em></span> <span class='ocrx_word' id='word_1_36' title='bbox 945 526 1053 567; x_wconf 80' lang='lat' dir='ltr'><em>absolate</em></span> 
     </span>
     <span class='ocr_line' id='line_1_6' title="bbox 199 586 1054 639; baseline 0.005 -13"><span class='ocrx_word' id='word_1_37' title='bbox 199 586 341 637; x_wconf 76' lang='lat' dir='ltr'><em>&#39;praevisam</em></span> <span class='ocrx_word' id='word_1_38' title='bbox 365 589 395 629; x_wconf 87' lang='lat' dir='ltr'><em>ab</em></span> <span class='ocrx_word' id='word_1_39' title='bbox 423 588 517 629; x_wconf 85' lang='lat' dir='ltr'><em>aeterno</em></span> <span class='ocrx_word' id='word_1_40' title='bbox 537 587 644 629; x_wconf 87' lang='lat' dir='ltr'><em>absolute</em></span> <span class='ocrx_word' id='word_1_41' title='bbox 665 588 688 629; x_wconf 89' lang='lat' dir='ltr'><em>et</em></span> <span class='ocrx_word' id='word_1_42' title='bbox 707 587 831 630; x_wconf 83' lang='lat' dir='ltr'><em>efficaciter</em></span> <span class='ocrx_word' id='word_1_43' title='bbox 858 588 997 639; x_wconf 74' lang='lat' dir='ltr'><em>decernit,</em></span> <span class='ocrx_word' id='word_1_44' title='bbox 1025 589 1054 630; x_wconf 90' lang='lat' dir='ltr'><em>ut</em></span> 
     </span>
     <span class='ocr_line' id='line_1_7' title="bbox 201 650 1053 701; baseline 0 -10"><span class='ocrx_word' id='word_1_45' title='bbox 201 650 235 691; x_wconf 85' lang='lat' dir='ltr'><em>ab</em></span> <span class='ocrx_word' id='word_1_46' title='bbox 251 651 296 691; x_wconf 91' lang='lat' dir='ltr'><em>hac</em></span> <span class='ocrx_word' id='word_1_47' title='bbox 311 652 420 692; x_wconf 86' lang='lat' dir='ltr'><em>creatura</em></span> <span class='ocrx_word' id='word_1_48' title='bbox 436 650 532 701; x_wconf 76' lang='lat' dir='ltr'><em>aliquod</em></span> <span class='ocrx_word' id='word_1_49' title='bbox 548 650 733 693; x_wconf 85' lang='lat' dir='ltr'><em>determinatum</em></span> <span class='ocrx_word' id='word_1_50' title='bbox 748 658 819 700; x_wconf 86' lang='lat' dir='ltr'><em>opus</em></span> <span class='ocrx_word' id='word_1_51' title='bbox 834 653 937 693; x_wconf 89' lang='lat' dir='ltr'><em>bonum</em></span> <span class='ocrx_word' id='word_1_52' title='bbox 953 653 978 693; x_wconf 90' lang='lat' dir='ltr'><em>in</em></span> <span class='ocrx_word' id='word_1_53' title='bbox 995 652 1053 693; x_wconf 91' lang='lat' dir='ltr'><em>tem-</em></span> 
     </span>
     <span class='ocr_line' id='line_1_8' title="bbox 205 714 1053 767; baseline 0.004 -13"><span class='ocrx_word' id='word_1_54' title='bbox 205 726 262 765; x_wconf 82' lang='lat' dir='ltr'><em>pore</em></span> <span class='ocrx_word' id='word_1_55' title='bbox 274 715 325 756; x_wconf 83' lang='lat' dir='ltr'><em>tiat.</em></span> <span class='ocrx_word' id='word_1_56' title='bbox 338 716 420 764; x_wconf 82' lang='lat' dir='ltr'><em>Quoad</em></span> <span class='ocrx_word' id='word_1_57' title='bbox 431 727 481 756; x_wconf 86' lang='lat' dir='ltr'><em>rem</em></span> <span class='ocrx_word' id='word_1_58' title='bbox 492 716 528 756; x_wconf 84' lang='lat' dir='ltr'><em>est</em></span> <span class='ocrx_word' id='word_1_59' title='bbox 539 716 603 755; x_wconf 90' lang='lat' dir='ltr'><em>idem</em></span> <span class='ocrx_word' id='word_1_60' title='bbox 615 727 642 755; x_wconf 88' lang='lat' dir='ltr'><em>ac</em></span> <span class='ocrx_word' id='word_1_61' title='bbox 653 714 837 766; x_wconf 76' lang='lat' dir='ltr'><em>praedestinatio</em></span> <span class='ocrx_word' id='word_1_62' title='bbox 849 714 951 756; x_wconf 82' lang='lat' dir='ltr'><em>alicuius</em></span> <span class='ocrx_word' id='word_1_63' title='bbox 962 716 1053 767; x_wconf 81' lang='lat' dir='ltr'><em>gratiae</em></span> 
     </span>
     <span class='ocr_line' id='line_1_9' title="bbox 202 778 1052 828; baseline 0 -10"><span class='ocrx_word' id='word_1_64' title='bbox 202 778 313 818; x_wconf 77' lang='lat' dir='ltr'><em>efficacia.</em></span> <span class='ocrx_word' id='word_1_65' title='bbox 331 779 393 819; x_wconf 86' lang='lat' dir='ltr'><em>Haec</em></span> <span class='ocrx_word' id='word_1_66' title='bbox 408 778 576 828; x_wconf 73' lang='lat' dir='ltr'><em>praedefinitio</em></span> <span class='ocrx_word' id='word_1_67' title='bbox 591 779 689 819; x_wconf 86' lang='lat' dir='ltr'><em>vocatur</em></span> <span class='ocrx_word' id='word_1_68' title='bbox 704 778 847 828; x_wconf 77' lang='lat' dir='ltr'><em>formalia,</em></span> <span class='ocrx_word' id='word_1_69' title='bbox 865 779 885 820; x_wconf 91' lang='grc'><em>51</em></span> <span class='ocrx_word' id='word_1_70' title='bbox 901 778 971 828; x_wconf 87' lang='lat' dir='ltr'><em>Deus,</em></span> <span class='ocrx_word' id='word_1_71' title='bbox 988 778 1052 818; x_wconf 87' lang='lat' dir='ltr'><em>ant-</em></span> 
     </span>
     <span class='ocr_line' id='line_1_10' title="bbox 205 840 1107 894; baseline 0.003 -14"><span class='ocrx_word' id='word_1_72' title='bbox 205 852 280 891; x_wconf 84' lang='lat' dir='ltr'><em>quem</em></span> <span class='ocrx_word' id='word_1_73' title='bbox 295 842 320 880; x_wconf 90' lang='lat' dir='ltr'><em>in</em></span> <span class='ocrx_word' id='word_1_74' title='bbox 335 841 480 891; x_wconf 62' lang='lat' dir='ltr'><em>particulari,</em></span> <span class='ocrx_word' id='word_1_75' title='bbox 490 841 601 892; x_wconf 85' lang='lat' dir='ltr'><em>decernat</em></span> <span class='ocrx_word' id='word_1_76' title='bbox 615 840 733 882; x_wconf 85' lang='lat' dir='ltr'><em>auxilium</em></span> <span class='ocrx_word' id='word_1_77' title='bbox 749 842 864 890; x_wconf 87' lang='lat' dir='ltr'><em>dandum,</em></span> <span class='ocrx_word' id='word_1_78' title='bbox 882 842 929 887; x_wconf 83' lang='lat' dir='ltr'><em>iam</em></span> <span class='ocrx_word' id='word_1_79' title='bbox 945 841 1053 883; x_wconf 87' lang='lat' dir='ltr'><em>absolute</em></span> <span class='ocrx_word' id='word_1_80' title='bbox 1106 891 1107 894; x_wconf 11' lang='grc' dir='ltr'><strong>Ἰ</strong></span> 
     </span>
     <span class='ocr_line' id='line_1_11' title="bbox 202 903 1052 954; baseline -0.002 -8"><span class='ocrx_word' id='word_1_81' title='bbox 202 905 311 946; x_wconf 85' lang='lat' dir='ltr'><em>decrevit</em></span> <span class='ocrx_word' id='word_1_82' title='bbox 327 904 493 946; x_wconf 75' lang='lat' dir='ltr'><em>interitionem</em></span> <span class='ocrx_word' id='word_1_83' title='bbox 510 904 584 945; x_wconf 85' lang='lat' dir='ltr'><em>huius</em></span> <span class='ocrx_word' id='word_1_84' title='bbox 600 903 751 950; x_wconf 85' lang='lat' dir='ltr'><em>determinati</em></span> <span class='ocrx_word' id='word_1_85' title='bbox 767 904 840 953; x_wconf 80' lang='lat' dir='ltr'><em>actus,</em></span> <span class='ocrx_word' id='word_1_86' title='bbox 856 904 911 946; x_wconf 85' lang='lat' dir='ltr'><em>aliis</em></span> <span class='ocrx_word' id='word_1_87' title='bbox 926 905 1012 954; x_wconf 86' lang='lat' dir='ltr'><em>verbis,</em></span> <span class='ocrx_word' id='word_1_88' title='bbox 1032 904 1052 952; x_wconf 88' lang='lat' dir='ltr'><em>si</em></span> 
     </span>
     <span class='ocr_line' id='line_1_12' title="bbox 140 960 1107 1018; baseline 0 -11"><span class='ocrx_word' id='word_1_89' title='bbox 140 960 141 963; x_wconf 60' lang='grc'>’</span> <span class='ocrx_word' id='word_1_90' title='bbox 201 967 344 1011; x_wconf 70' lang='lat' dir='ltr'><em>‘immediate</em></span> <span class='ocrx_word' id='word_1_91' title='bbox 358 974 381 1007; x_wconf 86' lang='lat' dir='ltr'><em>et</em></span> <span class='ocrx_word' id='word_1_92' title='bbox 394 968 510 1018; x_wconf 78' lang='lat' dir='ltr'><em>primario</em></span> <span class='ocrx_word' id='word_1_93' title='bbox 524 968 627 1014; x_wconf 76' lang='lat' dir='ltr'><em>intendit</em></span> <span class='ocrx_word' id='word_1_94' title='bbox 643 974 722 1009; x_wconf 84' lang='lat' dir='ltr'><em>ncturn</em></span> <span class='ocrx_word' id='word_1_95' title='bbox 737 968 875 1017; x_wconf 64' lang='lat' dir='ltr'><em>a&#39;oreatura</em></span> <span class='ocrx_word' id='word_1_96' title='bbox 890 967 995 1017; x_wconf 84' lang='lat' dir='ltr'><em>absolute</em></span> <span class='ocrx_word' id='word_1_97' title='bbox 1011 967 1052 1009; x_wconf 86' lang='lat' dir='ltr'><em>eli·</em></span> <span class='ocrx_word' id='word_1_98' title='bbox 1106 1004 1107 1007; x_wconf 75' lang='grc'>,</span> 
     </span>
     <span class='ocr_line' id='line_1_13' title="bbox 198 1027 1107 1083; baseline -0.001 -11"><span class='ocrx_word' id='word_1_99' title='bbox 198 1032 326 1081; x_wconf 79' lang='lat' dir='ltr'><em>ciendum,</em></span> <span class='ocrx_word' id='word_1_100' title='bbox 342 1027 414 1083; x_wconf 88' lang='lat' dir='ltr'><em>atque</em></span> <span class='ocrx_word' id='word_1_101' title='bbox 424 1032 525 1072; x_wconf 83' lang='lat' dir='ltr'><em>nonnisi</em></span> <span class='ocrx_word' id='word_1_102' title='bbox 541 1032 644 1072; x_wconf 83' lang='lat' dir='ltr'><em>mediate</em></span> <span class='ocrx_word' id='word_1_103' title='bbox 661 1038 683 1071; x_wconf 90' lang='lat' dir='ltr'><em>et</em></span> <span class='ocrx_word' id='word_1_104' title='bbox 698 1031 846 1080; x_wconf 82' lang='lat' dir='ltr'><em>secundario,</em></span> <span class='ocrx_word' id='word_1_105' title='bbox 864 1031 913 1072; x_wconf 82' lang='lat' dir='ltr'><em>sive</em></span> <span class='ocrx_word' id='word_1_106' title='bbox 927 1030 1051 1081; x_wconf 76' lang='lat' dir='ltr'><em>tamquam</em></span> <span class='ocrx_word' id='word_1_107' title='bbox 1105 1047 1107 1049; x_wconf 56' lang='grc'>’</span> 
     </span>
     <span class='ocr_line' id='line_1_14' title="bbox 204 1088 1050 1145; baseline -0.001 -10"><span class='ocrx_word' id='word_1_108' title='bbox 204 1096 312 1136; x_wconf 87' lang='lat' dir='ltr'><em>medium</em></span> <span class='ocrx_word' id='word_1_109' title='bbox 325 1095 355 1136; x_wconf 87' lang='lat' dir='ltr'><em>ad</em></span> <span class='ocrx_word' id='word_1_110' title='bbox 366 1088 542 1136; x_wconf 54' lang='lat' dir='ltr'><em>&#39;exsecutionem</em></span> <span class='ocrx_word' id='word_1_111' title='bbox 557 1094 645 1145; x_wconf 86' lang='lat' dir='ltr'><em>prioris</em></span> <span class='ocrx_word' id='word_1_112' title='bbox 659 1093 804 1142; x_wconf 83' lang='lat' dir='ltr'><em>intentionis,</em></span> <span class='ocrx_word' id='word_1_113' title='bbox 821 1094 1050 1145; x_wconf 71' lang='lat' dir='ltr'><em>auctuum-prauae,</em></span> 
     </span>
     <span class='ocr_line' id='line_1_15' title="bbox 201 1156 1107 1209; baseline -0.001 -10"><span class='ocrx_word' id='word_1_114' title='bbox 201 1158 316 1209; x_wconf 83' lang='lat' dir='ltr'><em>quodad</em></span> <span class='ocrx_word' id='word_1_115' title='bbox 332 1158 397 1198; x_wconf 85' lang='lat' dir='ltr'><em>hunc</em></span> <span class='ocrx_word' id='word_1_116' title='bbox 414 1157 493 1198; x_wconf 67' lang='lat' dir='ltr'><em>aetiam</em></span> <span class='ocrx_word' id='word_1_117' title='bbox 509 1157 588 1198; x_wconf 82' lang='lat' dir='ltr'><em>ducat.</em></span> <span class='ocrx_word' id='word_1_118' title='bbox 606 1157 749 1199; x_wconf 87' lang='lat' dir='ltr'><em>Virtualis</em></span> <span class='ocrx_word' id='word_1_119' title='bbox 764 1156 876 1208; x_wconf 88' lang='lat' dir='ltr'><em>tantum</em></span> <span class='ocrx_word' id='word_1_120' title='bbox 892 1157 927 1198; x_wconf 90' lang='lat' dir='ltr'><em>est</em></span> <span class='ocrx_word' id='word_1_121' title='bbox 941 1169 970 1199; x_wconf 88' lang='lat' dir='ltr'><em>ea</em></span> <span class='ocrx_word' id='word_1_122' title='bbox 985 1169 1051 1208; x_wconf 85' lang='lat' dir='ltr'><em>prae·</em></span> <span class='ocrx_word' id='word_1_123' title='bbox 1105 1159 1107 1209; x_wconf 80' lang='lat' dir='ltr'><strong>j</strong></span> 
     </span>
     <span class='ocr_line' id='line_1_16' title="bbox 197 1220 1107 1274; baseline -0.002 -13"><span class='ocrx_word' id='word_1_124' title='bbox 197 1221 323 1269; x_wconf 82' lang='lat' dir='ltr'><em>definitio,</em></span> <span class='ocrx_word' id='word_1_125' title='bbox 342 1222 367 1260; x_wconf 90' lang='lat' dir='ltr'><em>in</em></span> <span class='ocrx_word' id='word_1_126' title='bbox 385 1232 432 1271; x_wconf 86' lang='lat' dir='ltr'><em>qua</em></span> <span class='ocrx_word' id='word_1_127' title='bbox 450 1222 521 1268; x_wconf 90' lang='lat' dir='ltr'><em>Deus,</em></span> <span class='ocrx_word' id='word_1_128' title='bbox 540 1220 641 1261; x_wconf 79' lang='lat' dir='ltr'><em>eftectus</em></span> <span class='ocrx_word' id='word_1_129' title='bbox 658 1221 714 1261; x_wconf 87' lang='lat' dir='ltr'><em>boni</em></span> <span class='ocrx_word' id='word_1_130' title='bbox 732 1232 761 1261; x_wconf 85' lang='lat' dir='ltr'><em>ex</em></span> <span class='ocrx_word' id='word_1_131' title='bbox 779 1220 821 1261; x_wconf 83' lang='lat' dir='ltr'><em>tali</em></span> <span class='ocrx_word' id='word_1_132' title='bbox 840 1220 930 1261; x_wconf 76' lang='lat' dir='ltr'><em>auxilio</em></span> <span class='ocrx_word' id='word_1_133' title='bbox 947 1220 1052 1268; x_wconf 86' lang='lat' dir='ltr'><em>secuturi</em></span> <span class='ocrx_word' id='word_1_134' title='bbox 1105 1224 1107 1274; x_wconf 60' lang='lat' dir='ltr'><strong>j</strong></span> 
     </span>
     <span class='ocr_line' id='line_1_17' title="bbox 199 1279 1107 1336; baseline -0.003 -10"><span class='ocrx_word' id='word_1_135' title='bbox 199 1279 333 1336; x_wconf 73' lang='lat' dir='ltr'><em>praescius,</em></span> <span class='ocrx_word' id='word_1_136' title='bbox 346 1286 391 1325; x_wconf 87' lang='lat' dir='ltr'><em>hoc</em></span> <span class='ocrx_word' id='word_1_137' title='bbox 402 1285 520 1336; x_wconf 81' lang='lat' dir='ltr'><em>auxilium</em></span> <span class='ocrx_word' id='word_1_138' title='bbox 532 1285 556 1325; x_wconf 88' lang='lat' dir='ltr'><em>et</em></span> <span class='ocrx_word' id='word_1_139' title='bbox 567 1296 610 1336; x_wconf 83' lang='lat' dir='ltr'><em>per</em></span> <span class='ocrx_word' id='word_1_140' title='bbox 622 1283 683 1325; x_wconf 87' lang='lat' dir='ltr'><em>illud</em></span> <span class='ocrx_word' id='word_1_141' title='bbox 695 1284 775 1325; x_wconf 83' lang='lat' dir='ltr'><em>actum</em></span> <span class='ocrx_word' id='word_1_142' title='bbox 788 1284 879 1324; x_wconf 88' lang='lat' dir='ltr'><em>bonum</em></span> <span class='ocrx_word' id='word_1_143' title='bbox 891 1282 1052 1324; x_wconf 77' lang='lat' dir='ltr'><em>infallibiliter</em></span> <span class='ocrx_word' id='word_1_144' title='bbox 1105 1279 1107 1327; x_wconf 68' lang='grc' dir='ltr'>ζ</span> 
     </span>
     <span class='ocr_line' id='line_1_18' title="bbox 199 1346 1051 1397; baseline -0.004 -8"><span class='ocrx_word' id='word_1_145' title='bbox 199 1360 260 1397; x_wconf 59' lang='lat' dir='ltr'><em>scum</em></span> <span class='ocrx_word' id='word_1_146' title='bbox 275 1348 357 1389; x_wconf 88' lang='lat' dir='ltr'><em>eodem</em></span> <span class='ocrx_word' id='word_1_147' title='bbox 373 1359 461 1388; x_wconf 80' lang='lat' dir='ltr'><em>nexum</em></span> <span class='ocrx_word' id='word_1_148' title='bbox 476 1348 533 1388; x_wconf 86' lang='lat' dir='ltr'><em>dare</em></span> <span class='ocrx_word' id='word_1_149' title='bbox 547 1346 659 1388; x_wconf 84' lang='lat' dir='ltr'><em>decernit.</em></span> <span class='ocrx_word' id='word_1_150' title='bbox 676 1346 714 1387; x_wconf 86' lang='lat' dir='ltr'><em>Sic</em></span> <span class='ocrx_word' id='word_1_151' title='bbox 728 1346 828 1387; x_wconf 88' lang='lat' dir='ltr'><em>intentio</em></span> <span class='ocrx_word' id='word_1_152' title='bbox 842 1346 924 1387; x_wconf 77' lang='lat' dir='ltr'><em>divina</em></span> <span class='ocrx_word' id='word_1_153' title='bbox 938 1347 1011 1387; x_wconf 75' lang='lat' dir='ltr'><em>sanat</em></span> <span class='ocrx_word' id='word_1_154' title='bbox 1025 1348 1051 1386; x_wconf 81' lang='lat' dir='ltr'><em>tn</em></span> 
     </span>
     <span class='ocr_line' id='line_1_19' title="bbox 201 1408 1051 1462; baseline -0.002 -11"><span class='ocrx_word' id='word_1_155' title='bbox 201 1417 335 1462; x_wconf 77' lang='lat' dir='ltr'><em>utrumque</em></span> <span class='ocrx_word' id='word_1_156' title='bbox 348 1411 433 1458; x_wconf 82' lang='lat' dir='ltr'><em>¹fertur,</em></span> <span class='ocrx_word' id='word_1_157' title='bbox 451 1410 492 1450; x_wconf 86' lang='lat' dir='ltr'><em>sed</em></span> <span class='ocrx_word' id='word_1_158' title='bbox 506 1410 669 1450; x_wconf 79' lang='lat' dir='ltr'><em>irnnaediatias</em></span> <span class='ocrx_word' id='word_1_159' title='bbox 684 1411 710 1450; x_wconf 80' lang='lat' dir='ltr'><em>t&#39;n</em></span> <span class='ocrx_word' id='word_1_160' title='bbox 725 1411 828 1460; x_wconf 73' lang='lat' dir='ltr'><em>arationi</em></span> <span class='ocrx_word' id='word_1_161' title='bbox 842 1420 915 1460; x_wconf 82' lang='lat' dir='ltr'><em>quam</em></span> <span class='ocrx_word' id='word_1_162' title='bbox 931 1408 1051 1450; x_wconf 82' lang='lat' dir='ltr'><em>inactum</em></span> 
     </span>
     <span class='ocr_line' id='line_1_20' title="bbox 201 1471 1051 1526; baseline -0.002 -12"><span class='ocrx_word' id='word_1_163' title='bbox 201 1474 303 1515; x_wconf 82' lang='lat' dir='ltr'><em>honum.</em></span> <span class='ocrx_word' id='word_1_164' title='bbox 320 1499 351 1505; x_wconf 75' lang='lat'><em>--</em></span> <span class='ocrx_word' id='word_1_165' title='bbox 363 1472 534 1514; x_wconf 83' lang='lat' dir='ltr'><em>Praedefinitio</em></span> <span class='ocrx_word' id='word_1_166' title='bbox 550 1472 658 1513; x_wconf 78' lang='lat' dir='ltr'><em>formalis</em></span> <span class='ocrx_word' id='word_1_167' title='bbox 672 1471 774 1526; x_wconf 83' lang='lat' dir='ltr'><em>gratiam</em></span> <span class='ocrx_word' id='word_1_168' title='bbox 791 1472 907 1513; x_wconf 76' lang='lat' dir='ltr'><em>efficacem</em></span> <span class='ocrx_word' id='word_1_169' title='bbox 923 1471 1051 1522; x_wconf 88' lang='lat' dir='ltr'><em>praedesti·</em></span> 
     </span>
     <span class='ocr_line' id='line_1_21' title="bbox 201 1536 1050 1595; baseline -0.002 -16"><span class='ocrx_word' id='word_1_170' title='bbox 201 1539 252 1587; x_wconf 82' lang='lat' dir='ltr'><em>nat,</em></span> <span class='ocrx_word' id='word_1_171' title='bbox 263 1538 340 1589; x_wconf 86' lang='lat' dir='ltr'><em>-quia</em></span> <span class='ocrx_word' id='word_1_172' title='bbox 357 1537 393 1583; x_wconf 83' lang='lat' dir='ltr'><em>est</em></span> <span class='ocrx_word' id='word_1_173' title='bbox 409 1536 490 1578; x_wconf 88' lang='lat' dir='ltr'><em>efficax</em></span> <span class='ocrx_word' id='word_1_174' title='bbox 508 1537 556 1578; x_wconf 85' lang='lat' dir='ltr'><em>sive</em></span> <span class='ocrx_word' id='word_1_175' title='bbox 575 1548 623 1594; x_wconf 87' lang='lat' dir='ltr'><em>qua</em></span> <span class='ocrx_word' id='word_1_176' title='bbox 640 1538 746 1578; x_wconf 86' lang='lat' dir='ltr'><em>medium</em></span> <span class='ocrx_word' id='word_1_177' title='bbox 764 1537 896 1578; x_wconf 86' lang='lat' dir='ltr'><em>necessario</em></span> <span class='ocrx_word' id='word_1_178' title='bbox 914 1536 1050 1595; x_wconf 79' lang='lat' dir='ltr'><em>eligendum</em></span> 
     </span>
     <span class='ocr_line' id='line_1_22' title="bbox 197 1601 1051 1650; baseline -0.002 -7"><span class='ocrx_word' id='word_1_179' title='bbox 197 1604 234 1650; x_wconf 55' lang='lat' dir='ltr'><em>,ad</em></span> <span class='ocrx_word' id='word_1_180' title='bbox 253 1602 330 1643; x_wconf 84' lang='lat' dir='ltr'><em>finem</em></span> <span class='ocrx_word' id='word_1_181' title='bbox 348 1603 397 1643; x_wconf 90' lang='lat' dir='ltr'><em>iam</em></span> <span class='ocrx_word' id='word_1_182' title='bbox 416 1602 583 1643; x_wconf 28' lang='lat' dir='ltr'><em>antecedenter*</em></span> <span class='ocrx_word' id='word_1_183' title='bbox 599 1601 704 1643; x_wconf 85' lang='lat' dir='ltr'><em>absolute</em></span> <span class='ocrx_word' id='word_1_184' title='bbox 723 1601 850 1650; x_wconf 84' lang='lat' dir='ltr'><em>intentum,</em></span> <span class='ocrx_word' id='word_1_185' title='bbox 872 1602 921 1642; x_wconf 84' lang='lat' dir='ltr'><em>scil.</em></span> <span class='ocrx_word' id='word_1_186' title='bbox 941 1603 973 1643; x_wconf 88' lang='lat' dir='ltr'><em>ad</em></span> <span class='ocrx_word' id='word_1_187' title='bbox 991 1602 1051 1642; x_wconf 80' lang='grc'><strong>01111-</strong></span> 
     </span>
     <span class='ocr_line' id='line_1_23' title="bbox 201 1657 1049 1717; baseline -0.002 -9"><span class='ocrx_word' id='word_1_188' title='bbox 201 1668 312 1708; x_wconf 86' lang='lat' dir='ltr'><em>nendum</em></span> <span class='ocrx_word' id='word_1_189' title='bbox 336 1667 415 1708; x_wconf 85' lang='lat' dir='ltr'><em>actum</em></span> <span class='ocrx_word' id='word_1_190' title='bbox 437 1668 530 1707; x_wconf 86' lang='lat' dir='ltr'><em>honum</em></span> <span class='ocrx_word' id='word_1_191' title='bbox 545 1666 593 1708; x_wconf 89' lang='lat' dir='ltr'><em>iam</em></span> <span class='ocrx_word' id='word_1_192' title='bbox 611 1657 705 1716; x_wconf 73' lang='lat' dir='ltr'><em>praevie</em></span> <span class='ocrx_word' id='word_1_193' title='bbox 723 1667 830 1707; x_wconf 77' lang='lat' dir='ltr'><em>absolute</em></span> <span class='ocrx_word' id='word_1_194' title='bbox 855 1666 1049 1717; x_wconf 78' lang='lat' dir='ltr'><em>praedefinitum.</em></span> 
     </span>
     <span class='ocr_line' id='line_1_24' title="bbox 196 1729 1051 1780; baseline 0.002 -10"><span class='ocrx_word' id='word_1_195' title='bbox 196 1731 306 1780; x_wconf 80' lang='lat' dir='ltr'><em>Econtra</em></span> <span class='ocrx_word' id='word_1_196' title='bbox 320 1729 431 1770; x_wconf 80' lang='lat' dir='ltr'><em>virtualis</em></span> <span class='ocrx_word' id='word_1_197' title='bbox 439 1729 614 1780; x_wconf 81' lang='lat' dir='ltr'><em>praedefinitio</em></span> <span class='ocrx_word' id='word_1_198' title='bbox 627 1729 789 1780; x_wconf 86' lang='lat' dir='ltr'><em>praedestinat</em></span> <span class='ocrx_word' id='word_1_199' title='bbox 803 1729 912 1779; x_wconf 70' lang='lat' dir='ltr'><em>granam,</em></span> <span class='ocrx_word' id='word_1_200' title='bbox 929 1741 999 1780; x_wconf 85' lang='lat' dir='ltr'><em>quae</em></span> <span class='ocrx_word' id='word_1_201' title='bbox 1016 1729 1051 1770; x_wconf 86' lang='lat' dir='ltr'><em>est</em></span> 
     </span>
     <span class='ocr_line' id='line_1_25' title="bbox 200 1791 1048 1843; baseline -0.001 -10"><span class='ocrx_word' id='word_1_202' title='bbox 200 1793 292 1839; x_wconf 80' lang='lat' dir='ltr'><em>efficax,</em></span> <span class='ocrx_word' id='word_1_203' title='bbox 319 1804 419 1842; x_wconf 85' lang='lat' dir='ltr'><em>eamque</em></span> <span class='ocrx_word' id='word_1_204' title='bbox 444 1804 498 1843; x_wconf 84' lang='lat' dir='ltr'><em>qua</em></span> <span class='ocrx_word' id='word_1_205' title='bbox 524 1791 641 1832; x_wconf 85' lang='lat' dir='ltr'><em>efficacem</em></span> <span class='ocrx_word' id='word_1_206' title='bbox 666 1792 761 1832; x_wconf 88' lang='lat' dir='ltr'><em>nonnisi</em></span> <span class='ocrx_word' id='word_1_207' title='bbox 788 1792 943 1832; x_wconf 84' lang='lat' dir='ltr'><em>secundum</em></span> <span class='ocrx_word' id='word_1_208' title='bbox 968 1791 1048 1843; x_wconf 83' lang='lat' dir='ltr'><em>quid,</em></span> 
     </span>
     <span class='ocr_line' id='line_1_26' title="bbox 203 1854 1105 1906; baseline -0.004 -11"><span class='ocrx_word' id='word_1_209' title='bbox 203 1866 290 1905; x_wconf 85' lang='lat' dir='ltr'><em>nempe</em></span> <span class='ocrx_word' id='word_1_210' title='bbox 304 1856 500 1906; x_wconf 73' lang='lat' dir='ltr'><em>praecisamque</em></span> <span class='ocrx_word' id='word_1_211' title='bbox 515 1854 639 1895; x_wconf 85' lang='lat' dir='ltr'><em>efficacem.</em></span> <span class='ocrx_word' id='word_1_212' title='bbox 1103 1854 1105 1857; x_wconf 88' lang='grc'><strong>’</strong></span> 
     </span>
    </p>
   </div>
   <div class='ocr_carea' id='block_1_3' title="bbox 140 1978 715 2061">
    <p class='ocr_par' dir='ltr' id='par_1_3' title="bbox 140 1978 715 2061">
     <span class='ocr_line' id='line_1_27' title="bbox 140 1978 715 2061; baseline 0 -11"><span class='ocrx_word' id='word_1_213' title='bbox 140 2004 142 2010; x_wconf 75' lang='grc'><strong>“</strong></span> <span class='ocrx_word' id='word_1_214' title='bbox 199 1978 258 2050; x_wconf 53' lang='grc' dir='ltr'><em>ζῚ648.</em></span> <span class='ocrx_word' id='word_1_215' title='bbox 295 2009 378 2050; x_wconf 83' lang='lat' dir='ltr'><em>Fusior</em></span> <span class='ocrx_word' id='word_1_216' title='bbox 394 1997 566 2050; x_wconf 82' lang='lat' dir='ltr'><em>sententiarum</em></span> <span class='ocrx_word' id='word_1_217' title='bbox 582 2008 715 2061; x_wconf 74' lang='lat' dir='ltr'><em>explicatio.</em></span> 
     </span>
    </p>
   </div>
   <div class='ocr_carea' id='block_1_4' title="bbox 199 2098 1107 2279">
    <p class='ocr_par' dir='ltr' id='par_1_4' title="bbox 199 2088 1107 2279">
     <span class='ocr_line' id='line_1_28' title="bbox 272 2098 1050 2153; baseline -0.005 -12"><span class='ocrx_word' id='word_1_218' title='bbox 272 2100 291 2141; x_wconf 89' lang='lat'><em>1.</em></span> <span class='ocrx_word' id='word_1_219' title='bbox 309 2099 420 2151; x_wconf 80' lang='lat' dir='ltr'><em>systema</em></span> <span class='ocrx_word' id='word_1_220' title='bbox 435 2099 660 2153; x_wconf 81' lang='lat' dir='ltr'><em>praedestinationis</em></span> <span class='ocrx_word' id='word_1_221' title='bbox 676 2098 858 2152; x_wconf 69' lang='lat' dir='ltr'><em>ante&#39;praevis&#39;a</em></span> <span class='ocrx_word' id='word_1_222' title='bbox 872 2100 956 2141; x_wconf 82' lang='lat' dir='ltr'><em>merita</em></span> <span class='ocrx_word' id='word_1_223' title='bbox 972 2112 1050 2142; x_wconf 87' lang='lat' dir='ltr'><em>neces-</em></span> 
     </span>
     <span class='ocr_line' id='line_1_29' title="bbox 200 2163 1051 2223; baseline 0.001 -18"><span class='ocrx_word' id='word_1_224' title='bbox 200 2164 267 2205; x_wconf 44' lang='lat' dir='ltr'><em>&#39;sario</em></span> <span class='ocrx_word' id='word_1_225' title='bbox 282 2175 362 2205; x_wconf 84' lang='lat' dir='ltr'><em>secum</em></span> <span class='ocrx_word' id='word_1_226' title='bbox 377 2165 424 2205; x_wconf 78' lang='lat' dir='ltr'><em>fert</em></span> <span class='ocrx_word' id='word_1_227' title='bbox 436 2163 658 2217; x_wconf 78' lang='lat' dir='ltr'><em>praedefinitionem</em></span> <span class='ocrx_word' id='word_1_228' title='bbox 672 2163 805 2205; x_wconf 79' lang='lat' dir='ltr'><em>formalem.</em></span> <span class='ocrx_word' id='word_1_229' title='bbox 824 2164 936 2221; x_wconf 82' lang='lat' dir='ltr'><em>Rigorose</em></span> <span class='ocrx_word' id='word_1_230' title='bbox 952 2165 1051 2223; x_wconf 82' lang='lat' dir='ltr'><em>adhibet</em></span> 
     </span>
     <span class='ocr_line' id='line_1_30' title="bbox 199 2225 1107 2279; baseline 0.001 -11"><span class='ocrx_word' id='word_1_231' title='bbox 199 2229 363 2279; x_wconf 81' lang='lat' dir='ltr'><em>principium:</em></span> <span class='ocrx_word' id='word_1_232' title='bbox 379 2229 489 2268; x_wconf 78' lang='lat' dir='ltr'><em>Primum</em></span> <span class='ocrx_word' id='word_1_233' title='bbox 500 2229 527 2268; x_wconf 87' lang='lat' dir='ltr'><em>r&#39;n</em></span> <span class='ocrx_word' id='word_1_234' title='bbox 539 2229 669 2274; x_wconf 76' lang='lat' dir='ltr'><em>intentione</em></span> <span class='ocrx_word' id='word_1_235' title='bbox 682 2235 716 2269; x_wconf 82' lang='lat' dir='ltr'><em>est</em></span> <span class='ocrx_word' id='word_1_236' title='bbox 727 2228 842 2269; x_wconf 73' lang='lat' dir='ltr'><em>aternani</em></span> <span class='ocrx_word' id='word_1_237' title='bbox 854 2230 1048 2271; x_wconf 80' lang='lat' dir='ltr'><em>tnenseann&#39;one.</em></span> <span class='ocrx_word' id='word_1_238' title='bbox 1103 2225 1107 2269; x_wconf 73' lang='grc' dir='ltr'><em>’ἶ</em></span> 
     </span>
    </p>
   </div>
   <div class='ocr_carea' id='block_1_5' title="bbox 203 2291 1045 2344">
    <p class='ocr_par' dir='ltr' id='par_1_5' title="bbox 203 2291 1107 2344">
     <span class='ocr_line' id='line_1_31' title="bbox 203 2291 1045 2344; baseline 0.001 -12"><span class='ocrx_word' id='word_1_239' title='bbox 203 2293 281 2342; x_wconf 82' lang='lat' dir='ltr'><em>Quare</em></span> <span class='ocrx_word' id='word_1_240' title='bbox 306 2293 330 2333; x_wconf 87' lang='lat' dir='ltr'><em>iu</em></span> <span class='ocrx_word' id='word_1_241' title='bbox 353 2292 433 2334; x_wconf 87' lang='lat' dir='ltr'><em>ordine</em></span> <span class='ocrx_word' id='word_1_242' title='bbox 456 2291 594 2333; x_wconf 80' lang='lat' dir='ltr'><em>intentionis</em></span> <span class='ocrx_word' id='word_1_243' title='bbox 618 2293 675 2333; x_wconf 89' lang='lat' dir='ltr'><em>haec</em></span> <span class='ocrx_word' id='word_1_244' title='bbox 701 2292 783 2334; x_wconf 83' lang='lat' dir='ltr'><em>statuit</em></span> <span class='ocrx_word' id='word_1_245' title='bbox 807 2293 889 2344; x_wconf 82' lang='lat' dir='ltr'><em>signa</em></span> <span class='ocrx_word' id='word_1_246' title='bbox 910 2294 1045 2335; x_wconf 85' lang='lat' dir='ltr'><em>rationis:</em></span> 
     </span>
    </p>
   </div>
   <div class='ocr_carea' id='block_1_6' title="bbox 198 2350 1051 3051">
    <p class='ocr_par' dir='ltr' id='par_1_6' title="bbox 198 2349 1107 3062">
     <span class='ocr_line' id='line_1_32' title="bbox 200 2350 1051 2411; baseline 0.002 -14"><span class='ocrx_word' id='word_1_247' title='bbox 200 2350 228 2397; x_wconf 67' lang='grc' dir='ltr'><em>-1ζ</em></span> <span class='ocrx_word' id='word_1_248' title='bbox 236 2357 300 2398; x_wconf 88' lang='lat' dir='ltr'><em>Deus</em></span> <span class='ocrx_word' id='word_1_249' title='bbox 313 2367 396 2397; x_wconf 86' lang='lat' dir='ltr'><em>omnes</em></span> <span class='ocrx_word' id='word_1_250' title='bbox 409 2367 551 2407; x_wconf 76' lang='lat' dir='ltr'><em>cognoscens</em></span> <span class='ocrx_word' id='word_1_251' title='bbox 565 2357 668 2398; x_wconf 86' lang='lat' dir='ltr'><em>mundos</em></span> <span class='ocrx_word' id='word_1_252' title='bbox 681 2357 813 2408; x_wconf 82' lang='lat' dir='ltr'><em>possibiles,</em></span> <span class='ocrx_word' id='word_1_253' title='bbox 829 2358 927 2411; x_wconf 88' lang='lat' dir='ltr'><em>omuino</em></span> <span class='ocrx_word' id='word_1_254' title='bbox 939 2352 1014 2401; x_wconf 81' lang='lat' dir='ltr'><em>linere</em></span> <span class='ocrx_word' id='word_1_255' title='bbox 1027 2359 1051 2400; x_wconf 91' lang='lat' dir='ltr'><em>et</em></span> 
     </span>
     <span class='ocr_line' id='line_1_33' title="bbox 200 2419 1050 2474; baseline 0.004 -13"><span class='ocrx_word' id='word_1_256' title='bbox 200 2422 255 2463; x_wconf 85' lang='lat' dir='ltr'><em>siue</em></span> <span class='ocrx_word' id='word_1_257' title='bbox 270 2422 378 2472; x_wconf 86' lang='lat' dir='ltr'><em>respectu</em></span> <span class='ocrx_word' id='word_1_258' title='bbox 395 2422 425 2463; x_wconf 85' lang='lat' dir='ltr'><em>ad</em></span> <span class='ocrx_word' id='word_1_259' title='bbox 440 2433 514 2474; x_wconf 86' lang='lat' dir='ltr'><em>opera</em></span> <span class='ocrx_word' id='word_1_260' title='bbox 530 2421 692 2463; x_wconf 86' lang='lat' dir='ltr'><em>creaturarum</em></span> <span class='ocrx_word' id='word_1_261' title='bbox 707 2421 839 2464; x_wconf 85' lang='lat' dir='ltr'><em>liberarum</em></span> <span class='ocrx_word' id='word_1_262' title='bbox 855 2423 986 2465; x_wconf 88' lang='lat' dir='ltr'><em>absolute</em></span> <span class='ocrx_word' id='word_1_263' title='bbox 1004 2419 1050 2464; x_wconf 64' lang='lat' dir='ltr'><em>de&#39;-</em></span> 
     </span>
     <span class='ocr_line' id='line_1_34' title="bbox 199 2484 1050 2540; baseline 0.001 -12"><span class='ocrx_word' id='word_1_264' title='bbox 199 2486 297 2528; x_wconf 85' lang='lat' dir='ltr'><em>cernit</em></span> <span class='ocrx_word' id='word_1_265' title='bbox 317 2498 396 2528; x_wconf 86' lang='lat' dir='ltr'><em>creare</em></span> <span class='ocrx_word' id='word_1_266' title='bbox 413 2486 520 2537; x_wconf 84' lang='lat' dir='ltr'><em>aliquem</em></span> <span class='ocrx_word' id='word_1_267' title='bbox 540 2485 666 2536; x_wconf 83' lang='lat' dir='ltr'><em>mundum,</em></span> <span class='ocrx_word' id='word_1_268' title='bbox 688 2488 757 2529; x_wconf 86' lang='lat' dir='ltr'><em>cuius</em></span> <span class='ocrx_word' id='word_1_269' title='bbox 778 2484 895 2529; x_wconf 87' lang='lat' dir='ltr'><em>terminus</em></span> <span class='ocrx_word' id='word_1_270' title='bbox 908 2487 999 2540; x_wconf 78' lang='lat' dir='ltr'><em>finalis</em></span> <span class='ocrx_word' id='word_1_271' title='bbox 1020 2488 1050 2529; x_wconf 87' lang='lat' dir='ltr'><em>sit</em></span> 
     </span>
     <span class='ocr_line' id='line_1_35' title="bbox 202 2550 1049 2605; baseline 0.003 -14"><span class='ocrx_word' id='word_1_272' title='bbox 202 2550 301 2602; x_wconf 80' lang='lat' dir='ltr'><em>aliquod</em></span> <span class='ocrx_word' id='word_1_273' title='bbox 320 2561 438 2602; x_wconf 78' lang='lat' dir='ltr'><em>regnum</em></span> <span class='ocrx_word' id='word_1_274' title='bbox 457 2550 607 2591; x_wconf 83' lang='lat' dir='ltr'><em>beatorum</em></span> <span class='ocrx_word' id='word_1_275' title='bbox 626 2552 704 2603; x_wconf 89' lang='lat' dir='ltr'><em>quoad</em></span> <span class='ocrx_word' id='word_1_276' title='bbox 722 2562 837 2604; x_wconf 86' lang='lat' dir='ltr'><em>personas</em></span> <span class='ocrx_word' id='word_1_277' title='bbox 855 2552 878 2593; x_wconf 89' lang='lat' dir='ltr'><em>et</em></span> <span class='ocrx_word' id='word_1_278' title='bbox 895 2553 976 2594; x_wconf 86' lang='lat' dir='ltr'><em>omnia</em></span> <span class='ocrx_word' id='word_1_279' title='bbox 996 2563 1049 2605; x_wconf 73' lang='lat' dir='ltr'><em>par·</em></span> 
     </span>
     <span class='ocr_line' id='line_1_36' title="bbox 199 2609 1049 2668; baseline 0.002 -13"><span class='ocrx_word' id='word_1_280' title='bbox 199 2609 314 2655; x_wconf 84' lang='lat' dir='ltr'><em>ticularia</em></span> <span class='ocrx_word' id='word_1_281' title='bbox 326 2625 425 2666; x_wconf 85' lang='lat' dir='ltr'><em>prorsus</em></span> <span class='ocrx_word' id='word_1_282' title='bbox 438 2614 668 2657; x_wconf 86' lang='lat' dir='ltr'><em>determinatum.</em></span> <span class='ocrx_word' id='word_1_283' title='bbox 686 2615 753 2657; x_wconf 87' lang='lat' dir='ltr'><em>Sicut</em></span> <span class='ocrx_word' id='word_1_284' title='bbox 768 2609 908 2658; x_wconf 81' lang='lat' dir='ltr'><em>architectus</em></span> <span class='ocrx_word' id='word_1_285' title='bbox 924 2619 988 2659; x_wconf 90' lang='lat' dir='ltr'><em>Deus</em></span> <span class='ocrx_word' id='word_1_286' title='bbox 1001 2618 1049 2668; x_wconf 85' lang='lat' dir='ltr'><em>pri-</em></span> 
     </span>
     <span class='ocr_line' id='line_1_37' title="bbox 201 2675 1049 2730; baseline 0.004 -12"><span class='ocrx_word' id='word_1_287' title='bbox 201 2690 241 2719; x_wconf 89' lang='lat' dir='ltr'><em>mo</em></span> <span class='ocrx_word' id='word_1_288' title='bbox 256 2679 314 2720; x_wconf 83' lang='lat' dir='ltr'><em>iacit</em></span> <span class='ocrx_word' id='word_1_289' title='bbox 327 2680 396 2730; x_wconf 82' lang='lat' dir='ltr'><em>quasi</em></span> <span class='ocrx_word' id='word_1_290' title='bbox 410 2679 517 2730; x_wconf 85' lang='lat' dir='ltr'><em>aliquam</em></span> <span class='ocrx_word' id='word_1_291' title='bbox 531 2675 715 2728; x_wconf 80' lang='lat' dir='ltr'><em>descriptionem</em></span> <span class='ocrx_word' id='word_1_292' title='bbox 728 2680 865 2722; x_wconf 86' lang='lat' dir='ltr'><em>condendae</em></span> <span class='ocrx_word' id='word_1_293' title='bbox 877 2682 943 2722; x_wconf 81' lang='lat' dir='ltr'><em>artis</em></span> <span class='ocrx_word' id='word_1_294' title='bbox 958 2682 1049 2722; x_wconf 84' lang='lat' dir='ltr'><em>lerusa-</em></span> 
     </span>
     <span class='ocr_line' id='line_1_38' title="bbox 198 2742 1050 2797; baseline 0.006 -16"><span class='ocrx_word' id='word_1_295' title='bbox 198 2742 251 2782; x_wconf 78' lang='lat' dir='ltr'><em>tene</em></span> <span class='ocrx_word' id='word_1_296' title='bbox 268 2743 381 2792; x_wconf 75' lang='lat' dir='ltr'><em>caelestis,</em></span> <span class='ocrx_word' id='word_1_297' title='bbox 399 2755 460 2794; x_wconf 86' lang='lat' dir='ltr'><em>quae</em></span> <span class='ocrx_word' id='word_1_298' title='bbox 476 2743 564 2784; x_wconf 88' lang='lat' dir='ltr'><em>habeat</em></span> <span class='ocrx_word' id='word_1_299' title='bbox 580 2743 614 2784; x_wconf 87' lang='lat' dir='ltr'><em>tot</em></span> <span class='ocrx_word' id='word_1_300' title='bbox 630 2743 800 2785; x_wconf 85' lang='lat' dir='ltr'><em>determinatas</em></span> <span class='ocrx_word' id='word_1_301' title='bbox 816 2744 884 2786; x_wconf 86' lang='lat' dir='ltr'><em>sedes</em></span> <span class='ocrx_word' id='word_1_302' title='bbox 899 2757 914 2786; x_wconf 92' lang='lat' dir='ltr'><em>a</em></span> <span class='ocrx_word' id='word_1_303' title='bbox 931 2746 1050 2797; x_wconf 86' lang='lat' dir='ltr'><em>supremis</em></span> 
     </span>
     <span class='ocr_line' id='line_1_39' title="bbox 202 2803 1049 2861; baseline 0.006 -14"><span class='ocrx_word' id='word_1_304' title='bbox 202 2803 278 2857; x_wconf 85' lang='lat' dir='ltr'><em>usque</em></span> <span class='ocrx_word' id='word_1_305' title='bbox 292 2807 322 2847; x_wconf 89' lang='lat' dir='ltr'><em>ad</em></span> <span class='ocrx_word' id='word_1_306' title='bbox 336 2807 441 2857; x_wconf 79' lang='lat' dir='ltr'><em>intimae,</em></span> <span class='ocrx_word' id='word_1_307' title='bbox 456 2809 480 2850; x_wconf 90' lang='lat' dir='ltr'><em>et</em></span> <span class='ocrx_word' id='word_1_308' title='bbox 492 2808 565 2849; x_wconf 89' lang='lat' dir='ltr'><em>simul</em></span> <span class='ocrx_word' id='word_1_309' title='bbox 578 2809 746 2859; x_wconf 86' lang='lat' dir='ltr'><em>praedestinat,</em></span> <span class='ocrx_word' id='word_1_310' title='bbox 762 2822 822 2861; x_wconf 87' lang='lat' dir='ltr'><em>quae</em></span> <span class='ocrx_word' id='word_1_311' title='bbox 835 2809 972 2852; x_wconf 88' lang='lat' dir='ltr'><em>individuae</em></span> <span class='ocrx_word' id='word_1_312' title='bbox 986 2805 1049 2851; x_wconf 84' lang='lat' dir='ltr'><em>area·</em></span> 
     </span>
     <span class='ocr_line' id='line_1_40' title="bbox 200 2871 1049 2925; baseline 0.003 -13"><span class='ocrx_word' id='word_1_313' title='bbox 200 2871 270 2912; x_wconf 84' lang='lat' dir='ltr'><em>turae</em></span> <span class='ocrx_word' id='word_1_314' title='bbox 286 2871 420 2921; x_wconf 85' lang='lat' dir='ltr'><em>rationales,</em></span> <span class='ocrx_word' id='word_1_315' title='bbox 436 2872 515 2924; x_wconf 86' lang='lat' dir='ltr'><em>angeli</em></span> <span class='ocrx_word' id='word_1_316' title='bbox 532 2872 580 2912; x_wconf 86' lang='lat' dir='ltr'><em>scil.</em></span> <span class='ocrx_word' id='word_1_317' title='bbox 596 2872 620 2914; x_wconf 89' lang='lat' dir='ltr'><em>et</em></span> <span class='ocrx_word' id='word_1_318' title='bbox 633 2873 750 2923; x_wconf 82' lang='lat' dir='ltr'><em>homines,</em></span> <span class='ocrx_word' id='word_1_319' title='bbox 766 2873 874 2925; x_wconf 76' lang='lat' dir='ltr'><em>singutas</em></span> <span class='ocrx_word' id='word_1_320' title='bbox 887 2875 955 2915; x_wconf 90' lang='lat' dir='ltr'><em>sedes</em></span> <span class='ocrx_word' id='word_1_321' title='bbox 969 2886 1049 2915; x_wconf 84' lang='lat' dir='ltr'><em>ascen-</em></span> 
     </span>
     <span class='ocr_line' id='line_1_41' title="bbox 199 2935 1049 2989; baseline 0.004 -13"><span class='ocrx_word' id='word_1_322' title='bbox 199 2947 272 2976; x_wconf 87' lang='lat' dir='ltr'><em>surae</em></span> <span class='ocrx_word' id='word_1_323' title='bbox 288 2935 342 2976; x_wconf 79' lang='lat' dir='ltr'><em>sint.</em></span> <span class='ocrx_word' id='word_1_324' title='bbox 358 2937 448 2978; x_wconf 80' lang='lat' dir='ltr'><em>Multas</em></span> <span class='ocrx_word' id='word_1_325' title='bbox 461 2937 521 2977; x_wconf 82' lang='lat' dir='ltr'><em>alias</em></span> <span class='ocrx_word' id='word_1_326' title='bbox 533 2937 652 2978; x_wconf 85' lang='lat' dir='ltr'><em>creaturas</em></span> <span class='ocrx_word' id='word_1_327' title='bbox 667 2938 801 2987; x_wconf 82' lang='lat' dir='ltr'><em>rationales,</em></span> <span class='ocrx_word' id='word_1_328' title='bbox 818 2950 878 2989; x_wconf 85' lang='lat' dir='ltr'><em>quas</em></span> <span class='ocrx_word' id='word_1_329' title='bbox 891 2939 949 2980; x_wconf 90' lang='lat' dir='ltr'><em>item</em></span> <span class='ocrx_word' id='word_1_330' title='bbox 964 2939 1049 2980; x_wconf 66' lang='lat' dir='ltr'><em>in‘hoo</em></span> 
     </span>
     <span class='ocr_line' id='line_1_42' title="bbox 198 3000 1049 3051; baseline 0.004 -10"><span class='ocrx_word' id='word_1_331' title='bbox 198 3000 270 3051; x_wconf 75' lang='lat' dir='ltr'><em>signo</em></span> <span class='ocrx_word' id='word_1_332' title='bbox 287 3011 365 3041; x_wconf 82' lang='lat' dir='ltr'><em>creare</em></span> <span class='ocrx_word' id='word_1_333' title='bbox 381 3001 493 3051; x_wconf 86' lang='lat' dir='ltr'><em>decernit,</em></span> <span class='ocrx_word' id='word_1_334' title='bbox 511 3002 537 3041; x_wconf 91' lang='lat' dir='ltr'><em>in</em></span> <span class='ocrx_word' id='word_1_335' title='bbox 553 3001 599 3043; x_wconf 84' lang='lat' dir='ltr'><em>ista</em></span> <span class='ocrx_word' id='word_1_336' title='bbox 613 3003 692 3043; x_wconf 84' lang='lat' dir='ltr'><em>tamen</em></span> <span class='ocrx_word' id='word_1_337' title='bbox 709 3002 847 3044; x_wconf 83' lang='lat' dir='ltr'><em>futurarum</em></span> <span class='ocrx_word' id='word_1_338' title='bbox 862 3003 998 3045; x_wconf 85' lang='lat' dir='ltr'><em>caelestium</em></span> <span class='ocrx_word' id='word_1_339' title='bbox 1016 3015 1049 3045; x_wconf 82' lang='lat' dir='ltr'><em>se-</em></span> 
     </span>
    </p>
   </div>
   <div class='ocr_carea' id='block_1_7' title="bbox 0 0 1112 3350">
    <p class='ocr_par' dir='ltr' id='par_1_7' title="bbox 0 0 1112 3350">
     <span class='ocr_line' id='line_1_43' title="bbox 0 0 1112 3350; baseline 0 0"><span class='ocrx_word' id='word_1_340' title='bbox 0 0 1112 3350; x_wconf 95' lang='lat' dir='ltr'><em> </em></span> 
     </span>
    </p>
   </div>
  </div>
 </body>
</html>
