2214 3350
175 185 217 229 460
334 185 389 231 Sert-
404 186 428 230 V·
443 168 488 232 Art
504 184 670 234 1111111111
682 184 772 242 arettae
783 183 876 232 efficacis

173 300 229 345 586.
260 302 349 355 Proh.
374 304 402 344 A.
418 302 554 347 Destruitur
572 304 650 356 gratia
667 313 721 351 vete
737 301 870 353 §alliciens
899 328 900 331 =

243 402 263 443 1.
279 404 344 460 Quae
358 401 439 454 lentes
454 404 483 449 de
498 402 574 454 gratia
587 414 641 452 vere
656 401 784 454 sufficiente
799 401 925 455 affirmant,
941 400 967 441 in
982 412 1021 449 ex-

174 467 309 519 plicatione
323 469 473 517 banneriam
495 479 549 518 ror
571 468 699 518 retinent
720 478 819 519 senum
842 477 966 519 sensum.
990 490 1021 507 >-

175 521 194 583 1.
206 532 314 575 Ecclesia
324 534 391 581 natio
402 533 472 578 medo
481 534 587 581 insinuat
596 533 690 589 praeter
700 527 753 584 earn
764 532 873 587 gratiam,
886 544 947 594 quae
957 532 1021 582 vires

175 597 317 646 sufficientes
332 600 363 643 ad
381 598 515 644 salutariter
532 598 651 649 agendum
668 598 767 650 confert,
785 598 875 649 requiri
892 609 981 649 nocam
998 603 1021 646 et
1083 594 1085 598 ’

174 663 312 704 distinctam
324 665 434 715 qratiam,
450 675 511 714 quae
523 664 553 704 ad
566 663 646 713 ipsum
660 663 740 708 actum
755 662 902 714 determinet
918 662 1020 715 Eccntra

173 728 279 773 Ecclesia
293 719 349 776 sctis
363 728 544 775 ctareenuntict
557 729 611 779 post
624 728 736 769 collatam
749 728 850 779 gratiam
865 727 1019 777 suffieientem

173 793 223 843 iam
239 794 301 834 nibil
317 794 396 844 deesse
412 787 537 842 adactum
554 793 683 842 salutarent
698 793 745 834 nisi
759 792 863 840 liberum
877 803 1019 842 consensum

174 857 287 907 hominis,
310 858 334 899 et
355 857 437 898 saltem
460 858 567 899 insinuat
581 869 630 905 non
647 869 697 899 esse
713 870 767 899 veie
781 858 944 910 sufficientem
966 868 1018 901 eam

173 923 283 973 gratiam,
303 934 371 974 quae,
389 922 417 970 ut
434 922 501 963 actus
519 934 600 974 reapse
619 923 671 972 ilat,
692 923 759 965 aliud
776 923 835 976 quid
854 922 968 975 requirat.
987 947 1019 964 -,

173 989 382 1034 Arausicanum
399 988 425 1028 in
441 988 490 1038 tine
509 989 550 1041 (Dz
566 989 616 1040 200)
633 989 657 1030 et
672 987 857 1038 Valentinum
873 998 926 1031 can.
943 991 957 1035 2
975 988 1019 1041 (Du

173 1055 222 1106 321)
239 1066 262 1095 v.
280 1065 303 1094 n.
320 1056 369 1098 542.
385 1079 417 1085 -
432 1052 593 1102 Tridentinum
610 1065 627 1095 s.
645 1057 659 1095 6
675 1066 727 1106 cap.
745 1054 828 1106 11111
845 1054 909 1106 Scit:
937 1053 1020 1095 «Deus
1071 1074 1073 1077 ·

171 1119 331 1170 impossibilia
343 1130 393 1159 non
404 1119 477 1169 iubet,
492 1120 533 1160 sed
545 1119 649 1166 iubendo
662 1119 778 1161 1111111111
790 1120 874 1168 iacere,
890 1119 954 1170 quad
965 1129 1018 1169 111-

173 1184 213 1233 sia,
232 1184 255 1225 et
268 1184 354 1235 petere,
372 1185 437 1235 qued
454 1195 502 1231 11111
519 1186 602 1235 possis,
620 1185 645 1233 et
660 1184 765 1234 adiuvat,
784 1185 810 1234 ut
827 1185 930 1235 possis.»
956 1185 1018 1226 Hinc

172 1249 324 1297 iustificatus,
340 1249 382 1300 qui
397 1250 510 1290 mandata
524 1262 572 1290 non
587 1250 703 1299 observat,
720 1251 755 1291 est
769 1249 945 1299 inexcusabilis,
961 1250 1018 1300 quia

173 1320 214 1354 cut
225 1325 273 1354 non
285 1314 342 1354 iecit
351 1326 383 1360 ea·
390 1315 453 1355 bona
463 1325 542 1365 opera,
555 1327 615 1366 quae
626 1315 765 1356 immediate
776 1315 854 1366 potuit
865 1315 919 1364 actu
932 1314 1015 1362 facere,

173 1383 204 1422 ad
216 1393 276 1433 quae
288 1381 342 1422 actu
356 1381 466 1422 iacienda
474 1381 574 1431 proinde
585 1380 671 1422 habuit
683 1379 784 1432 gratiam
797 1380 962 1429 necessariam,
976 1385 1018 1421 cut

173 1447 231 1497 quia
248 1445 399 1496 culpabiliter
416 1445 495 1486 omisit
513 1446 651 1495 oraticnem,
671 1458 719 1496 qua
737 1446 782 1486 sibi
799 1446 948 1495 compararet
965 1455 1017 1495 gra.-

172 1511 231 1551 tiam
249 1510 421 1562 adimplenda
445 1510 558 1551 mandata
582 1510 729 1561 requisitam,
749 1511 774 1550 in
792 1521 839 1561 quc
857 1505 1016 1551 casu'saltem

171 1575 251 1616 actum
263 1575 378 1616 orationis
388 1575 500 1616 salutaris
511 1574 588 1626 potuit
596 1576 741 1626 coniungere
752 1586 807 1616 cum
818 1587 846 1616 ea
857 1574 941 1626 gratia,
955 1586 1017 1626 quae

171 1651 214 1690 per
226 1640 303 1690 ipsius
314 1639 410 1690 culpam
422 1640 511 1680 mansit
523 1639 636 1682 inefficax.
651 1640 720 1681 Ratio
733 1640 866 1681 Tridentini
879 1640 941 1680 nihil
954 1640 1016 1680 vale-

171 1707 208 1747 ret
223 1707 247 1747 et
262 1707 325 1746 Deus
341 1716 424 1747 revera
440 1706 532 1746 iuberet
548 1704 714 1756 impossibilia,
733 1707 752 1746 si
769 1705 840 1746 homo
857 1704 1016 1759 pergratiam

171 1771 325 1812 sufficientem
343 1770 442 1812 haberet
458 1770 564 1821 aliquam
582 1771 675 1811 nudam
693 1769 860 1821 «1111111111»
880 1769 1017 1811 salutariter

170 1837 257 1887 agendi
273 1835 311 1877 vel
327 1836 420 1884 orandi,
438 1847 541 1886 quacum
557 1836 607 1876 sine
625 1835 738 1876 ulteriore
755 1835 934 1886 complemento,
951 1835 1015 1887 quod

170 1901 235 1942 Deus
251 1912 320 1951 saepe
337 1901 444 1951 denegat,
463 1900 541 1940 actum
558 1900 712 1951 praeceptum
730 1901 841 1951 coniungi
859 1902 908 1941 iam
925 1890 1016 1941 antece-

170 1960 254 2013 denter
269 1967 300 2007 ad
314 1966 454 2019 electionem
470 1966 600 2007 voluntatis
621 1966 710 2007 liberae
733 1967 839 2008 absolute
863 1965 1015 2017 repugnaret.

170 2034 223 2074 Non
236 2032 305 2073 aliter
319 2032 399 2084 ageret
413 2033 483 2080 Deus
499 2029 546 2073 acsi
562 2033 686 2073 hominem
700 2032 727 2072 in
743 2033 844 2073 tenebris
859 2032 1015 2074 constitutum

170 2099 264 2139 iuberet
277 2098 312 2139 uti
330 2099 480 2149 «potentian,
497 2110 568 2149 quam
583 2098 662 2147 babet,
679 2098 784 2138 uidendi.
799 2124 831 2131 -
845 2099 926 2148 Pergit
938 2097 1016 2138 cenci.

169 2165 243 2215 lium:
263 2155 349 2205 «Deus
357 2175 461 2215 namque
474 2175 517 2205 sua
529 2164 606 2215 gratia
618 2163 692 2205 semel
704 2163 845 2205 iust'iicatcs
856 2175 906 2204 nen
920 2164 1014 2213 deserit,

169 2230 217 2271 nisi
231 2230 261 2271 ab
275 2230 305 2270 iis
318 2229 387 2281 prius
398 2229 526 2270 deseratur.
537 2247 546 2266 t
562 2229 608 2270 Sed
623 2230 649 2269 in
663 2229 788 2280 systemate
802 2227 936 2270 themisticc
951 2230 1015 2278 Deus

170 2296 239 2347 prius
255 2295 348 2336 deserit.
368 2295 393 2335 Si
410 2295 475 2336 enim
492 2295 569 2336 iustus
584 2296 609 2343 in
626 2295 751 2346 peccatum
766 2306 837 2353 grave
854 2295 951 2344 labitur,
969 2295 1014 2336 hoe

169 2373 198 2402 eo
213 2361 305 2410 accidit,
323 2361 388 2412 quod
403 2361 466 2402 Deus
482 2362 535 2411 post
549 2371 621 2411 opera
635 2362 699 2402 bona
715 2360 803 2402 auxilio
818 2360 905 2402 efficaci
921 2361 1014 2413 patrata

169 2439 233 2468 nunc
245 2427 311 2469 dedit
321 2438 374 2468 eam
385 2427 495 2478 gratiam,
507 2439 610 2479 quacum
622 2427 722 2468 actualis
732 2427 837 2479 operatio
848 2428 890 2478 pia
901 2427 1013 2477 coniungi

168 2504 217 2534 11111
234 2493 319 2544 potuit,
338 2494 412 2539 immo
431 2493 561 2534 secundum
579 2504 663 2534 omnes
677 2493 726 2534 iere
743 2492 878 2534 Themistas
896 2504 930 2542 eo,
949 2492 1013 2544 quod

168 2559 233 2600 Deus
247 2559 309 2599 iusto
324 2559 391 2605 dedit
405 2548 685 2609 praedeterminationem
701 2559 732 2599 ad
747 2559 869 2600 materiale
885 2559 982 2610 peccati,
998 2569 1014 2598 a

168 2635 216 2675 quc
233 2623 356 2675 peccatum
373 2623 474 2670 formale
491 2624 544 2665 actu
562 2625 667 2675 separari
685 2623 791 2665 absolute
808 2625 932 2676 repugnet.
952 2624 1013 2674 Quo-

169 2689 235 2730 niam
251 2690 328 2730 totum
348 2690 393 2730 hcc
417 2691 461 2734 soli
487 2689 567 2730 divino
591 2689 739 2741 beneplacito
764 2690 919 2731 tribuendum
944 2689 1012 2738 esset,

168 2766 251 2795 revera
261 2756 324 2795 Deus
335 2756 404 2806 prius
415 2755 562 2796 deseruisset.
574 2782 606 2788 -ψ
615 2759 637 2797 2.
651 2754 780 2809 Scriptura.
794 2757 841 2797 ls5
855 2757 894 2808 (cf.
907 2767 931 2797 11.
944 2756 1008 2808 543>ε

167 2822 232 2862 Deus
242 2822 323 2862 omnia
332 2823 363 2863 ad
373 2821 490 2877 actualem
501 2822 711 2864 fructificationem
721 2822 835 2874 requisita
843 2823 926 2865 vineae
938 2822 1011 2870 dedit,

169 2897 225 2927 sane
240 2897 287 2933 non
303 2897 329 2927 eo
347 2887 404 2936 tine,
421 2888 449 2929 ut
465 2888 551 2929 habeat
573 2889 679 2929 steritem
696 2889 818 2941 quandam
844 2889 1011 2941 «potentium»

168 2952 339 3001 fructificandi,
357 2955 398 2994 sed
415 2954 443 2994 11
459 2954 550 2995 tructus
567 2955 621 3001 actu
638 2955 761 3005 producat.
780 2954 844 2996 Adeo
863 2955 973 3006 proxima
990 2955 1013 2997 et
