2214 3350
356 151 629 231 Τ11ε51521Μο111115111115
642 218 643 221 Ἴ
701 219 702 222 ¹
879 171 917 218 499

0 302 1 305 ’
26 324 28 326 v
72 291 155 333 utrum
172 300 300 331 consensus
316 300 348 330 an
366 288 489 329 dissensus
506 284 630 325 secuturus
649 283 685 325 sit.
704 283 749 325 Sed
768 280 918 323 ostendimus

69 351 423 396 11111111111111111’1111111111
445 347 575 390 voluntatis
592 348 615 388 et
631 347 812 397 sufficientium¹
827 345 917 396 gratiae

73 416 198 459 inefficacis
209 416 271 457 laedi
283 415 325 456 aut
336 412 471 456 absolutam
482 409 682 462 infallibilitatem
694 421 741 449 non
752 407 874 460 explicari.
885 431 917 438 -

72 479 127 522 Alie
139 479 179 520 via
193 478 298 529 procedit
312 476 498 529 Molinismus
514 473 593 526 (ouius
606 472 730 513 historiam
745 484 767 512 v.
784 483 807 511 n.
825 469 915 520 574ss).

70 610 126 651 628.
153 608 293 645 Molinismus
303 617 369 654 saepe
379 607 471 643 vocatur
482 602 657 650 Congruismus.
666 602 709 639 Sed
718 600 810 648 plurimi
818 601 858 635 sub
865 606 917 633 voce

73 659 213 705 Congruismi
234 659 380 705 specialem
402 659 515 694 termam
536 655 605 691 huius
627 653 755 700 systematis
775 651 915 695 intellegunt,

72 723 86 749 a
102 711 267 748 Bellarmino
283 710 416 756 praesertim
431 710 452 746 et
469 710 568 745 Suarez
585 706 728 754 propositam,
747 714 803 749 quae
822 714 836 739 a
850 711 917 748 puro

72 762 222 800 Molinismo
233 771 280 797 non
291 763 380 807 quidem
391 763 417 797 in
427 761 478 807 ipsa
488 759 575 805 gratiae
587 757 682 794 efficacis
693 767 733 803 per
746 755 863 805 scientiam
874 763 918 790 me-

72 814 133 850 diam
148 813 299 859 explicatione,
317 813 356 849 sed
371 813 396 848 in
410 810 619 857 quaestionibus
636 808 749 845 adnexis
764 806 917 852 praedesti-

70 864 193 901 nationis
216 865 244 900 ad
266 863 406 909 gloriam-et
429 861 674 910 praedefinitionis
696 861 805 896 bonorum
824 866 916 904 operum

68 915 183 962 *discrepat
199 916 309 962 (uschcl
328 916 354 963 1).
368 935 393 941 -
406 917 500 952 Omnes
515 914 613 959 theologi
628 913 746 950 *societatis
761 912 814 948 Iesu
830 910 916 956 gratiae

70 968 152 1005 efficaci
163 977 217 1014 prae
227 977 283 1014 pure
294 967 415 1004 sufficiente
428 976 478 1003 cum
489 968 510 1003 S.
525 966 650 1010 Aepustiuo
663 964 777 1010 quandam
789 963 915 1008 congrui-

71 1020 153 1056 tatem
169 1019 214 1055 sive
246 1019 414 1065 adaptationem
431 1019 452 1054 et
468 1017 692 1063 contemperationem
709 1016 778 1052 relate
796 1016 827 1052 ad
843 1015 916 1061 dispo-

70 1072 161 1108 sitiones
176 1071 196 1106 et
213 1071 341 1107 affectiones
356 1070 454 1106 homnis
470 1070 600 1105 adscribunt
619 1070 654 1114 (cf.
673 1078 693 1104 n.
713 1067 793 1114 62255).
815 1068 913 1104 suarez

70 1123 158 1168 quidem
170 1122 211 1158 hoc
224 1122 357 1158 elementum
368 1121 440 1166 mepte
453 1123 523 1165 capet,
537 1122 576 1157 sed
588 1116 690 1156 Moliua
701 1119 760 1156 idem
773 1128 820 1155 non
831 1118 914 1154 omittit

72 1176 98 1221 (P
112 1174 147 1211 282
161 1174 232 1219 alin).
247 1175 344 1219 Uterque
360 1183 459 1219 expresse
474 1174 558 1217 negat
570 1182 599 1208 er
614 1172 673 1208 sola
686 1171 825 1215 congruitate
840 1171 914 1206 ante·

42 1240 44 1246 ,
70 1226 190 1269 cedente,
207 1226 220 1261 i.
236 1235 253 1261 e.
271 1234 329 1271 quae
344 1225 369 1260 in
384 1224 448 1269 signo
464 1223 537 1270 priore
554 1225 583 1260 ad
598 1232 731 1259 consensum
745 1223 874 1268 praevisum
889 1222 914 1257 ut

69 1277 221 1313 condicionate
238 1277 340 1312 futurum
357 1276 473 1322 spectetur,
490 1285 586 1312 nexum
602 1275 781 1311 infallibilem
797 1283 862 1320 posse
880 1284 914 1310 ex-

70 1329 163 1375 plicari·
172 1328 232 1365 Raro
247 1337 300 1364 sane
316 1329 371 1369 haec
386 1328 515 1372 congruitas
529 1327 594 1363 tanta
609 1327 648 1369 est,
666 1327 690 1362 ut
704 1326 813 1368 moralem
827 1326 916 1362 certitu-

70 1381 144 1416 dinem
157 1376 278 1416 consensus
291 1380 403 1426 importet,
419 1389 445 1416 ac
456 1389 484 1415 ne
499 1379 552 1415 talis
567 1379 656 1425 quidem
671 1378 779 1415 certitudo
794 1379 919 1425 explicaret>
983 1381 986 1387 ”

69 1441 148 1468 nexum
163 1431 305 1467 infallibilem
322 1432 348 1477 (v.
366 1441 387 1467 n.
403 1430 454 1476 613).
474 1431 607 1476 congruitas
622 1430 692 1475 igitur
708 1430 847 1472 antecedens,
862 1430 914 1466 licet

70 1483 183 1528 ingratia
198 1483 425 1529 efficaci'plerumque
440 1482 574 1528 inveniatur,
591 1482 667 1518 tamen
688 1491 741 1518 non
763 1483 803 1518 est
825 1491 915 1518 ueces-

69 1536 144 1570 saria
160 1536 182 1570 et
200 1534 349 1579 aliquoties
369 1535 452 1571 deest.
474 1534 532 1571 Nam
550 1535 621 1576 homo,
644 1531 780 1579 quanrquam
800 1534 913 1569 ordinarie

69 1586 166 1622 influxui
183 1586 225 1622 sibi
242 1586 406 1632 contemperato
424 1586 497 1632 potius
515 1587 631 1628 consentit,
649 1585 795 1622 nihilominus
813 1595 853 1631 pro
872 1595 914 1621 sua

69 1637 170 1680 libertate
186 1638 286 1673 suasioni
302 1638 370 1673 etiam
385 1637 459 1681 nrinus
475 1646 586 1683 congruae
600 1638 738 1682 acquiescere
753 1637 833 1683 potest;
850 1646 914 1674 secus

70 1690 129 1724 enim
144 1689 218 1734 gratia
231 1698 286 1735 pure
302 1689 414 1724 sufficiens
429 1698 474 1724 non
489 1690 547 1725 esset
560 1698 610 1724 vere
627 1688 743 1725 sufficiens.
761 1689 822 1725 Haec
838 1690 914 1724 omnia
965 1724 966 1727 ,

69 1741 136 1776 etiam
154 1740 371 1786 Suarez'explicite
389 1741 495 1785 agnoscit,
516 1742 602 1786 opusc:
614 1740 640 1776 de
659 1750 767 1776 concursu
786 1744 808 1776 et
825 1741 913 1786 efficaci

69 1792 151 1827 auritio
165 1793 205 1828 Det
218 1792 232 1828 l.
248 1791 260 1827 3
272 1802 320 1839 cap,
338 1792 360 1828 11
374 1802 395 1829 n.
409 1792 420 1829 8
436 1793 475 1839 (ed.
492 1792 558 1829 Vives
571 1794 622 1829 tom.
639 1792 661 1829 11
675 1803 695 1839 p.
711 1792 747 1830 223
754 1794 779 1839 s).
798 1794 912 1836 Quatenus

69 1853 94 1879 ex
107 1844 245 1889 congruitate
258 1844 400 1880 infallibilem
414 1847 495 1880 nexum
508 1844 610 1891 explicat,
625 1844 733 1889 intellegit
746 1853 798 1880 eam
811 1845 912 1889 congrui-

68 1895 143 1938 tatem,
160 1905 216 1941 quae
232 1896 307 1931 estin
322 1896 400 1940 signo
415 1896 566 1942 posteriore
583 1897 612 1932 ad
625 1896 763 1933 iuturihilem
779 1905 912 1933 consensum

69 1957 108 1984 seu
124 1958 181 1994 quae
197 1949 330 1995 dependet
347 1957 361 1984 a
378 1947 495 1996 scientia
511 1948 609 1984 media.
630 1949 665 1985 Sic
682 1949 750 1984 etiam
767 1950 788 1986 S.
808 1949 912 1994 trapesti-

68 2008 122 2035 mtm
135 2000 306 2046 interpretatur:
324 2013 334 2032 a
343 2000 393 2036 Non
406 2000 465 2035 enim
478 2000 628 2035 consideravit
639 2000 727 2036 tantum
740 2001 911 2045 congruitatem,

69 2060 135 2095 quam
148 2051 234 2087 vocatio
243 2051 371 2087 'recaredum
383 2061 406 2086 se
419 2051 485 2087 habet
497 2060 549 2087 cum
560 2052 650 2095 ingenio
662 2052 697 2088 vel
710 2053 794 2089 natura
806 2052 911 2094 hominis,

69 2111 124 2146 quae
141 2103 174 2139 est
191 2103 319 2147 congruitas
336 2103 415 2147 quasi
430 2102 458 2138 in
475 2103 538 2139 actu
554 2104 650 2149 primo,
666 2104 704 2139 sed
722 2104 790 2140 etiam
807 2115 832 2140 ac
849 2114 912 2149 prae-

69 2154 130 2199 cipue
144 2154 309 2201 proportionem
322 2154 386 2196 iliam
399 2154 554 2198 consideravit,
565 2153 626 2201 quae
640 2156 664 2191 in
676 2156 717 2192 hoc
731 2156 838 2201 consistit,
854 2157 913 2202 quod

67 2208 152 2243 vocatio
168 2208 221 2243 tunc
239 2203 312 2250 datur,
330 2206 419 2252 quaudo
437 2209 557 2252 operatura
575 2209 613 2250 est,
631 2216 687 2252 quae
704 2209 793 2253 proprie
811 2208 912 2245 consistit

69 2257 96 2292 in
110 2260 172 2294 actu
187 2260 314 2302 secundo,
332 2260 353 2294 et
369 2259 463 2294 manime
479 2268 577 2303 conpruo
594 2259 638 2295 dici
653 2260 730 2305 potest,
748 2261 802 2306 quia
817 2261 913 2296 maxime

68 2311 169 2354 congruit
185 2310 277 2353 bomini
296 2312 333 2346 cui
350 2310 430 2346 melius
448 2312 481 2346 est
497 2311 580 2354 vocari,
597 2312 686 2355 quando
704 2321 853 2357 responsurus
871 2312 910 2356 est,

68 2360 155 2397 etiamsi
172 2363 263 2398 remisse
282 2363 379 2404 vocetur,
399 2372 466 2407 quam
485 2363 572 2398 fortiter
590 2363 672 2407 vocari,
692 2373 743 2399 cum
761 2372 912 2400 consensurus

67 2416 176 2450 nonest»
194 2416 223 2461 (n.
240 2415 252 2451 e
268 2416 299 2461 [p.
315 2415 379 2461 225]).
395 2434 419 2440 -
432 2416 515 2451 Eodem
527 2415 597 2459 igitur
611 2415 676 2450 modo
691 2416 773 2452 Suurez
791 2417 812 2451 et
826 2416 912 2452 Melina

67 2466 207 2549 {oncordiam
222 2467 308 2511 gratiae
324 2466 418 2502 efficacis
432 2476 483 2502 cum
497 2467 567 2502 libero
583 2466 675 2503 arbitrio
690 2476 730 2513 ope
747 2467 853 2504 scientiae
868 2477 912 2503 me-

83 2516 117 2552 iae
130 2517 245 2563 explicant.
918 2536 919 2539 =

68 2634 121 2675 629.
158 2636 289 2690 Explicatio
305 2636 447 2678 molinistica
463 2638 498 2679 est
513 2637 583 2679 haec:
603 2637 666 2679 Deus
682 2650 735 2679 eam
752 2640 844 2681 confert
859 2652 912 2691 gra.-

68 2694 132 2746 tiam‚
149 2699 187 2739 cui
202 2700 325 2740 hominem
341 2699 415 2741 libere
430 2711 602 2742 consensurum
618 2712 667 2741 esse
682 2700 732 2751 ipse
752 2702 911 2744 infallibili

67 2760 240 2803 certitudine
273 2762 409 2814 praescit.
444 2764 521 2812 Quam
549 2764 703 2806 infallibilem
728 2766 911 2816 praescientiam

67 2819 130 2863 Deus
144 2835 192 2865 non
207 2827 289 2868 haurit
303 2838 332 2867 ex
347 2828 468 2878 perspecto
484 2830 538 2870 actu
553 2828 631 2880 primo
646 2828 702 2871 talis
716 2831 806 2882 gratiae
821 2834 845 2875 et
857 2833 912 2874 talis

67 2883 202 2937 voluntatis,
220 2889 261 2930 sed
280 2901 312 2930 ex
330 2889 392 2941 ipso
410 2901 549 2933 consensu
565 2891 737 2943 voluntatis,
756 2906 828 2946 quem
848 2896 911 2943 iutu-

67 2946 121 2987 rum
135 2960 192 2999 esse,
208 2952 228 2992 si
241 2952 304 2993 hanc
316 2952 417 3003 gratiam
432 2954 505 3003 daret,
522 2955 650 3006 antequam
664 2967 716 2998 eam
732 2957 789 2999 dare
804 2959 911 3011 absolute
975 2965 977 2969 ’
