2214 3350
169 227 206 264 486
298 258 299 261 ,
328 228 382 265 Soet.
397 229 421 264 V.
436 229 482 265 Art,
497 229 526 264 II.
541 228 664 274 Explicatic
677 227 763 273 gratiae
777 226 872 284 efficacis

169 346 211 376 ma
226 336 290 376 certa
304 336 408 386 quadarn
432 337 511 377 torma
534 334 664 387 proposuit,
682 346 756 386 quam
773 308 914 385 receperunt
934 333 1016 383 Knoll,
1048 350 1050 353 ·
1100 339 1103 341 '

170 399 282 450 Rohtinp,
297 400 418 449 limana,
433 399 566 441 cardinales
580 398 709 439 Vitlecourt
722 399 745 439 et
758 398 931 446 [sciscitantem
948 397 1017 438 Herr-

170 473 251 511 mcnn,
268 462 364 511 Jansen,
381 463 446 503 Reus
460 464 483 504 et
497 462 538 502 alii
555 461 578 512 [t.
597 462 639 502 SS.
654 462 692 510 a,
708 472 800 502 necnon
815 462 854 502 Fr,
872 460 1017 501 llaec-Sola

170 525 197 565 0.
211 526 237 565 P.
250 526 428 566 —Herrmcrm
442 525 527 577 (instit.
541 536 564 564 n.
579 526 641 576 1214)
657 523 811 565 essentiam
823 524 931 565 omnium
946 522 1017 573 syste-

170 587 263 629 matum
283 588 499 640 syncretisticorum
518 587 543 628 in
561 587 600 627 his
617 587 694 630 videt:
715 589 738 639 a)
759 588 796 629 Ad
815 598 888 638 opera
906 586 1017 627 diflici-

170 651 246 692 liora
262 652 368 693 absolute
385 651 515 702 requiritur
531 650 607 700 gratia
631 651 659 691 ab
684 650 811 691 intrinseco
837 651 931 702 efficax,
955 661 1017 701 quae

170 714 318 755 voluntatem
329 713 491 765 infallibiliter
504 712 652 767 determinet.
662 737 694 742 ——
706 714 729 765 b)
745 713 782 753 Ad
794 723 868 762 opera
879 724 934 753 vero
947 712 1017 753 taci-

171 776 282 818 lioraet
296 776 464 827 specialissime
479 777 509 816 ad
525 775 685 816 orationem
701 775 786 817 sufficit
801 776 878 827 gretia
892 776 1017 827 sussiciens

170 851 212 880 sen
232 840 374 888 communis,
398 850 458 890 quae
480 839 592 879 omnibus
615 839 693 887 datum
716 850 759 890 per
783 840 914 880 cretionem
937 839 1017 879 autem

171 913 253 943 omnes
271 902 382 942 homines
399 901 506 943 obtinere
526 902 625 952 possunt
641 900 729 951 gratias
747 900 859 950 efficaces,
880 902 968 953 quibus
986 902 1017 942 ad

171 964 303 1006 difficiliora
317 975 389 1014 opera
403 964 539 1016 peragenda
552 964 620 1006 etad
633 963 734 1006 salutem
747 966 940 1015 'consequendam
955 963 1017 1004 indi-

170 1028 233 1078 gent.
246 1053 276 1058 »ο
290 1028 316 1067 In
329 1028 475 1078 quibusdam
489 1027 669 1078 quaestionibus
682 1027 782 1068 minoris
794 1028 909 1068 momenti
922 1028 1017 1078 patroni

170 1091 243 1131 huius
254 1090 388 1142 systematis
399 1090 461 1131 inter
469 1101 494 1131 se
506 1086 656 1131 diseentiunt.
671 1091 709 1131 Sic
720 1091 834 1131 nonnulli
846 1093 877 1143 (v.
889 1103 911 1142 g.
924 1092 949 1132 M
951 1092 1016 1131 erin.

170 1154 234 1205 Soic)
249 1152 437 1205 praemotionem
450 1153 575 1204 physicum
589 1154 679 1204 gratiae
694 1152 800 1202 efficacis,
816 1154 946 1204 plerique
961 1164 1016 1194 vero

171 1216 359 1267 praemotionem
389 1216 506 1256 moralem
534 1215 648 1257 statuunt.
687 1217 872 1257 communius
898 1216 1019 1267 negatur

172 1279 294 1320 scientia
309 1279 413 1327 media,
430 1279 471 1319 sed
487 1278 597 1319 nonnulli
615 1279 645 1320 ad
661 1291 714 1320 eam
731 1278 859 1321 recurrunt
874 1279 952 1329 quoad
965 1290 1017 1330 gra·

171 1342 230 1383 tiam
244 1341 405 1382 sufficientem.

169 1450 223 1490 611,
256 1450 362 1485 Doctrina
373 1449 394 1486 S.
412 1447 502 1485 Aliensi
536 1451 632 1485 maxime
645 1450 749 1485 hauritur
761 1459 786 1485 ex
800 1450 848 1485 eius
861 1449 928 1487 libro:
946 1451 1018 1495 Opere
1094 1423 1107 1446 ἦ

172 1501 299 1545 docmatica
312 1502 389 1536 contra
403 1501 433 1545 pli
447 1501 521 1536 cretici
535 1502 616 1546 pretesi
629 1501 755 1546 Ritormati
769 1501 811 1537 vol.
828 1502 838 1538 1
850 1502 910 1538 nelle
924 1502 1018 1537 sessioni
1093 1530 1107 1555 p

172 1552 207 1588 dcl
223 1552 319 1588 Concilio
334 1552 357 1587 di
371 1553 458 1595 Trento,
475 1559 528 1588 sess:
544 1555 561 1589 ⁶.
579 1554 680 1589 Truttato
695 1553 810 1600 capiunto,
823 1554 863 1589 Det
877 1554 941 1589 modo
957 1563 1017 1589 come
1092 1555 1104 1571 ‘³'

172 1613 239 1650 opera.
251 1604 274 1639 lu
286 1604 361 1648 pruzia
369 1615 388 1643 n:
410 1605 484 1640 versio
496 1606 636 1648 germanica:
651 1606 695 1641 Das
709 1605 737 1642 ht.
753 1605 875 1641 Concilium
888 1614 930 1641 con
943 1606 1019 1642 Trieut
1092 1593 1107 1651 ΣΞ

170 1656 195 1690 iu
208 1657 285 1691 scinco
296 1655 493 1700 Eatschcidunpea
505 1664 574 1700 peperi
585 1655 730 1698 dielNeuerer
743 1656 780 1690 der
795 1657 823 1692 46.
838 1656 914 1692 Jahrb.
930 1655 1015 1703 (Samtl.
1092 1650 1107 1673 ἰ

171 1708 251 1752 Werke
269 1707 286 1743 2.
307 1708 354 1743 Abt.
377 1707 393 1743 1.
414 1707 446 1743 Bd
469 1708 625 1753 [Regensburg
645 1707 701 1754 1869]
723 1717 743 1753 p.
766 1706 875 1754 111-147>.
898 1709 928 1745 Cf.
950 1708 1019 1744 etiam
1092 1703 1107 1728 l

171 1759 243 1794 Frater
258 1759 351 1804 Meffert
367 1759 410 1794 Der
426 1759 454 1794 ht.
472 1759 513 1803 Alf.
525 1756 548 1794 c.
566 1760 597 1802 L„
615 1759 653 1794 der
666 1759 837 1795 Kirchcnlehrer
852 1760 898 1795 und
912 1760 1019 1805 Apotopct
1092 1756 1107 1810 Q

171 1807 209 1845 cies
222 1811 250 1846 la
264 1810 339 1845 Jahrb.
355 1810 562 1855 [rEhrhard-Kirsch,
574 1810 735 1854 Forschungen
745 1812 767 1847 ΙΙ
778 1809 877 1857 3[1901])
886 1820 905 1856 p.
916 1808 1016 1851 191-211,
1092 1807 1106 1834 a

171 1861 211 1896 Die
226 1860 381 1897 Gnadenlehre
397 1861 436 1896 des
452 1860 481 1897 hl.
498 1861 582 1897 ⁴eliens.

232 1930 340 1975 systema,
351 1930 418 1975 prout
427 1939 442 1965 a
452 1931 472 1966 S.
484 1929 574 1966 Altonso
585 1929 718 1973 detenditur,
730 1930 883 1966 Herrmann
894 1930 923 1975 (n.
933 1928 980 1964 1215
985 1931 1016 1975 ss)

169 1981 201 2017 sic
216 1982 315 2027 exponit:
333 1982 354 2028 a)
366 1981 447 2018 Gratia
466 1979 549 2018 eiiicax
569 1982 602 2016 est
617 1981 796 2027 supernaturalis
810 1982 878 2017 motio
893 1981 1019 2017 intellectus

172 2033 193 2068 et
208 2033 337 2075 voluntatis,
355 2032 440 2069 habens
455 2033 502 2067 vim
518 2033 632 2078 quandam
647 2032 784 2079 peculiarem
801 2033 822 2070 et
838 2032 958 2070 efficaciam
975 2033 1019 2068 sin·

171 2084 274 2129 gularem
291 2084 320 2119 ad
337 2083 531 2120 infallibiliter
547 2085 698 2120 inducendam
715 2084 814 2120 creatam
831 2084 975 2128 voluntatem,
993 2085 1019 2120 ut
1091 2076 1107 2137 s

171 2136 216 2171 Deo
232 2136 321 2171 vocanti
337 2135 524 2171 indeclinabiliter
540 2136 671 2172 consentiat.
687 2135 747 2172 Haec
764 2136 839 2180 gratia
855 2138 882 2172 ab
897 2136 1018 2172 intrinseco
1091 2136 1107 2152 ³

172 2186 248 2222 efficax
267 2187 336 2222 teste
356 2187 525 2223 revelatione
545 2188 577 2224 ad
596 2197 679 2233 opera
698 2187 865 2223 difficiliora
891 2188 1019 2235 peragenda

173 2239 300 2274 necessaria
317 2238 356 2280 est,
373 2239 388 2273 i.
407 2248 424 2274 e.
443 2239 473 2274 ad
488 2239 646 2274 mandatorum
664 2239 835 2282 observantiam,
854 2240 883 2276 ad
897 2240 1019 2286 perfectam

172 2290 245 2326 cordis
261 2290 427 2325 conversionem
441 2291 462 2325 et
476 2299 543 2334 quarn
557 2291 654 2327 maxime
670 2292 698 2326 ad
714 2290 828 2327 finalem
843 2300 968 2336 persever
984 2297 985 2300 ’

172 2342 248 2377 tiam.
273 2342 382 2387 Operatur
405 2342 483 2377 eadem
503 2342 578 2387 gratia
598 2352 645 2388 per
666 2342 804 2386 moralem,
828 2352 874 2379 non
894 2343 972 2389 physic

171 2393 506 2438 praedeterminationem‚
525 2394 638 2430 ordinarie
656 2403 695 2439 per
713 2394 881 2430 delectationem
898 2395 974 2430 citatric

173 2445 212 2480 sed
224 2444 343 2489 aliquoties
356 2445 425 2481 etiarn
437 2454 478 2490 per
491 2446 537 2481 alia
550 2446 640 2488 motiva,
655 2446 680 2481 ut
691 2447 745 2491 spei,
761 2446 846 2481 timoris
860 2446 899 2483 etc.
915 2446 967 2482 Effic

171 2496 259 2541 gratiae
272 2495 389 2533 efficienter
403 2506 417 2532 a
430 2497 488 2532 solo
500 2498 552 2532 Deo
565 2498 604 2540 est,
620 2499 658 2542 qui
672 2497 692 2533 ei
705 2498 794 2533 tantam
805 2497 910 2535 virtutem
923 2500 944 2534 et
958 2507 986 2535 en
1005 2535 1008 2540 ,

172 2549 233 2592 giam
247 2548 375 2584 immediate
389 2548 478 2592 indidit,
492 2549 516 2584 ut
530 2549 628 2584 hominis
642 2548 781 2585 voluntatem
796 2549 983 2587 indeclinabiliter
998 2551 1019 2585 et

172 2599 317 2635 invictissime
330 2600 359 2635 ad
371 2600 555 2636 consentiendum
568 2601 589 2635 et
602 2601 657 2637 bene
670 2600 809 2646 operandum
821 2602 933 2647 perducat.
950 2603 1019 2644 Quem

173 2651 275 2686 eflectum
292 2652 351 2687 Deus
369 2651 417 2687 sine
437 2652 530 2687 scientia
548 2652 622 2687 medic
641 2652 791 2688 infallibiliter
807 2655 974 2698 praecognoscit
1006 2663 1019 2687 r

172 2702 266 2745 decretu,
280 2712 322 2747 quo
333 2704 431 2747 gratiam
441 2704 484 2739 hac
494 2703 616 2739 intrinseca
626 2704 708 2740 virtute
719 2703 852 2748 insignitam
864 2706 963 2741 conferre
1090 2699 1102 2718 '³‘

172 2755 221 2790 tuit.
239 2755 359 2790 Motionem
374 2755 441 2791 huius
458 2754 544 2800 gratiae
559 2756 618 2791 Deus
634 2756 764 2801 plerumque
781 2756 878 2800 ingenio,
895 2757 979 2803 disposi

172 2807 239 2842 nibus
253 2806 354 2849 internis,
370 2806 544 2842 circumstantiis
559 2807 655 2843 externis
669 2807 766 2843 hominis
782 2808 874 2853 adaptat
889 2811 909 2844 et
924 2810 975 2843 cont

173 2860 246 2903 pcrat;
259 2858 334 2892 tamen
346 2857 445 2894 efficacia
455 2858 620 2895 infallibilis
633 2868 679 2894 non
692 2860 726 2895 est
740 2869 766 2895 ex
778 2860 821 2895 hac
836 2860 977 2906 attemperati

173 2910 194 2945 et
210 2909 356 2953 congruitate,
373 2911 412 2945 sed
428 2919 458 2946 ex
473 2911 499 2945 vi
514 2909 667 2946 intrinseca
683 2911 755 2957 ipsius
772 2910 865 2955 gratiae.
883 2913 972 2948 Conne

170 2961 241 3005 igitur
251 2961 392 2996 causalitatis
402 2961 461 2996 inter
472 2961 569 3006 gratiam
580 2963 601 2997 et
613 2971 745 2998 consensum
756 2972 802 2998 non
813 2964 846 2999 est
856 2962 974 3009 metaphys

171 3013 210 3048 sed
223 3012 347 3055 moralis,
364 3022 420 3057 quae
435 3013 486 3048 licet
501 3013 579 3050 effectu
594 3014 700 3050 frustrari
714 3014 815 3051 absolute
830 3015 905 3060 possit,
922 3025 947 3051 eo
962 3025 978 3050 n
