2214 3350
299 160 376 195 Thesis
390 158 419 195 20.
436 159 537 194 Libertas
551 159 649 194 hominis
664 159 721 205 lapsi
897 157 932 193 411

85 266 162 306 trium
179 267 202 307 et
217 267 261 307 Dei
277 269 386 317 qratiam.
406 267 461 307 Hac
480 266 605 307 sectione
623 279 652 307 ex
670 266 773 316 professo
791 269 820 308 de
838 265 933 307 hahitu-

83 330 143 370 dine
153 329 216 370 iuter
224 329 268 370 ista
277 331 324 371 duo
335 330 471 376 tractamus¹
484 329 608 370 statuendo
619 341 672 371 eam
683 328 770 380 gratiae
780 329 931 376 divisionem,

85 404 148 442 quae
163 404 192 432 eu
206 393 299 433 diuersa
314 394 454 434 habitudine
469 394 557 433 horum
572 392 746 443 principiorum
762 391 844 441 oritur,
861 392 933 443 prout

84 455 138 496 scil.
156 455 267 496 voluntas
290 456 395 496 hominis
418 455 460 496 aut
476 467 491 496 a
504 456 582 506 gratia
605 457 637 497 ad
660 466 800 495 consensum
824 456 932 496 dandum

84 517 211 558 efficaciter
234 520 343 574 movetur
359 520 400 560 aut
418 531 466 559 non
485 518 518 559 ita
535 519 650 566 movetur,
677 519 717 558 sed
741 517 820 568 potius
842 518 932 568 gratiae

86 581 182 622 resistit.
205 607 236 612 -—
258 583 281 633 b)
301 581 460 623 Articulo‘l
485 580 613 622 statuimus
636 582 768 622 doctrinam
791 581 932 621 catholicam

83 645 201 684 adversus
211 655 302 685 errores
315 658 327 686 e
340 645 455 686 diametro
469 644 598 696 oppositos;
613 645 656 685 art.
671 645 693 685 ll
707 644 850 684 discutimus
862 655 932 695 quae-

83 707 176 747 stiones
192 699 259 747 inter
271 708 398 749 catholicos
416 708 538 758 theologos
555 713 725 747 controversus.
750 733 781 738 -
804 708 825 758 cf
848 707 932 747 Thasi

86 770 131 809 hac
148 770 260 810 reicimus
276 782 373 819 errores,
399 771 441 822 qui
462 770 551 811 'tollunt
574 771 708 810 libertatern
731 771 871 818 humanam
897 771 930 812 th.

23 838 25 844 ‘
83 833 198 883 sequente
216 835 322 884 eosqui
343 834 456 874 minuunt
474 833 602 874 efficaciam
622 834 645 875 et
661 833 813 884 gratuitatem
832 833 930 884 gratioe.

83 957 142 998 540.
178 962 198 999 2.
219 957 315 999 Sensus.
344 959 366 1009 a)
389 959 481 999 Etiam
502 960 530 999 in
551 959 627 1000 statu
648 958 766 999 naturae
787 959 885 1009 lapsae
906 959 931 997 in

85 1020 208 1071 peccatum
220 1021 343 1071 originale,
356 1033 399 1072 per
411 1021 532 1062 Christum
545 1022 675 1080 reparatae,
690 1023 730 1063 sed
742 1022 840 1062 interim
852 1022 930 1062 adhuc

82 1084 289 1134 concupiscentiae
300 1084 425 1131 subiectae,
437 1085 495 1125 haec
504 1084 592 1125 valent.
604 1086 650 1125 Pro
659 1085 748 1135 incelis
760 1085 783 1126 et
792 1094 835 1136 pro
847 1084 930 1125 ordine

57 1165 58 1168 =
85 1147 262 1196 suprulupsnrio
274 1147 368 1195 generis
380 1147 480 1187 humani
493 1147 567 1188 thesis
579 1161 593 1188 a
605 1148 689 1187 multis
701 1147 850 1196 adversariis,
864 1159 930 1198 prae-

42 1206 43 1212 ’
82 1210 169 1251 :sertim
183 1222 198 1250 a
212 1210 350 1250 lunsenislis
366 1210 508 1259 admittitur,
527 1212 568 1259 qui
585 1222 641 1251 curn
658 1211 681 1250 S.
698 1211 830 1261 Augustino
847 1211 931 1251 docent

86 1272 234 1313 adiutorium
245 1273 296 1328 sinc
310 1285 357 1324 quo
370 1285 420 1313 non
432 1273 524 1323 angelis
536 1274 560 1313 et
572 1273 780 1325 protoparentibus
793 1284 931 1314 concessum

86 1336 157 1376 etiam
172 1336 247 1383 iniis,
263 1336 304 1387 qui
317 1335 451 1384 ceciderint,
467 1335 540 1384 luisse
554 1348 608 1376 uere
622 1336 745 1387 sufficiens
760 1336 783 1377 et
796 1338 820 1376 in
836 1338 873 1385 iis,
889 1338 930 1388 qui
988 1355 990 1358 ·

80 1400 252 1448 consenserint,
280 1399 403 1450 reliquisse
429 1399 526 1450 plenam
551 1391 687 1440 libertatem
710 1399 874 1448 dissentiendi;
900 1424 931 1430 -

83 1464 181 1504 datur:
201 1463 285 1504 saltem
300 1463 421 1514 aliquibus
437 1464 574 1514 aliquando,
592 1475 614 1503 v.
631 1475 653 1514 g.
672 1462 739 1504 iustis
754 1464 791 1503 vel
807 1463 929 1509 fidelibus,

84 1537 117 1566 an
135 1526 158 1566 et
176 1526 294 1576 quomodo
314 1526 425 1566 oin-nibus
447 1526 522 1575 detur,
544 1526 633 1576 spectat
651 1527 682 1567 ἃᾶ
702 1525 829 1566 sectionem
849 1527 880 1566 VI
902 1526 930 1566 de

80 1581 251 1630 distributione
268 1588 365 1639 gratiam
381 1615 413 1620 -
427 1582 538 1639 gratia:¹
553 1589 671 1629 auxilium
685 1589 715 1629 ἃᾶ
732 1589 798 1629 actus
814 1589 931 1629 salutares

82 1652 214 1704 eliciendos
232 1651 323 1692 datum.
342 1653 359 1691 E
379 1652 412 1692 th.
434 1655 445 1692 1
465 1656 478 1692 2
499 1654 525 1693 10
544 1655 569 1693 18
589 1652 678 1692 scimus
696 1651 814 1691 auxilium
834 1663 887 1693 vere
908 1651 931 1691 et

84 1717 194 1766 proxime
208 1714 326 1756 sufficiens
340 1714 470 1755 necessario
485 1715 607 1755 includere
621 1715 722 1766 gratiam
737 1715 858 1755 internum
873 1716 930 1754 enti-

80 1778 155 1818 tutive
170 1778 383 1828 supernaturalem,
400 1789 461 1829 quae
475 1778 596 1818 ordinarie
612 1776 764 1827 coniungitur
777 1789 833 1818 oum
848 1777 930 1828 aliqua

83 1841 162 1892 gratia
183 1841 286 1881 externa.
310 1840 352 1881 ast
370 1840 453 1891 gratia,
472 1852 532 1890 quae
549 1841 603 1881 actu
618 1840 729 1881 sollicitat
744 1842 774 1881 ad
792 1841 929 1881 iaciendum

80 1914 144 1954 opus
160 1903 270 1950 salutare,
287 1915 342 1954 ergo
357 1903 441 1943 saltem
456 1904 500 1943 hoc
517 1914 587 1943 sensu
603 1902 680 1954 gratia
694 1904 801 1943 actualis.

152 1995 176 2044 b)
196 1994 324 2044 Sequentia
339 1994 411 2034 verba
426 1993 548 2034 continent
563 1994 705 2033 diuisionem
719 1995 808 2044 gratiae
826 1994 851 2033 in
868 1993 928 2034 suffi-

78 2057 185 2097 cientem
201 2056 224 2097 et
239 2055 364 2110 efficacem}
391 2057 415 2108 o)
437 2055 598 2096 Suiiiciens
615 2056 651 2097 est
667 2067 695 2097 ea
713 2055 796 2107 gratia,
817 2068 877 2107 quae
897 2056 929 2094 ii

81 2120 155 2171 auget
167 2120 230 2160 vires
242 2120 368 2168 humanas,
382 2120 409 2160 ut
420 2121 526 2170 potentin
541 2119 627 2169 agendi
640 2120 671 2160 sit
684 2120 806 2169 completa.
823 2120 860 2160 Ad
873 2130 929 2160 eum

80 2183 171 2231 actum,
187 2182 256 2223 cuius
268 2182 411 2232 completam
424 2182 555 2233 potentiam
570 2181 668 2230 confert,
684 2182 760 2233 gratia
774 2181 863 2223 dicitur
876 2175 929 2234 pro-

83 2246 147 2285 ninie
162 2244 286 2285 sufficiens.
303 2245 329 2285 Si
343 2256 387 2294 ope
402 2244 469 2285 actus
483 2244 655 2296 praeparatorii
670 2246 700 2285 ad
715 2256 789 2285 novas
804 2245 893 2296 gratias
907 2245 930 2285 et

79 2307 208 2347 ulteriores
218 2307 284 2347 actus
295 2307 411 2347 salutares
421 2307 541 2358 perveniri
552 2307 636 2358 potest,
649 2309 721 2349 relate
733 2309 763 2349 ad
775 2309 819 2349 hos
831 2318 927 2358 sequen-

80 2370 120 2410 ·ies
134 2370 201 2410 actus
217 2370 263 2410 ista
279 2371 346 2420 prior
360 2370 437 2420 gratia
454 2370 552 2411 vocatur
575 2377 664 2411 remote
688 2371 811 2412 sufficiens.
839 2370 927 2419 Gratia,

84 2444 144 2483 quae
161 2444 209 2477 uon
227 2433 267 2473 dat
283 2433 426 2482 completam
448 2432 579 2482 potentiam
603 2435 633 2474 ad
656 2433 798 2474 eliciendum
823 2434 928 2485 aliquem
979 2463 981 2467 .

26 2538 28 2541 ,
78 2491 165 2536 actum*
179 2495 315 2543 salutarem,
333 2495 405 2536 relate
421 2496 531 2537 adhunc
548 2488 627 2537 actum
644 2498 679 2538 est
694 2498 843 2548 insufficiens
864 2498 895 2548 (v.
904 2510 926 2549 g.

84 2560 134 2599 sola
151 2558 227 2609 gratia
244 2559 341 2599 externa
356 2558 392 2599 est
407 2557 562 2608 insufficiens
575 2562 605 2601 ad
622 2560 753 2610 ‘quemlibet
770 2561 850 2601 actum
867 2560 928 2602 salu-

78 2623 166 2670 ¹tarem;
184 2621 261 2672 gratia
283 2620 383 2669 interna,
408 2632 468 2670 quae
490 2624 600 2673 proxime
617 2622 701 2663 sufficit
718 2623 748 2663 ad
765 2623 845 2664 actum
868 2624 927 2664 fidei

78 2684 200 2733 informis,
214 2685 249 2725 est
259 2691 347 2724 remote
359 2682 477 2733 sufficiens
488 2686 518 2725 ad
530 2685 609 2726 actum
622 2685 726 2727 caritatis
736 2687 925 2736 iustificantemt,

81 2772 113 2778 —-
132 2747 213 2788 Gratia
231 2747 348 2787 sufficiens
364 2746 512 2797 intellegitur
529 2750 571 2790 aut
589 2749 757 2800 praecisive,
779 2751 794 2789 i.
816 2762 835 2790 e.
854 2762 927 2791 enun-

78 2810 156 2851 tiatur
171 2821 227 2850 vera
244 2809 383 2864 sufficientia
395 2810 418 2849 et
435 2809 496 2850 nihii
513 2812 602 2852 dicitur
618 2813 648 2853 de
663 2812 757 2861 effectu,
777 2814 826 2854 scii
845 2813 926 2853 utrum

79 2873 127 2912 vfiat
141 2873 208 2913 actus
221 2872 333 2913 salutaris
344 2872 425 2918 necne,
442 2873 484 2912 aut
497 2874 640 2924 negative,
657 2875 671 2913 i.
688 2886 707 2915 e.
724 2870 865 2917 connotatur
879 2888 927 2917 non

78 2935 150 2985 sequi
168 2935 247 2976 actum
265 2935 400 2975 salutarem.
427 2936 453 2975 ln
478 2938 581 2977 secundo
598 2949 654 2978 casu
664 2937 813 2980 'distinctius'
830 2940 928 2980 vocatur
