2214 3350
242 208 243 211 Ἰ
268 156 269 159 “
308 162 384 198 Thesis
399 160 427 196 20,
445 161 545 196 Libertas
560 159 658 194 hominis
672 159 731 204 lapsi
908 155 945 192 415

95 271 187 322 partem
204 271 304 311 theseos.
322 296 353 301 —
369 269 531 309 Alexander
547 268 602 308 VIII
621 279 642 308 a.
661 269 715 308 1690
733 267 857 308 damnavit
874 277 910 317 pr.
931 269 945 306 6

96 334 323 375 lansenistarum
344 332 519 372 lovaniensium
542 331 585 382 (Dz
607 330 679 382 1296),
701 330 742 380 qui
761 330 872 371 dixerant
892 339 944 381 gra-

28 395 30 401 '
94 398 153 438 tiam
170 409 230 446 pare
253 395 407 438 sufficientem
428 406 499 435 sensu
520 393 636 434 catholico
658 391 801 433 intellectam
823 403 871 433 non
892 403 944 432 esse

94 471 180 500 verum
194 460 237 500 Dei
252 458 406 512 beneficium,
424 458 464 498 sed
479 457 559 508 potius
575 468 624 497 esse
638 455 805 507 perniciosum,
823 468 838 496 a
853 467 902 506 qua
916 455 943 494 ut

95 523 232 572 liberemur,
253 522 337 563 merito
356 521 477 572 possimus
494 521 580 570 petere.
600 543 631 551 —
650 519 780 560 Clemens
796 520 827 559 XI
846 531 868 559 a.
889 520 943 559 1713

94 586 183 626 multos
196 586 277 626 reiecit
288 596 380 626 errores
393 583 551 633 Quesnelli,
568 584 657 634 quibus
669 582 826 624 credentias
841 583 877 623 uis
892 594 944 633 pra-

94 650 140 689 1111
150 650 193 689 Dei
203 647 374 699 omnipotentis
386 646 535 687 asserebatur
548 648 578 698 (v.
588 657 623 696 pr.
633 649 704 686 9-25
717 646 760 704 [Dz
772 644 942 703 1359-137511,

163 734 333 775 Vaticanum
345 744 363 772 s.
375 736 389 773 3
400 744 450 783 cap,
462 735 476 772 3
489 733 531 783 (Dz
543 733 620 789 1791);
635 732 695 772 Actu
706 731 772 781 sidet,
786 730 859 772 etiam
870 730 943 770 intor-

94 798 148 845 mis,
169 798 258 837 «homo
277 797 377 836 1111111111
395 796 500 846 praestat
517 795 564 845 ipsi
583 795 631 836 Deo
649 794 832 842 oboedientiam,
853 793 943 844 gratiae

94 860 153 920 eius,
172 860 210 899 cui
227 861 335 900 resistere
350 865 437 910 posset,
454 858 623 899 consentiendo
640 859 663 899 et
679 858 855 908 cooperando».

94 997 149 1037 543.
185 996 216 1037 11.
236 995 365 1049 Scriptura.
391 997 417 1034 A.
438 994 544 1035 Gratiam
567 996 597 1035 ad
620 995 864 1045 perseverandum
888 1005 943 1034 vere

94 1059 250 1100 sufficientem
272 1059 385 1099 omnibus
403 1057 472 1098 iustis
489 1058 583 1107 praesto
607 1068 657 1097 esse
681 1058 737 1098 iam.
755 1057 884 1107 probatum
907 1056 943 1098 est

94 1124 127 1163 th.
145 1124 193 1162 611
211 1123 244 1173 (n.
261 1122 337 1172 17711.
353 1122 412 1161 Earn
428 1131 497 1171 saepe
513 1131 562 1161 esse
576 1133 637 1171 pure
653 1120 808 1160 sufficientem
822 1120 943 1161 cotidiana

39 1213 41 1220 >
94 1185 240 1235 experientia
259 1184 332 1224 docet.
351 1206 384 1214 -ι
402 1183 547 1233 Frequenter
563 1183 635 1223 etiam
654 1183 741 1224 directe
761 1184 797 1224 est
815 1194 893 1223 serino
913 1183 942 1223 de

93 1248 238 1299 gratianum
252 1249 276 1288 et
287 1258 348 1297 pure
363 1245 498 1287 sufficiente.

162 1333 186 1374 ls
204 1332 226 1380 5,
248 1333 315 1373 1-7,
335 1331 497 1383 Explicatio
515 1331 594 1372 textus
620 1332 658 1382 (ct.
679 1332 862 1381 [inuncabuuea
884 1332 943 1372 Gon-

94 1397 183 1444 dumio,
198 1395 340 1446 Kcutiscbiz
359 1396 386 1436 V.
402 1399 421 1435 1.
439 1413 449 1432 <1
459 1394 563 1435 Cantabo
578 1395 641 1453 [det]
656 1395 740 1436 dilecto
755 1405 808 1436 meo
822 1394 942 1435 canticum

94 1459 173 1500 dilecti
190 1459 219 1499 de
235 1460 306 1499 vinea
321 1459 374 1498 eius
390 1458 489 1515 [amoris
504 1458 555 1498 eius
572 1458 597 1498 in
614 1459 710 1498 vineam
727 1458 839 1516 ipsius‘l]:
867 1458 944 1498 Vinea
1016 1496 1018 1500 .

94 1522 141 1562 tuit
158 1522 243 1562 dilecto
259 1533 311 1562 meo
329 1522 354 1561 in
373 1511 431 1561 colle
448 1521 615 1571 pinguissimo.
635 1524 655 1562 2.
675 1521 705 1561 Et
722 1520 783 1561 1111111
802 1521 904 1581 [1111111
920 1521 943 1561 11

93 1584 206 1636 purgavit
222 1596 283 1629 eam
294 1586 316 1643 [a
333 1584 456 1634 lapidibus
473 1585 510 1624 vel
528 1585 611 1624 herbis
629 1583 764 1643 inutilibus]
784 1585 808 1625 et
824 1584 943 1635 plantavit

93 1648 166 1688 vitem
188 1647 258 1688 Sorec
283 1647 368 1705 [genus
383 1646 439 1686 vitis
455 1647 577 1706 optimae],
602 1648 626 1688 et
648 1647 785 1689 aedificavit
807 1647 894 1688 turrim
916 1648 942 1687 in

93 1711 172 1752 medio
186 1711 239 1751 eius
253 1710 306 1768 [pro
318 1710 466 1769 custodibus]
482 1710 505 1751 et
519 1709 624 1750 torcular
638 1710 755 1750 exstruxit
769 1709 795 1750 iri
810 1722 839 1751 ea
854 1710 942 1768 [certis-

94 1774 153 1814 sime
169 1784 269 1824 sperans
284 1773 393 1831 tructusl,
411 1773 434 1813 et
449 1772 600 1823 exspectavit,
617 1774 645 1829 ut
660 1774 748 1814 faceret
762 1784 829 1823 uvas,
848 1774 871 1815 et
887 1774 943 1814 iecit

93 1838 216 1878 labruscas
227 1837 330 1895 [tructus
340 1837 397 1877 vitis
407 1836 506 1887 agrestis
517 1837 555 1876 vel
566 1847 626 1876 uvas
638 1837 781 1884 immaturas
791 1838 815 1878 et
825 1836 940 1895 acerbas}

93 1904 113 1941 3.
133 1902 201 1941 Nunc
225 1912 295 1950 ergo,
314 1900 460 1940 habitatores
485 1900 614 1957 Ierusalem
632 1899 655 1939 et
672 1899 718 1941 viri
744 1900 811 1948 Iuda,
838 1899 941 1941 iudicate

94 1974 180 2014 quaeso
197 1963 260 2004 inter
275 1973 313 2002 me
328 1963 351 2003 et
366 1963 462 2002 vineam
478 1973 564 2002 meam.
583 1965 603 2002 1.
623 1962 685 2011 Quid
703 1963 768 2003 enini
784 1963 864 2013 potuit
877 1963 942 2005 ultra

94 2027 147 2067 fieri
158 2026 243 2067 vineae
253 2037 326 2073 meae,
339 2026 363 2066 et
373 2036 420 2065 non
432 2026 488 2066 fecit
501 2026 555 2074 Cur,
568 2017 623 2065 cuni
635 2024 803 2076 exspectarem,
816 2026 844 2067 ut
854 2026 942 2067 faceret

93 2088 164 2136 uvas,
173 2088 230 2129 iecit
241 2088 394 2129 labruscam»
409 2091 422 2128 5
435 2092 448 2129 6
461 2088 605 2129 describitur
616 2089 678 2129 iusta
691 2100 768 2140 poena
779 2088 864 2130 vineae
877 2089 942 2129 111111-
999 2089 1004 2103 ⁶

93 2152 177 2203 genita.
192 2153 208 2191 ,7
222 2151 366 2203 explicatur:
389 2169 398 2188 ιι
405 2151 482 2192 Vinea
498 2151 569 2193 Iahve
586 2152 691 2193 Zebaoth
706 2146 742 2193 est
757 2153 844 2192 domus
859 2153 940 2201 lsrael,

93 2217 116 2257 et
126 2217 172 2257 viri
187 2216 248 2256 Iuda
261 2214 408 2266 delectabilis
420 2214 536 2266 plantatio
551 2216 609 2255 eius.
626 2215 777 2267 Exspectavit
790 2215 836 2265 ius,
852 2216 876 2256 et
889 2227 941 2257 ecce

93 2279 182 2320 effusio
196 2278 327 2329 sanguinis,
344 2277 469 2326 iustitiam,
486 2279 509 2319 et
524 2289 576 2318 ecce
592 2278 712 2319 eiulatus»
733 2278 830 2330 (iniuste
846 2290 941 2330 oppres

94 2353 182 2389 sorum;
198 2341 223 2380 in
238 2341 303 2381 textu
319 2341 429 2381 hebraico
445 2340 569 2391 ponuntur
584 2342 645 2382 duae
660 2342 873 2393 agnominationesl

162 2432 378 2482 Argumentum.
398 2430 532 2481 Suppositis
549 2431 586 2479 iis,
605 2442 665 2483 quae
683 2431 779 2472 aliunde
797 2433 826 2473 de
842 2433 942 2480 necessi-

93 2496 139 2536 tate
150 2494 240 2545 gratiae
251 2496 358 2534 internae
370 2494 399 2534 ad
411 2505 482 2544 opera
495 2493 609 2535 salutaria
621 2494 716 2543 11111111,
729 2495 776 2536 dici
788 2496 876 2545 potest:
892 2496 942 2537 Hoc

93 2558 143 2598 loco
163 2558 198 2598 est
216 2568 294 2598 sermo
310 2557 338 2597 de
358 2555 441 2606 grat-iis
460 2556 532 2597 etiarn
552 2557 659 2607 internis,
681 2556 795 2598 Israelitis
812 2571 828 2599 a
846 2560 894 2600 Deo
914 2571 942 2600 eo

77 2645 79 2648 >
93 2621 143 2660 tine
157 2620 255 2669 collatis,
271 2621 299 2661 ut
307 2619 403 2681 *fructus
415 2630 515 2669 operum
529 2621 577 2661 Deo
590 2621 736 2671 placentium
751 2621 864 2662 ferrentl.
881 2624 941 2663 lam-

92 2694 148 2723 vero
171 2694 267 2723 sumnia
292 2681 427 2733 gratiarum
449 2682 564 2723 Israelitis
589 2684 729 2724 collatarum
755 2686 803 2726 fuit
830 2688 850 2726 1.
871 2698 941 2736 pure

154 2815 336 2858 1111111111111111
349 2822 373 2849 eo
385 2815 458 2857 magis
470 2814 529 2850 valet
542 2816 621 2851 contra
631 2817 719 2850 nostros
732 2816 880 2859 adversarios,
895 2816 939 2861 qui,

95 2869 162 2904 opera
173 2860 308 2899 naturaliter
319 2865 340 2895 et
352 2859 553 2912 supernaturaliter
565 2861 660 2907 honesta
671 2870 717 2896 riori
729 2861 899 2906 distinguentes,
913 2864 943 2898 ad

93 2914 170 2994 ῗὲξηῗῂ
181 2915 238 2996 οέἓῗ
262 2907 344 2942 bonum
354 2927 356 2929 v
368 2905 565 2941 indiscriminatim
591 2908 681 2952 exigunt
706 2909 803 2951 gratiam
828 2908 941 2944 internam

126 2979 129 2986 .
172 2979 176 2986 -
192 2970 203 2987 υ
233 2980 237 2987 .
938 2971 951 2983 ”
