2214 3350
267 181 343 217 Thesis
360 180 388 217 10.
407 181 473 216 Actus
490 179 603 216 entitative
621 171 803 224 supernaturales
921 176 958 213 211

114 293 192 335 tibus
202 289 277 331 fuisse
287 290 380 330 infusos
392 290 419 341 (P
432 290 465 330 III
477 291 534 329 1831
544 290 585 329 392
597 287 660 337 tin).
675 287 737 337 Ergo
749 286 820 326 unica
829 285 958 337 explicatio

114 352 199 396 rationi
219 353 348 393 conformis
366 352 412 394 est:
436 350 601 392 intunduntur
620 348 718 390 habitus
735 347 858 390 entitative
876 360 957 399 super-

113 416 240 464 naturales,
256 421 283 456 ut
297 422 362 455 actus
378 415 462 456 elevati
477 413 662 470 connaturaliter
675 412 805 463 procedant
819 423 849 452 ex
864 422 956 462 perma-

113 479 225 521 nentibus
236 477 360 529 principiis
371 477 475 520 elevatis.
489 478 550 518 Nam
563 476 589 516 hi
601 475 668 517 actus
680 476 736 516 sunt
748 475 847 526 effectus
860 475 957 514 univoci

112 542 238 584 habituum
255 542 397 582 infusorum.
414 567 446 572 —
462 539 584 581 Habitus
600 540 692 579 infusos
711 550 754 579 sua
770 537 868 578 entitate
885 536 955 588 perti-

112 617 166 647 nere
186 606 217 645 ad
235 605 343 645 ordinem
362 604 516 644 essentialiter
537 603 643 643 eiusdem
662 601 815 653 perfectionis
832 601 953 652 physicae,

111 670 178 710 euius
194 667 230 708 est
245 667 320 718 gretia
337 666 496 715 sanctificans,
514 665 587 707 etiam
603 665 679 707 elucet
696 676 725 705 ex
742 663 820 712 modo,
839 675 886 715 quo
905 664 954 703 Tri.

111 731 271 773 lentinuus.
290 733 303 770 6
321 742 370 781 cap.
389 731 403 770 7
423 731 464 782 (ΒΖ
480 730 547 781 1991)
567 741 607 770 eos
624 729 687 769 arcte
704 739 759 769 cum
776 728 860 768 eadem
878 727 955 778 gratia

138 793 240 845 niungit,
254 794 277 834 et
290 805 336 844 quo
351 793 491 833 Vaticanum
504 804 522 832 s.
537 796 550 833 3
564 804 614 843 cap.
629 794 642 832 3
657 792 699 844 (Du
715 792 775 840 tter,
790 791 820 830 ef.
837 790 954 831 Tridenti-

143 869 168 897 rn
180 859 316 907 1611115
328 856 370 914 [Dz
382 857 441 915 808])
454 854 562 897 habitum
576 855 640 904 iidei,
654 854 709 895 lieet
720 854 845 895 commisso
858 853 952 904 peccato

109 919 203 961 mortali
218 931 232 959 a
245 919 321 970 gratia
335 918 497 959 sanctificante
511 918 654 969 separatum,
670 918 793 969 tamquam
809 917 899 957 donum
916 927 952 956 su-

109 981 259 1035 pernaturale
277 982 405 1031 13111111.
424 1004 455 1015 —s
472 982 572 1022 Habitus
589 981 668 1021 autem
687 980 818 1020 caritatis
836 980 898 1020 certo
918 979 952 1019 est

108 1058 181 1097 aeque
204 1044 390 1095 supernaturalis
412 1056 438 1085 ac
460 1044 535 1095 gratia
558 1043 718 1092 sanctificans
740 1056 796 1083 nam
819 1043 951 1083 secundum

108 1108 196 1163 multos
211 1108 331 1158 theologos
346 1119 402 1147 cum
417 1107 499 1147 euclem
514 1108 550 1148 est
565 1107 658 1147 realiter
674 1107 800 1154 identieus,
819 1107 950 1147 secundum

108 1172 174 1219 alios,
190 1171 216 1212 ut
230 1170 254 1211 S.
270 1171 387 1211 Thamara
403 1170 436 1222 (S.
452 1170 485 1210 tt.
501 1173 520 1218 1,
536 1174 549 1210 2
563 1182 586 1220 q.
602 1172 642 1210 111
656 1182 677 1210 a.
686 1169 718 1220 4),
733 1169 809 1219 gratia
823 1170 858 1209 est
872 1169 951 1219 prin-

84 1234 214 1285 ,atpium
231 1233 325 1274 meriti
341 1233 505 1283 principaliter
520 1244 563 1283 per
581 1232 710 1272 caritatem.

106 1363 160 1404 302.
197 1365 217 1402 3.
238 1361 312 1404 Actus
329 1359 467 1414 dispesitivt
488 1360 527 1413 qui
546 1371 576 1401 ex
594 1359 646 1400 solu
665 1359 743 1411 gratia
763 1359 850 1401 actuali
869 1369 948 1411 proce²

106 1425 171 1466 dunt.
186 1426 208 1476 a)
223 1426 250 1464 11
262 1426 308 1465 hoe
319 1436 374 1465 casu
387 1424 464 1474 gratia
476 1422 576 1464 actualis
588 1423 721 1463 secundum
733 1422 875 1462 recentiores
887 1422 949 1461 theo-

105 1488 173 1538 logos
187 1487 370 1527 transeunter
387 1486 511 1537 supplet,
530 1487 594 1537 quod
612 1496 680 1526 secus
696 1487 726 1526 ab
743 1484 867 1526 habitibus
883 1495 949 1536 prae-

106 1551 187 1591 statur.
208 1551 273 1591 Certe
290 1550 356 1590 actus
374 1549 567 1600 supernaturales
584 1548 641 1589 fidei
657 1548 687 1589 11·
700 1548 757 1599 spei,
777 1548 818 1599 qui
836 1548 902 1589 11111
918 1548 947 1588 ab

105 1612 200 1652 homine
215 1612 336 1652 habitibus
358 1612 444 1652 infusis
465 1611 565 1658 carente,
583 1622 630 1651 non
646 1611 727 1651 minus
747 1611 847 1661 positive
871 1611 947 1661 dispo-

103 1681 165 1715 nunt
176 1676 206 1715 ad
219 1674 419 1723 iustificationem,
434 1686 506 1725 quarn
519 1675 592 1715 iidem
606 1674 672 1714 actus
685 1673 710 1713 in
723 1673 805 1724 aliquo
816 1674 944 1724 peccatore,

104 1738 146 1787 qui
161 1737 258 1777 habitus
273 1737 330 1777 istos
345 1737 453 1778 servavit.
471 1738 533 1787 Ergo
549 1737 620 1777 etiam
636 1737 703 1777 actus
720 1736 834 1777 salutares
849 1748 879 1776 ex
896 1737 946 1777 sola

103 1800 178 1850 gratia
198 1800 284 1840 actuali
305 1799 456 1850 procedentes
477 1800 532 1840 sunt
551 1799 672 1840 entitative
694 1799 894 1850 supernaturales.
915 1824 946 1829 —

103 1863 126 1914 b)
142 1864 219 1904 Etiam
232 1875 274 1914 pro
286 1864 324 1903 his
336 1864 428 1904 actibus
440 1864 462 1904 et
475 1875 517 1914 pro
530 1865 608 1914 primo
622 1863 689 1904 initio
704 1864 762 1904 fidei
775 1864 851 1915 gratia
865 1864 945 1914 aliqua
963 1912 966 1923 Ι

103 1927 202 1976 interna,
216 1927 360 1968 illuminatio
371 1927 421 1969 scil.
435 1928 458 1968 et
468 1927 593 1978 inspiratio
605 1930 628 1969 S.
642 1928 753 1979 Spiritus,
766 1929 802 1969 est
813 1929 945 1969 seeundum

103 1992 179 2033 fontes
203 1992 334 2033 absolute
357 1993 520 2033 necessaria
545 1992 588 2044 (th.
608 1997 619 2033 1
639 1996 652 2033 2
670 1993 691 2044 8)
727 1993 845 2034 tcouiert
869 1994 946 2034 vires

101 2056 236 2108 physicas
253 2058 284 2108 [n.
302 2057 359 2107 188).
375 2058 448 2108 Atqui
462 2058 506 2098 hoc
522 2069 571 2098 non
585 2057 661 2108 potest
676 2057 745 2099 aliter
760 2058 881 2109 explicari,
899 2058 945 2098 nisi

100 2131 135 2169 eo,
153 2123 217 2172 quod
235 2121 313 2172 agitur
329 2123 356 2162 de
373 2121 466 2162 actibus
483 2123 604 2162 entitcts'ue
619 2123 841 2173 supernaturalibus
858 2123 944 2174 produ-

101 2186 183 2226 cendis
196 2187 238 2238 (eis
248 2198 297 2237 arg.
311 2187 339 2237 l).
352 2188 415 2238 Ergo
426 2187 496 2227 etiam
509 2187 534 2227 hi
547 2186 613 2228 actus
625 2187 740 2228 salutares
751 2188 774 2228 et
785 2199 868 2229 eorum
881 2188 944 2239 prin-

100 2249 190 2300 cipium
201 2251 339 2302 gratuitum,
353 2252 368 2291 i.
381 2263 402 2292 e.
416 2251 492 2303 gratia
503 2251 603 2300 actualis
614 2251 798 2294 illuminationis
808 2254 832 2295 11
843 2253 944 2304 inspira

151 2315 171 2355 is
185 2315 298 2364 internae,
315 2317 370 2357 sunt
382 2315 505 2357 entitative
518 2317 718 2367 supernaturales.
732 2342 764 2348 —
777 2317 798 2368 e)
816 2319 875 2358 Cum
890 2329 944 2368 aga-

99 2377 138 2417 tur
167 2379 196 2419 de
227 2381 317 2420 forma
347 2379 520 2429 simpliciter
551 2381 768 2431 supernaturali
798 2382 942 2431 inducenda,

99 2443 218 2494 quidquid
237 2455 283 2485 non
302 2445 404 2495 pertinet
423 2445 452 2485 ad
472 2446 575 2486 eundem
593 2446 701 2488 ordinem
722 2447 838 2495 divinum,
860 2448 944 2498 nequit

160 2592 167 2612 1
181 2592 289 2627 Schniid
302 2601 323 2637 p.
337 2590 373 2627 269
386 2590 419 2625 ita
433 2591 613 2634 argumentatur:
632 2592 695 2626 «Zur
708 2590 782 2626 vollen
794 2591 943 2636 Ausstattung

99 2635 138 2671 der
156 2638 358 2674 Gotteskindsehait
376 2637 473 2682 gehiiren
492 2639 563 2673 neben
582 2639 621 2674 der
639 2638 847 2683 heiligmaehenden
867 2639 942 2675 Gnade

99 2684 177 2720 immer
189 2686 247 2720 auch
258 2686 292 2721 die
305 2686 478 2730 eingegossenen
489 2685 615 2729 Tugenden.
629 2687 677 2723 Wie
690 2695 738 2721 nun
750 2685 809 2722 dicse
822 2686 943 2731 Tugenden

98 2733 363 2775 rugestandenermcssen
375 2733 415 2768 aui
428 2733 466 2767 der
480 2734 545 2768 einen
558 2734 615 2770 Seite
629 2734 669 2769 mit
683 2735 723 2769 der
735 2733 943 2778 heiligmachenden

99 2777 175 2816 Gnade
188 2782 227 2816 aui
240 2781 277 2817 der
290 2781 390 2825 gleichen
402 2781 464 2815 Hohe
477 2780 560 2825 slehen,
575 2791 599 2816 so
612 2782 663 2817 sind
675 2782 707 2817 sie
721 2782 869 2818 andererseits
882 2783 943 2818 ihrer

98 2826 169 2862 Natur
187 2828 245 2864 nach
262 2829 389 2864 wesentlich
406 2838 433 2863 zu
451 2828 511 2863 einer
530 2829 720 2874 entsprechenden
738 2830 848 2874 Tatigkeit
867 2831 942 2874 hinge-

98 2874 181 2911 ordnet.
203 2876 235 2911 Ist
253 2886 307 2911 man
326 2877 359 2920 da,
380 2885 404 2912 so
423 2876 503 2919 fragen
520 2877 568 2918 wir,
590 2878 651 2913 nieht
669 2878 780 2922 geradezu
798 2887 940 2923 gezunmgen‚

98 2923 231 2974 iuenigstens
249 2925 291 2960 den
308 2933 348 2959 aus
366 2925 442 2959 diesen
460 2924 580 2968 Tugenden
597 2925 793 2969 hervorgehenden
810 2926 941 2962 Heilsakten

98 2976 134 3003 ern
148 2970 241 3006 haheres
255 2972 384 3016 physisches
401 2972 453 3007 Scin
467 2972 648 3008 zuzuschreiben‘?
657 2986 667 3005 >t
