2214 3350
155 213 197 249 Δ1126
234 211 305 249 Sectio
315 211 339 247 V.
354 210 399 247 Art.
415 211 430 246 Ι.
445 210 550 246 Doctrina
559 210 619 268 »catii
636 210 661 245 de
674 209 730 253 grat.
745 208 813 245 suffic.
828 209 848 245 et
863 207 944 244 efficaci
1012 205 1014 209 ”

157 319 269 355 inantus
288 319 387 363 quidam,
408 319 529 365 secundum
548 315 616 362 auem
632 316 698 351 homo
714 314 782 351 habet
801 317 939 361 propositam
957 325 1005 361 per-

155 370 276 407 severandi
290 370 315 405 iu
328 371 386 406 bono
400 379 470 415 usque
483 371 508 405 in
520 368 588 404 tinem
596 382 614 413 n,
631 369 668 414 qui
682 368 750 404 etiam
764 368 861 414 pertinet
875 369 904 404 ad
918 369 1004 413 sortita-

156 422 243 464 dineni;
255 423 282 458 ci.
297 422 315 466 2,
330 422 342 459 2
354 432 373 468 q.
390 422 425 458 137
436 423 462 458 de
474 419 640 468 perseuerantia
653 420 680 466 (a.
696 420 746 456 3de
761 420 901 468 constantia).
917 421 946 455 Hi
961 421 1003 456 duo

157 475 249 511 habitus
265 474 375 510 virtutum
391 473 508 509 moralium
525 470 648 508 secundum
664 473 685 508 S.
704 471 811 508 Thomam
828 473 888 507 omni
904 470 963 507 iusto
980 471 1005 507 in

158 525 317 562 'iustificatione
334 526 489 562 intunduntur,
506 543 530 549 —
544 526 564 571 c)
581 524 630 560 Alio
645 533 712 560 sensu
726 524 893 569 perseverantia
908 524 1004 559 emititur

158 579 185 614 ut
201 580 264 613 actas
283 578 326 625 (vel
342 578 440 613 collectio
457 575 563 621 actuum),
582 576 603 612 et
621 575 652 612 sic
669 576 702 611 est
716 588 731 609 ,11
740 576 877 611 continuatio
895 576 1005 621 quaedam

156 630 212 665 <boni
225 639 295 675 usqae
310 630 340 666 aa
351 630 418 675 finem
430 629 513 664 citae».
529 628 547 670 2,
560 628 572 664 2
586 638 605 673 q.
622 628 656 664 137
669 638 688 664 a.
706 627 715 663 1
730 629 759 664 ad
772 629 785 665 2
799 627 916 673 distinguit
929 628 1004 664 aetum

160 682 317 727 perseverandi
337 681 505 725 incomptetnm:
527 680 547 715 si
568 680 618 724 quis
639 680 736 724 «incipit
756 681 844 724 exsequi
866 679 1005 725 aliquamdiu

155 733 304 779 persistendo,
322 732 457 767 nontamen
472 730 566 776 complet
582 731 684 774 acturum
702 730 722 766 et
738 731 881 775 completam:
901 732 920 766 si
938 740 1004 776 uper-

156 785 219 821 sistit
238 793 307 829 usqne
327 783 355 819 ad
374 784 466 829 finem»,
488 783 533 819 scil¹
555 783 591 832 vel
612 795 623 816 «
631 792 701 827 usque
720 783 750 818 ad
771 783 890 819 terminant
910 783 1004 819 virtuosi

156 836 239 883 >operia
259 837 315 872 sicut
333 835 392 881 quod
408 834 471 870 miles
486 835 611 880 perseveret
628 844 698 879 usque
716 835 745 870 ad
761 834 829 871 finem
848 834 1001 876 certaminis»,

159 888 278 932 vetusque
294 888 323 923 ad
340 900 350 920 (1
359 887 463 922 nltimam
477 887 544 932 tinem
560 887 627 922 totius
643 887 701 922 citae
718 888 856 923 humanae».
874 887 901 923 In
916 887 1005 923 actibus,

155 939 217 984 fidei,
234 940 281 985 spei
295 940 316 975 et
331 939 431 975 caritatis
447 939 551 974 dehemus
567 948 607 984 per
621 939 692 974 totam
706 938 777 974 vitam
789 947 936 984 perseverare.
957 952 967 972 11
975 938 1003 973 Ε1

88 1020 89 1023 ,
155 992 208 1027 ‚ideo
220 991 322 1037 respectu
333 991 415 1026 harum
426 990 540 1034 virtutum,
555 1000 612 1035 quae
625 991 677 1026 sunt
689 990 830 1036 principales,
846 1000 891 1026 non
903 998 1004 1027 eonsum-

159 1043 233 1078 matur
245 1042 308 1078 actus
320 1041 498 1088 perseverantiae
509 1051 580 1086 usque
593 1042 698 1078 adfinem
709 1043 774 1079 vitae.
788 1044 816 1078 Et
828 1042 949 1085 secuudum
962 1043 1003 1078 hoc
1034 1071 1035 1074 ,

159 1094 296 1138 inquinans
317 1094 398 1140 accipit
415 1094 604 1140 perseverantiam
623 1104 663 1140 pro
684 1095 735 1130 actu
755 1095 934 1141 perseverantiae
954 1104 1003 1130 con-

154 1145 274 1181 summato.
285 1159 295 1178 n
307 1147 403 1189 -Quae
416 1147 435 1183 S.
449 1146 545 1183 Thomas
557 1146 593 1182 hic
606 1147 659 1182 dicit
672 1147 698 1182 de
709 1146 875 1191 perseverantie
887 1148 912 1182 in
921 1147 1003 1192 tacien-

154 1198 192 1233 dis
206 1198 274 1241 bonis,
288 1198 364 1233 eodem
375 1199 440 1234 modo
451 1198 526 1234 valent
537 1198 564 1233 de
576 1199 742 1244 perseverantia
754 1199 778 1234 in
790 1200 886 1235 citandis
898 1200 1000 1244 peccatis.

162 1288 163 1291 ’
228 1283 250 1335 a)
280 1284 460 1325 Perseverantia
486 1283 560 1335 igitur
588 1284 721 1333 actualis,
751 1284 944 1326 contradistincta
972 1284 1003 1326 ab
1038 1331 1040 1333 ‚

156 1346 315 1395 'liabitualn
332 1346 397 1387 idem
410 1347 445 1388 est
459 1359 486 1388 ac
501 1348 647 1388 conservatio
662 1353 736 1388 statas
751 1348 840 1399 oratioe
856 1348 879 1389 et
893 1340 1003 1389 omnium

153 1409 281 1450 uirtutum.
304 1410 346 1451 Est
366 1410 390 1460 a)
406 1407 545 1461 imperjeeta
567 1421 608 1451 seu
631 1409 810 1462 temporalis,
833 1411 850 1451 i.
866 1423 885 1452 e.
903 1423 946 1462 per
961 1412 1003 1452 ali-

155 1473 222 1522 quod
237 1472 333 1523 tempus
348 1471 452 1514 notabile
466 1472 608 1523 perdurans
625 1474 648 1515 et
670 1473 692 1528 β)
708 1474 814 1525 perfecta
831 1484 871 1515 seu
888 1474 1001 1523 finalis,

154 1535 174 1574 i.
192 1546 211 1575 e.
229 1536 350 1586 usquead
367 1536 443 1575 linem
458 1535 519 1576 vitae
536 1535 681 1591 pertingens.
699 1536 761 1577 Haec
776 1538 811 1578 est
827 1538 1003 1589 perseverantie

153 1598 297 1649 ‚simpliciter
313 1598 384 1639 dicta.
402 1599 459 1639 Eius
474 1598 576 1640 essentia
592 1599 665 1652 adest,
684 1600 814 1641 dummodo
830 1612 895 1642 mors
911 1600 1003 1642 accidet

157 1662 183 1701 in
197 1661 260 1702 statu
272 1662 370 1712 gratiae,
386 1662 441 1713 lieet
452 1663 491 1703 hic
507 1661 582 1703 status
593 1662 666 1703 tuerit
678 1663 841 1704 brevissimus¹
858 1665 934 1713 Quare
949 1675 1001 1715 pec-

153 1725 222 1766 cator
238 1727 265 1765 in
280 1726 380 1767 articulo
398 1727 480 1767 mortis
498 1727 546 1766 Deo
565 1725 730 1768 reconciliatus
748 1727 771 1768 et
787 1728 902 1778 parentas
922 1727 1002 1768 stetim

157 1789 210 1840 post
219 1789 368 1840 baptismum
380 1789 514 1846 susceptum
525 1790 653 1830 defunctus
663 1801 720 1831 vero
731 1801 802 1831 sensu
812 1791 902 1832 habent
911 1792 1001 1832 donum

157 1852 353 1902 perseverentiae.
373 1853 437 1901 Quae
454 1852 508 1893 licet
523 1859 632 1903 respecta
650 1852 721 1894 linias
739 1853 802 1894 vitae
819 1854 915 1905 propter
932 1864 1001 1895 suam

154 1910 361 1967 imperfectionem
380 1916 421 1956 vix
439 1916 570 1956 mereretur
589 1927 676 1956 nomen
696 1916 892 1967 perseverentiae,
912 1917 999 1966 tamen,

153 1980 214 2030 ⁴(ruia
226 1979 302 2028 efficit,
315 1979 342 2021 ut
354 1979 429 2020 status
441 1978 530 2030 gratiae
544 1979 570 2019 in
583 1979 706 2020 aeternum
720 1980 878 2028 conservetur,
893 1987 1000 2031 respectu

157 2044 218 2083 vitoe
235 2049 344 2082 aeternae
362 2043 397 2083 est
413 2043 511 2083 omnino
529 2041 641 2093 perfecta.
658 2067 690 2074 -
706 2043 730 2095 h)
751 2042 805 2084 Alio
822 2053 892 2085 sensu
910 2042 1000 2083 contra-

152 2105 313 2156 distinguitur
327 2105 502 2155 perseverantia
518 2104 642 2146 actualis
657 2105 706 2146 sive
721 2106 789 2147 actus
804 2107 970 2156 perseverandi
986 2119 1001 2148 a

153 2169 332 2221 perseverantia
347 2167 500 2219 potentiali
518 2168 567 2209 sive
583 2180 598 2208 a
613 2167 726 2219 potestate
742 2168 917 2219 perseverandi.
934 2170 1001 2211 Hanc

155 2232 295 2284 potestatem
308 2233 386 2272 ononis
399 2233 475 2272 instas
488 2231 560 2272 habet
574 2232 617 2283 (th.
632 2236 644 2273 6
658 2231 699 2282 II);
713 2232 787 2282 exigit
802 2233 921 2283 «spectate
930 2231 1000 2274 'anai-

152 2296 234 2336 vtiana»
249 2306 320 2336 sensu
330 2307 354 2335 n.
368 2297 406 2335 171
418 2295 441 2335 51
452 2297 492 2336 171
503 2294 627 2346 explicato,
640 2294 744 2336 actuales
754 2287 804 2336 soil.
816 2294 904 2346 gratias
916 2306 1000 2336 sanan-

156 2359 191 2400 tes
207 2359 277 2400 donis
295 2358 459 2399 habitantibus
476 2358 502 2398 in
518 2357 687 2399 iustificatione
713 2357 801 2399 infusis
826 2358 998 2409 superadditas.

152 2422 204 2462 Hae
219 2421 293 2473 igitur
307 2421 404 2473 gratiae,
420 2421 491 2473 prout
505 2434 520 2462 a
534 2423 583 2462 Deo
600 2421 761 2463 conceduntur
775 2422 799 2463 et
813 2435 827 2463 e
843 2422 911 2463 iustis
925 2423 1000 2474 impe-

156 2478 213 2526 trari
227 2486 334 2537 possunt,
352 2485 408 2526 sunt
420 2496 474 2525 vere
489 2485 636 2537 sufficientes
651 2486 682 2526 ad
696 2485 796 2526 vitanda,
809 2485 889 2527 omnia
904 2486 1001 2538 peccate

152 2549 272 2590 mortalia.
298 2549 346 2590 Sed
367 2547 489 2589 actualis
511 2548 688 2598 perseverantia
705 2548 740 2589 est
757 2548 848 2589 donum
865 2549 1000 2600 specialium

156 2623 212 2652 nam
227 2624 275 2651 non
292 2612 362 2653 datar
379 2611 490 2652 omnibns
506 2613 583 2652 iustis.
602 2613 637 2652 Ex
653 2611 726 2652 altere
744 2610 811 2662 parte
827 2623 883 2653 sane
900 2624 948 2652 non
965 2612 1001 2653 est

156 2676 246 2715 tionum
259 2675 458 2725 specialissimam
469 2674 496 2714 ut
508 2686 531 2714 v.
540 2685 563 2724 g.
578 2674 718 2715 immunitas
731 2676 761 2715 ab
775 2676 841 2715 omni
854 2676 948 2725 peccato
961 2687 999 2717 ve-

155 2737 213 2778 niali
225 2738 264 2789 (ci.
282 2738 398 2790 11.16355);
410 2737 546 2779 conceditur
556 2739 621 2783 enim
631 2739 751 2787 omnibus
764 2739 806 2790 qui
818 2738 960 2780 sanantur.
968 2763 1000 2769 ——

217 2870 224 2891 1
240 2869 305 2905 Recte
321 2868 402 2904 dicitur
416 2870 498 2905 donum
512 2870 691 2914 perseverantiae
706 2879 753 2905 esse
767 2869 792 2904 in
806 2872 912 2915 potestate
928 2872 999 2907 omnis

152 2916 217 2958 'insti
228 2916 269 2951 hoc
284 2915 344 2951 enini
358 2915 414 2950 nihil
428 2915 490 2951 aliud
504 2916 537 2950 est
550 2915 606 2952 nisi:
624 2916 699 2951 Omnis
713 2915 787 2951 iustus
801 2917 872 2961 potest
887 2917 928 2952 sihi
943 2926 1000 2953 com-

152 2971 235 3007 parare
254 2970 291 2997 eas
310 2960 402 3005 gratias,
421 2961 500 3006 quihus
517 2969 659 3006 perseverare
677 2961 749 3007 potest
768 2962 788 2997 et
806 2962 961 3007 perseverabit,
980 2964 1000 2998 si

152 3008 254 3043 voluerit.
267 3019 302 3032 ·—
322 3007 426 3043 Potentia
445 3008 603 3053 perseverandi
626 3008 702 3044 eodem
723 3008 789 3043 modo
811 3009 947 3053 praescindit
970 3009 998 3044 ab
