2214 3350
176 158 214 195 230
289 128 291 131 -
318 133 373 194 Sect.
392 158 431 194 ΙΙΙ.
451 158 531 194 ArttI.
549 159 579 193 De
595 165 699 203 processu
716 156 894 193 iustificationis-

175 267 228 309 321,
250 264 348 310 Deniile,
361 266 399 302 Die
411 264 615 302 obeodldndischeo
626 265 812 310 Schriftausleper
825 265 853 311 (p.
867 264 908 301 VII
913 265 932 311 s)
946 264 1019 308 affert,

177 328 234 364 quae
257 319 359 355 Luther
382 327 461 354 versus
477 317 543 352 finem
560 316 620 353 vitae
645 315 692 354 1545
716 317 742 353 de
766 315 857 359 Romi,
877 315 900 352 17
918 315 1017 361 scripsit:

178 371 293 407 «Oderam
312 373 372 416 enim
390 372 522 408 vocabulum
540 370 601 406 istud
619 369 708 404 lustitia
727 369 773 411 Det,
793 368 852 413 quod
869 376 913 403 usu
932 367 954 403 et
971 376 1020 403 con-

174 423 291 460 suetudine
303 424 422 459 omnium
435 424 549 459 doctorum
562 422 639 458 doctus
653 430 714 457 eram
727 420 877 467 philosophice
890 419 1017 464 intellegere

176 475 202 511 de
218 475 312 518 iustitia,
330 477 355 511 ut
371 476 450 512 vocant
465 474 555 510 formali
571 483 611 509 seu
627 473 706 515 activa,
724 482 770 518 qua
784 473 844 519 Deus
860 472 892 507 est
908 471 982 507 iustus
998 471 1018 507 et

174 527 300 572 peccatores
311 527 450 572 iniustosque
461 526 566 572 punit...
578 527 652 561 Donec
662 524 779 561 miserente
790 525 835 561 Deo
846 522 1018 560 meditabundus

174 578 221 614 dies
236 578 257 613 et
270 578 346 614 noctes
361 578 519 613 connexionem
532 578 650 613 verborum
666 577 842 612 attenderem...
859 576 892 610 lbi
907 574 1017 610 iustitiam
1047 614 1049 617 .

174 630 215 665 Dei
233 631 293 676 coepi
310 630 438 674 intellegere
457 638 513 671 eam,
532 639 576 674 qua
593 628 667 664 iustus
684 629 741 663 dono
759 628 799 663 Dei
816 627 877 670 vivit,
895 636 974 672 nempe
993 636 1018 662 ex

174 680 265 725 fide...
284 681 367 717 seilicet
383 681 503 726 passivam,
522 690 567 726 qua
582 690 623 716 nos
640 681 697 716 Deus
714 679 840 715 misericors
857 678 962 715 iustificat
978 688 1018 725 per

174 731 281 770 fidem...
299 733 387 776 Quanto
402 733 452 768 odio
468 733 600 768 vocabulum
616 733 703 767 iustitio
717 733 757 767 Dei
774 732 864 767 oderam
880 731 937 774 ente,
955 730 1017 779 tanto

173 784 252 820 ardore
263 784 417 820 dulcissimum
428 784 484 820 mihi
496 784 628 820 vocabulum
641 783 776 825 extolleham,
790 784 823 819 ita
834 784 889 818 mihi
901 782 942 819 iste
954 783 1015 818 locus

172 836 238 871 Penii
256 836 299 871 tuit
316 845 367 872 vere
385 837 450 881 porta
468 837 595 882 paradisi.»
615 837 711 872 Posthac
731 846 753 872 se
772 835 851 880 legisse
870 834 1015 884 Augustini

171 887 202 922 De
216 887 268 932 spir.
285 889 305 922 et
319 887 361 926 int„
374 888 448 933 ibique
462 888 540 924 contra
552 897 640 923 omnem
654 897 715 934 spem
728 888 840 923 invenisse
853 887 936 924 textum
951 887 1016 932 expli-

172 939 246 974 catum
260 939 286 975 cle
299 939 387 975 institia
400 940 446 984 Dei,
463 952 473 973 «
482 949 526 985 qua
539 950 579 976 nos
593 941 652 976 Deus
666 939 745 982 induit,
762 940 814 975 dum
828 948 868 975 nos
882 939 1013 975 iustificat».

171 1013 195 1025 .-
205 992 289 1038 Denide
300 992 385 1038 profert
396 992 518 1028 sententias
528 992 552 1028 66
563 992 709 1037 interpretum
721 991 901 1034 occidentalium„
909 999 1015 1035 magnam

171 1044 257 1088 partem
273 1044 388 1089 hucusque
404 1043 545 1086 ineditorum,
564 1044 644 1088 quibus
662 1043 761 1090 apparet,
779 1052 846 1087 quem
863 1043 922 1079 false
939 1043 983 1078 sint
1001 1052 1015 1078 a

172 1096 266 1131 Luthero
285 1096 395 1131 asserta1.

246 1232 346 1278 rhesis
362 1233 397 1276 11.
422 1206 459 1273 nn
477 1232 672 1274 insinuationem
689 1232 783 1273 aduitus
802 1232 873 1273 cebet
891 1243 918 1273 se
936 1232 1013 1284 nispe

170 1308 226 1338 nere
242 1308 283 1349 per
298 1298 368 1338 actns
383 1298 510 1344 salutares,
528 1298 558 1337 ad
573 1307 633 1349 qnos
649 1297 743 1349 praeter
760 1296 817 1338 alios
834 1296 935 1349 pertinet
951 1296 1012 1360 tides

169 1362 314 1414 dogmatica,
334 1362 382 1402 non
399 1372 455 1403 vero
472 1361 534 1402 tides
552 1361 670 1403 fiducialis
688 1361 882 1403 Protestantinm.

170 1488 225 1528 322.
258 1488 276 1523 P
290 1496 322 1533 pr.
338 1487 385 1524 sos.
400 1466 487 1523 quer.
504 1496 524 1522 n.
540 1487 644 1530 eie-em
658 1486 760 1525 oseem
775 1504 800 1518 -e
813 1488 880 1523 nan.
895 1496 927 1533 pr.
943 1487 972 1523 38.
989 1508 1014 1515 -

169 1541 221 1577 ian.
238 1550 258 1576 n.
276 1540 379 1577 neces.
395 1562 421 1568 -
436 1540 511 1578 sehin
527 1540 558 1577 tn.
574 1541 609 1577 ss,

240 1637 278 1683 st.
295 1650 343 1693 qu.
363 1641 382 1678 l.
399 1637 489 1679 Nenus.
509 1638 564 1679 Post
579 1640 743 1679 necessitatem
759 1639 847 1689 gratiae
864 1639 934 1690 etque
951 1639 1011 1680 eius-

166 1702 221 1742 dem
241 1700 363 1752 generales
382 1700 537 1752 proprietates
562 1701 695 1751 protonolo
723 1702 745 1743 et
771 1702 1009 1753 supernaturalitotis,

165 1776 229 1804 nunc
242 1764 267 1803 in
281 1765 358 1815 specie
372 1764 401 1804 de
413 1764 538 1814 singulis
551 1764 694 1805 classibus
707 1765 825 1806 donorum
839 1765 926 1815 gratiae
939 1777 1009 1815 agen-

166 1829 225 1868 dum
243 1827 285 1868 est.
305 1827 334 1867 Et
353 1827 430 1877 primo
450 1825 548 1878 quidem
566 1827 595 1868 de
615 1828 684 1868 donis
702 1827 914 1869 habitualihus.
935 1829 1008 1877 Quae,

165 1890 221 1941 quie
242 1891 267 1930 in
288 1890 457 1932 iustificatione
479 1891 649 1939 infunduntur,
671 1891 764 1942 gratie
785 1890 1009 1932 iustificationis

164 1953 365 2003 voceripossunt.
380 1954 414 1994 De
428 1955 473 1998 hae
488 1953 561 2003 igitur
575 1952 651 2003 gratis
666 1954 690 1993 in
705 1954 806 1994 sectione
820 1954 862 1994 III.
879 1954 1008 2005 sequentes

166 2016 299 2056 doctrinam
315 2016 450 2056 Tridentini
467 2018 494 2068 (s.
511 2019 523 2056 6
538 2017 601 2057 decr.
618 2017 647 2057 de
662 2016 757 2067 instit),
773 2016 871 2057 articulo
886 2018 898 2057 l
913 2028 1008 2067 genere-

164 2080 219 2120 liter
243 2090 408 2129 processum
433 2078 610 2119 iustificationis
628 2079 813 2127 consideremus,
841 2079 957 2129 quatenus
982 2080 1007 2121 in

165 2142 246 2183 adulto
260 2135 457 2193 'praeparatur
478 2141 616 2183 iustiiicstio
637 2153 679 2193 per
699 2142 806 2193 aliquem
829 2143 1007 2194 dispositionem

166 2206 208 2256 (th.
226 2205 259 2256 tl)
278 2206 300 2246 et
315 2204 450 2246 consistit
465 2205 490 2244 in
507 2204 644 2246 remissione
661 2205 810 2255 peecatorum
826 2205 896 2257 atque
913 2206 1006 2248 interna

225 2351 232 2372 1
247 2351 277 2386 Cf.
291 2350 407 2393 Denifle‚
421 2351 506 2386 Luther
517 2360 537 2387 tt.
555 2350 684 2386 [otherium
696 2352 717 2386 p
729 2360 750 2397 p.
764 2350 810 2387 424:
829 2351 891 2386 «Des
904 2351 1006 2388 Resultat

162 2396 198 2438 ist,
212 2396 264 2431 dass
275 2397 338 2432 hein
351 2397 470 2441 einziger
482 2396 621 2432 christlicher
634 2397 716 2432 Lehrer
729 2396 770 2433 seit
783 2397 833 2433 dem
844 2398 1006 2434 Ambrosiester

153 2442 197 2478 ⁴his
208 2442 290 2478 Luther
301 2442 336 2478 die
346 2442 486 2488 paulinische
500 2443 564 2479 stelle
575 2452 619 2478 von
631 2444 670 2478 der
681 2443 841 2479 stratenden
851 2443 1006 2488 Gerechtig-

162 2487 218 2523 keit
230 2488 322 2524 Gottes
336 2490 388 2524 oder
400 2498 451 2524 vom
465 2490 592 2524 zdrnenden
604 2488 662 2531 coit,
677 2489 773 2524 sondern
787 2490 839 2524 dass
854 2489 896 2525 ell'e
910 2491 941 2525 sie
954 2498 1005 2525 vom

161 2533 413 2577 rechtiertigend'en
432 2535 493 2570 Gott
511 2536 558 2570 und
576 2536 649 2570 seiner
667 2534 919 2579 rechtiertigenden
937 2536 1005 2571 Gne-

162 2580 201 2620 de‚
218 2588 262 2613 von
278 2580 315 2615 der
331 2580 534 2625 Gereohtigkeit
551 2582 596 2616 des
613 2581 758 2623 Giauhens,
774 2581 908 2617 verstanden
923 2582 1003 2623 haben,

161 2635 185 2661 so
199 2625 251 2660 dass
265 2625 299 2660 die
313 2626 515 2670 protestantischen
528 2626 654 2671 Theologen
666 2636 706 2662 vor
721 2627 756 2662 die
769 2627 904 2664 Alternative
917 2627 1005 2673 gestellt

160 2672 260 2707 werden:
278 2672 394 2707 Entweder
407 2672 447 2708 hat
461 2673 543 2708 Luther
556 2673 638 2708 keinen
652 2673 753 2717 einzigen
766 2673 908 2710 christlichen
921 2675 1004 2711 Lehrer

159 2727 199 2752 vor
212 2717 259 2752 ihm
274 2718 328 2752 iiber
343 2718 400 2754 diese
416 2718 482 2755 stelle
497 2718 688 2763 nachgeschiegen
703 2720 750 2755 und
765 2719 856 2756 deshall)
871 2721 919 2756 sein
933 2721 1004 2756 Urteil

159 2764 214 2798 tiber
229 2762 261 2798 sie
277 2762 426 2807 gewissenlos,
443 2764 468 2798 in
482 2763 551 2800 voller
566 2765 683 2809 Ignoranz,
700 2765 832 2806 formuliern
849 2767 901 2802 oder
917 2776 940 2803 er
956 2766 1001 2809 hat,

159 2809 201 2844 wie
217 2819 241 2844 so
258 2810 296 2852 eit,
315 2809 446 2846 absichtlich
469 2810 505 2846 die
527 2811 673 2847 Unwahrheit
689 2811 773 2856 gesagt.
783 2825 794 2844 υ
818 2812 884 2848 Addit
907 2812 953 2849 Alb.
973 2813 1015 2853 Ml,

159 2856 244 2890 Weiss
260 2856 283 2891 O.
299 2856 333 2896 P.y
350 2855 419 2890 editor
433 2856 463 2891 2²0
477 2856 523 2893 ed:
541 2857 589 2892 «Es
605 2858 665 2893 were
679 2857 738 2893 wohl
753 2857 788 2894 ein
803 2858 881 2895 drittes
896 2859 1001 2901 denkbar,

125 2943 129 2947 ⁴
159 2901 211 2935 dass
226 2900 272 2981 sic?
281 2900 371 2982 ffiher
384 2900 409 2937 in
423 2902 462 2937 der
476 2902 538 2938 Hitze
554 2903 592 2938 des
607 2903 712 2949 Kampies
726 2903 752 2939 in
766 2903 815 2948 jene
831 2905 1003 2950 Ueberzeugung

158 2955 255 2981 verrann
298 2956 311 2982 a
332 2955 349 2981 θ.
360 2959 370 2978 n
