2214 3350
256 173 257 176 *
298 189 375 241 rhesis
390 204 418 241 te.
435 203 502 240 Nuria
517 202 599 237 entitas
612 212 658 237 non
671 202 746 238 vitans
910 200 948 236 aaa

169 314 188 351 1.
209 312 281 352 Actus
301 313 473 354 indeliberatus
493 310 611 352 elicitur
633 322 647 350 a
668 309 807 351 facultate
828 310 947 352 externe

98 374 210 414 tantum
227 375 346 416 elevata.
367 376 427 417 «Est
439 374 521 428 >itaque
539 372 663 413 elevatio
680 372 798 413 auxilium
815 373 947 424 superioris

99 436 198 487 agentis,
214 438 248 478 rei
262 439 404 487 indebitum,
419 450 466 490 quo
481 447 571 477 munus
586 435 730 486 exsequitur,
747 437 811 485 quod
828 447 945 477 concursu

56 517 57 520 ¹
99 500 145 540 sibi
160 500 239 541 debito
253 502 397 553 propriaque
411 500 498 543 virtute
514 500 610 554 exsequi
626 510 675 540 non
690 498 783 549 potest»
802 498 864 550 (Rip.
881 500 943 550 disp.

76 591 77 594 η
98 566 126 603 21
137 574 161 602 n.
175 563 206 614 2),
219 564 285 604 Patet
296 565 326 605 ad
338 565 483 605 eliciendum
495 564 574 604 actum
587 561 794 613 supernaturalem
806 562 944 602 facultatem

98 626 205 676 indigere
218 626 298 678 aliqua
308 628 447 669 elevatione.
461 626 561 667 Habitus
574 627 650 676 infusi
663 624 806 666 internam
819 625 947 666 conterunt

98 689 253 729 elevationem
271 701 370 746 eamque
387 688 612 740 permanentem.
632 689 706 729 Metto
725 689 830 729 virtuosa
849 688 946 728 Thorni-

99 752 198 801 starum,
220 753 314 803 quando
337 753 432 803 supplet
452 753 569 801 habitum,
593 752 731 792 facultatem
760 751 945 791 transeunter

98 815 199 863 tantum,
213 816 253 856 sed
264 815 344 856 tamen
356 816 467 857 interne
479 815 561 865 eierat,
575 827 630 856 cum
642 815 672 856 ab
684 815 768 855 eadem
779 813 946 855 antecedenter

97 877 128 917 ad
140 878 319 928 productionem
334 879 400 920 aetus
412 879 492 920 vitalis
505 875 650 919 intrinsecus
662 877 798 928 recipiatur.
814 878 850 918 Ex
863 883 944 917 nostra

97 941 214 981 sententia
230 937 337 992 primum
361 953 404 982 ens
426 940 702 992 supernaturale,'quod
726 940 829 981 facultas
851 940 944 980 interne

97 1004 188 1053 recipit,
207 1004 242 1045 est
258 1005 308 1055 ipse
330 1004 397 1045 actus
421 1005 555 1045 immanens
572 1003 751 1045 indeliberatus.
777 1004 815 1044 Ad
840 1002 943 1044 eundem

96 1066 241 1107 eliciendum
257 1068 354 1117 praevia
376 1065 474 1107 elevatio
497 1067 590 1108 interna
606 1077 655 1106 non
672 1067 749 1108 datur.
774 1067 821 1108 Sed
842 1065 943 1106 facultas

97 1130 159 1170 recte
181 1129 269 1170 dicitur
291 1129 407 1170 externe
431 1129 571 1178 elevatam,
591 1130 657 1181 quod
681 1129 785 1179 Spiritus
802 1128 905 1169 sanctus
922 1129 944 1169 ei

76 1205 77 1212 ¹
97 1192 310 1242 supernaturaliter
326 1193 422 1241 assistit,
439 1204 487 1232 nori
508 1189 606 1243 quidem
628 1193 715 1233 natura
734 1194 802 1243 prius
816 1193 847 1233 ad
862 1191 943 1232 actum

97 1256 228 1295 secundum
240 1256 266 1294 in
278 1266 305 1294 ea
316 1254 415 1305 agendo,
430 1255 470 1295 sed
481 1255 554 1295 cierat
566 1267 621 1295 cam
633 1266 660 1295 ea
672 1265 788 1295 concursu
801 1254 944 1295 simultaneo

97 1316 273 1368 supernaturali
283 1317 436 1368 producendo
448 1317 526 1358 actum
537 1318 607 1368 atque
618 1318 652 1359 ita
662 1330 729 1358 suam
738 1318 852 1359 virtutem
863 1329 943 1368 super-
955 1328 957 1331 ’

96 1380 230 1421 naturalem
245 1391 301 1420 curn
313 1380 401 1421 virtute
417 1381 519 1421 naturali
535 1381 657 1421 facultatis
672 1381 844 1432 coniungendo.
861 1381 941 1429 Actus,

96 1443 138 1494 qui
150 1444 183 1484 sic
195 1443 278 1492 oritur,
293 1444 329 1484 est
339 1442 428 1492 vitalis,
442 1443 497 1494 quia
511 1443 619 1493 procedit
631 1444 654 1485 et
667 1443 781 1493 recipitur
794 1456 809 1484 a
822 1443 943 1490 facultate

97 1506 133 1546 est
155 1506 349 1557 supernaturalis,
375 1505 433 1557 quia
456 1505 562 1547 indebito
586 1517 706 1551 concursu,
728 1506 809 1547 divino
836 1506 941 1548 efficitur.
980 1517 981 1520 ¹

96 1569 204 1610 Potentia
220 1569 254 1609 ita
270 1569 412 1620 cooperandi
428 1581 482 1609 cum
499 1579 616 1610 concursu
634 1568 810 1620 supernaturali
824 1570 860 1611 est
875 1570 942 1609 oboe-

98 1632 217 1672 dientiatis
233 1633 311 1672 stricte
328 1632 404 1672 activa
422 1632 461 1683 (ct.
478 1644 501 1673 n.
519 1634 578 1673 ears
593 1633 652 1684 525).
669 1656 700 1662 -—
715 1632 844 1683 Hucusque
859 1644 943 1673 omnes

97 1694 227 1735 adversarii
245 1695 358 1735 motionis
375 1693 484 1745 praeviae
502 1705 551 1735 non
568 1694 649 1735 vitalis
666 1695 824 1736 consentiunt.

96 1831 150 1872 521.
186 1834 207 1872 2.
223 1832 250 1871 In
264 1831 342 1872 actum
357 1830 548 1871 deliberatum
563 1831 630 1872 actus
644 1830 816 1872 indeliberatus
830 1832 942 1872 omnibus

96 1893 297 1934 consentientibus
310 1894 432 1934 moraliter
446 1894 494 1934 sive
508 1893 695 1935 intentionaliter
709 1894 799 1935 influit.
816 1895 863 1936 Sed
877 1895 941 1935 unde

96 1957 168 1997 habet
182 1957 268 1997 natura
281 1959 321 1996 eas
331 1957 394 1997 vires
407 1957 517 2007 physicas
531 1956 733 2007 supermittendas,
748 1958 776 1999 ut
790 1957 870 1998 actum
885 1958 942 1998 deli-

96 2019 205 2060 beratum
223 2019 344 2060 entitative
363 2019 570 2069 supernaturalem
587 2019 718 2071 producere
736 2021 942 2071 pessinuntius

96 2083 191 2122 infusus
209 2093 238 2123 ex
257 2080 381 2132 supposito
405 2077 476 2122 deest.
503 2082 578 2123 Motio
603 2082 709 2124 virtuosa
728 2083 833 2124 reicitur.
861 2083 942 2124 Gratia

96 2146 202 2195 actualis,
214 2147 290 2187 ricem
302 2157 388 2197 gerens
397 2146 532 2195 habituum,
545 2146 653 2187 consistit
663 2147 688 2187 in
699 2146 876 2197 supernaturali
888 2147 942 2188 actu

96 2209 259 2250 indeliberata.
279 2210 341 2260 Ergo
364 2209 404 2249 hic
429 2209 509 2250 actus
533 2209 746 2250 indeliberatus
773 2209 889 2251 dicendus
908 2209 942 2251 est

95 2272 167 2312 etiarn
181 2271 331 2322 physicum
344 2271 521 2323 principium
536 2272 617 2312 actus
628 2271 784 2319 <deliberati
799 2285 847 2324 qua
862 2283 942 2322 super-

95 2335 236 2377 naturaliter
258 2335 374 2377 elevati.
398 2335 493 2385 Anima,
517 2348 578 2387 quae
600 2337 631 2377 ad
654 2336 732 2378 actum
756 2337 941 2377 indeliberatum

96 2400 240 2441 eliciendum
262 2400 358 2440 nonnisi
380 2406 474 2439 ceterae
497 2399 587 2441 elevata
609 2400 665 2449 erat,
689 2412 753 2441 nunc
775 2412 819 2450 per
838 2402 940 2441 eundem

95 2464 175 2504 actum
190 2464 261 2504 modo
277 2463 383 2505 elicitum
399 2464 423 2505 et
436 2464 514 2504 adhuc
530 2465 556 2504 in
572 2476 600 2505 ea
615 2464 767 2506 exsistentem
783 2465 832 2505 iam
848 2466 956 2505 interne¹

96 2528 187 2569 elevata
199 2528 233 2569 est
244 2529 274 2569 ad
288 2528 396 2569 dandum
410 2527 513 2569 liberum
526 2539 667 2570 consensum
682 2527 731 2570 sive
746 2530 776 2585 ad
791 2528 941 2570 efficiendum

95 2591 175 2632 actum
200 2592 358 2633 deliberatum
376 2591 400 2632 et
418 2591 553 2633 salutarem.
580 2593 616 2634 Ita
640 2592 759 2644 explicant
777 2605 832 2634 eum
851 2592 941 2634 Melina

98 2657 129 2707 (q.
145 2659 172 2696 14
186 2668 207 2697 a,
224 2658 250 2696 13
266 2657 326 2707 disp.
341 2656 377 2706 37)
390 2655 491 2705 rastas,
508 2656 620 2705 Arrabal,
640 2656 754 2708 Verquez,
769 2656 805 2697 De
822 2657 937 2706 Valentia,

96 2719 210 2768 Beterras,
230 2721 295 2768 Vina,
311 2719 414 2770 Ripaida
431 2720 501 2770 (disp.
520 2723 560 2761 110
578 2732 595 2761 s.
613 2721 644 2771 1),
661 2720 729 2770 Reiz,
747 2721 853 2772 struppi,
874 2721 941 2762 Casu-

95 2784 174 2833 joaria,
188 2784 264 2824 Maza.
281 2785 313 2835 [n.
327 2785 375 2831 148,
389 2783 420 2833 2),
435 2783 493 2823 Lab.
510 2784 552 2836 (th.
568 2785 612 2835 16),
628 2785 690 2835 repe
705 2785 737 2836 (n.
752 2786 798 2837 97),
813 2787 831 2826 Ρ
846 2787 879 2837 (n.
894 2786 939 2836 63),

96 2847 148 2886 Ber.
163 2849 195 2900 (n.
208 2842 296 2898 10155),
308 2847 350 2887 alii
363 2848 394 2898 (v.
406 2847 459 2886 Ber.
469 2859 494 2887 n.
507 2848 609 2898 1011)-
621 2849 666 2889 Sed
678 2847 767 2890 Suarez
778 2849 868 2900 aliique
879 2849 941 2890 hanc

95 2911 277 2961 explicationem
290 2923 338 2951 non
351 2909 491 2961 approbant.
507 2912 598 2954 Nolunt
611 2911 674 2953 enim
689 2913 758 2953 alteri
770 2915 833 2953 actui
846 2915 872 2954 in
886 2914 942 2954 alte-

95 2985 150 3013 rum
163 2975 290 3016 concedere
301 2975 422 3015 influxurn
435 2974 569 3025 physicum.
585 2978 661 3026 Quare
674 2976 769 3017 dicunt:
787 2978 870 3027 Quoad
883 2977 941 3027 phy-
