2214 3350
113 153 150 190 318·
233 155 287 191 Seet.
300 155 341 190 ΙΙΙ.
355 149 402 190 Art,
413 155 442 190 II.
456 156 487 191 De
499 155 563 191 donis
576 156 600 190 in
611 149 768 192 iustificatione
781 125 840 192 datis

112 262 200 303 dicitur
218 264 270 315 υἱοί,
290 264 332 303 sed
352 264 429 313 τὲααα,
449 263 513 314 quod
536 262 680 304 vocabulum
705 264 727 314 (a
748 267 817 306 α’κτω
839 271 861 300 '=
882 264 959 314 pario,

112 325 206 375 genero)
232 325 340 367 insinuat
362 326 423 367 banc
444 326 566 368 υἱοθεσίαν
589 336 638 367 esse
655 326 711 376 plus
729 338 801 377 quam
821 326 959 368 relationem

112 398 176 429 mere
190 389 306 429 moralem
320 390 368 430 sive
382 389 517 431 iuridicam.
532 415 563 420 —
577 391 614 430 17:
635 405 645 424 «
654 389 679 429 Si
693 388 772 436 autem
787 389 841 438 tilii,
856 390 880 431 et
893 391 958 430 here-

113 451 153 491 des
167 451 310 509 [secundum
322 452 360 492 ius
371 463 498 492 romanum
511 452 575 492 idem
589 452 639 492 erat
652 452 703 493 filio
717 453 828 508 adoptivo
842 452 879 493 ius
892 454 958 506 here-

113 514 194 555 ditatis
211 526 238 555 ac
254 514 306 555 filio
325 514 446 573 naturali],
466 515 565 555 heredes
582 514 680 565 quidem
698 514 741 555 Dei
760 515 887 573 [bonorum
907 516 957 555 soil.

113 588 173 627 quae
191 577 247 626 Deo,
267 578 329 627 patri
348 577 478 628 adoptanti,
505 577 561 618 sunt
584 578 699 636 propria],
726 579 852 619 coheredes
877 578 957 619 autem

113 640 227 681 Christi.»
244 640 298 680 Filii
314 641 377 680 enim
393 639 499 691 adoptivi
514 640 570 681 sunt
584 640 683 681 heredes
698 652 753 681 cum
768 640 828 681 Filio
844 640 959 688 naturali,

113 703 153 753 qui
171 703 280 753 passione
298 713 341 742 sua
359 702 416 753 ipsis
435 703 472 743 ius
491 702 668 744 cohereditandi
687 703 814 753 acquisivii
832 704 855 745 et
872 704 958 745 tratres

113 776 166 805 suos
178 764 312 816 praecessit,
321 765 375 805 ,iam
389 762 490 806 fruendo
504 758 607 816 gloriosa
619 766 756 808 hereditate.
772 767 818 816 Qui
831 768 958 808 coheredes

112 831 194 870 eadem
210 841 258 880 qua
273 829 415 879 Unigenitus
430 830 469 869 via
486 829 516 869 ad
532 829 704 880 possessionem
721 829 859 870 hereditatis
875 841 956 881 perve-

110 892 188 932 nient:
217 892 254 931 «si
277 892 358 932 tamen
379 892 547 942 compatimur,
570 892 598 933 ut
620 892 643 932 et
666 892 874 943 conglorificemur
882 910 901 933 n.
926 917 957 922 —

110 958 147 995 la:
176 954 314 996 Celebratur
336 955 476 1006 magnitudo
500 954 594 1007 futurae
616 955 713 1006 gloriae.
737 981 768 1002 ,—
791 947 829 996 19:
857 956 956 997 Interim

109 1019 212 1075 ἡατίοις
231 1017 367 1068 (collective,
392 1029 474 1058 omnes
498 1017 637 1069 creaturae),
663 1019 731 1069 quasi
755 1018 862 1069 porrecto
880 1018 956 1069 capite

110 1081 234 1131 speculans
251 1080 458 1135 (ἀποκαραδοκία),
475 1081 491 1121 i.
508 1092 528 1121 e.
546 1081 683 1122 avidissime
700 1081 845 1130 desideretis,
862 1093 956 1132 exspec-

109 1144 142 1185 tat
158 1143 279 1184 externam
296 1144 465 1185 revelationem
485 1146 535 1200 (τὴν
552 1144 709 1199 ἀποκάλυψιν)
728 1144 843 1195 gloriosae
861 1144 956 1185 filiatio-

110 1207 154 1255 nis,
170 1204 230 1258 quae
246 1208 295 1248 sola
310 1208 381 1248 deest.
397 1232 428 1237 —
442 1209 480 1247 29:
499 1206 590 1247 Electos
604 1208 671 1247 Deus
684 1207 888 1257 «praedestinavit
902 1218 955 1247 oon-

109 1270 197 1310 iormes
208 1270 262 1310 fieri
272 1269 386 1320 imaginis
395 1269 450 1309 Filii
462 1270 507 1318 sui,
515 1269 543 1310 ut
550 1270 580 1311 sit
590 1271 641 1320 ipse
651 1270 825 1321 primogenitus
835 1272 861 1311 in
871 1269 956 1311 multis

109 1333 250 1374 fratribus».
270 1332 365 1373 Filiatio
382 1333 486 1384 gratuita
504 1333 611 1374 consistit
628 1333 701 1384 igitur
720 1333 745 1373 in
763 1334 845 1383 aliqua
863 1334 954 1374 confor-

108 1396 189 1436 mitate
205 1407 260 1436 cum
276 1395 337 1436 Filio
352 1395 463 1436 naturali.

177 1483 257 1532 (1114,
273 1484 343 1525 4-7.
361 1484 526 1525 Contentus.
543 1484 667 1531 Hereditas
682 1484 812 1526 secundum
828 1486 848 1533 3,
865 1488 891 1525 18
905 1496 953 1524 non

108 1548 142 1588 est
154 1559 183 1588 ex
195 1547 253 1597 lege,
268 1548 308 1588 sed
322 1558 351 1587 ex
363 1548 527 1598 promissione,
542 1559 615 1598 quam
628 1547 751 1587 Abraham
763 1547 861 1597 accepit
875 1550 895 1597 3,
910 1550 949 1588 22:

108 1622 168 1660 quae
180 1609 310 1661 aliquando
324 1610 463 1660 implebitur
477 1623 506 1651 ex
519 1611 567 1651 fide
582 1612 635 1651 Iesu
650 1609 744 1662 Christi.
760 1614 818 1652 23s:
835 1611 896 1652 Ante
910 1611 954 1650 hoc

108 1673 202 1723 tempus
217 1673 409 1714 custodiebamur
426 1674 470 1714 sub
487 1674 537 1723 lege
554 1673 615 1714 sicut
631 1675 674 1714 sub
690 1674 835 1725 paedagogo.
852 1676 950 1714 26-29:

108 1737 153 1776 Per
166 1736 240 1776 fidem
253 1747 337 1776 omnes
350 1736 405 1776 sunt
418 1736 464 1776 lilii
477 1736 528 1785 Dei,
544 1738 600 1786 quia
613 1748 656 1787 per
669 1736 816 1786 baptismum
832 1736 953 1777 Christum

107 1799 245 1853 induerunt
271 1798 365 1839 sublata
388 1799 453 1840 omni
479 1798 614 1840 diversitate
640 1799 750 1847 nationis,
772 1799 853 1848 statue,
875 1811 952 1847 sexus,

107 1875 189 1904 omnes
203 1864 258 1904 sunt
271 1874 351 1904 semen
364 1863 481 1904 Abrahae.
496 1865 516 1910 4,
533 1865 601 1904 1-3:
618 1863 691 1903 Heres
704 1861 821 1913 parvulus
833 1862 893 1902 nihil
908 1862 953 1902 dii-

108 1927 154 1967 fert
169 1939 183 1967 a
200 1937 274 1975 servo;
291 1926 325 1966 ita
342 1926 364 1966 et
380 1936 422 1965 nos
439 1935 535 1966 eramus
552 1924 686 1966 servientes.
703 1951 735 1955 —
751 1924 866 1974 Textus.
885 1928 905 1974 4,
923 1927 949 1965 4:

109 1990 157 2030 «At
172 1989 213 2030 ubi
228 1989 294 2030 venit
309 1988 432 2039 plenitudo
449 1987 570 2037 temporis,
587 1987 654 2028 misit
668 1989 732 2028 Deus
748 1988 836 2028 Filium
853 1999 923 2028 suurn
932 2001 952 2036 v,

107 2052 148 2103 qui
163 2052 212 2092 iam
227 2052 313 2091 natura
327 2051 377 2092 erat
391 2050 466 2099 filius3
481 2074 513 2079 -
526 2053 551 2090 5:
571 2050 616 2091 «ut
631 2061 677 2099 eos,
693 2051 735 2100 qui
751 2052 794 2091 sub
809 2050 860 2102 lege
876 2050 951 2098 erant,

107 2114 240 2161 redimeret,
257 2114 285 2155 ut
299 2113 452 2164 adoptionem
468 2112 577 2153 liliorum
593 2113 753 2163 reciperemus
759 2131 779 2153 a.
796 2114 863 2154 Bona
878 2114 952 2153 Abra-

106 2178 150 2223 hae
165 2178 188 2218 et
202 2177 286 2217 semini
302 2176 354 2216 eius
367 2176 485 2227 promissa
500 2175 707 2217 communicantur
722 2186 776 2215 cum
792 2175 829 2224 iis,
846 2178 887 2226 qui
903 2175 952 2216 fide

105 2240 127 2281 et
148 2240 267 2291 baptismo
291 2239 412 2280 Christum
435 2238 546 2279 induunt.
572 2240 637 2279 Hauc
655 2237 778 2280 υἱοθεσίαν
796 2238 880 2279 fideles
903 2238 952 2278 iam

106 2303 201 2344 habent.
217 2327 248 2331 —
264 2306 288 2343 6:
311 2302 447 2351 «Quoniam
463 2301 543 2343 autem
559 2302 629 2343 estis
645 2301 699 2351 filii,
717 2301 783 2342 misit
797 2302 862 2342 Deus
877 2300 952 2353 Spiri-

106 2366 156 2406 tum
171 2365 226 2406 Filii
241 2366 277 2406 sui
292 2365 318 2405 in
333 2366 404 2406 corda
418 2365 497 2406 vestra
510 2364 664 2405 clamantem:
683 2364 759 2413 Abba,
776 2364 853 2405 Pater.
863 2383 872 2401 >³
890 2365 951 2404 Non-

12 2414 15 2417 *
50 2441 51 2447 ¹
105 2428 165 2468 nulli
178 2428 319 2479 intellegunt
333 2429 368 2469 ὅτι
384 2449 411 2464 =
430 2428 502 2484 δῆλον
519 2428 568 2470 dvi:
580 2428 645 2468 «Vos
656 2439 706 2468 esse
719 2427 784 2468 filios
795 2427 951 2478 manifestum

106 2497 138 2530 est
154 2503 181 2531 ca
196 2491 247 2539 boc,
264 2491 328 2543 quod
342 2492 406 2531 Deus
419 2491 512 2531 misit.»
529 2490 584 2539 Alii,
601 2490 663 2531 inter
678 2501 738 2541 quos
753 2491 860 2541 Cometa,
876 2489 951 2539 expli-

106 2554 170 2594 cant:
193 2571 202 2589 ι(
211 2554 329 2602 Quoniam
343 2554 399 2594 estis
414 2553 488 2593 iiiii».
506 2553 599 2594 Dicitur
613 2553 678 2594 mitti
692 2554 742 2603 ipse
760 2552 864 2602 Spiritus
879 2554 951 2604 Sanc-

105 2617 150 2665 tus3
168 2618 225 2657 liaeo
240 2629 297 2658 vero
312 2617 394 2657 missio
411 2627 459 2657 non
475 2617 609 2666 concipitur
624 2617 651 2657 ut
666 2616 744 2667 primo
761 2615 862 2656 efficiens
878 2616 950 2665 adop-

104 2680 200 2727 tionem,
216 2681 256 2720 sed
269 2679 342 2731 prout
355 2681 395 2721 dat
408 2678 576 2720 conscientiam
591 2678 726 2736 adoptionis
740 2678 788 2718 iam
802 2678 885 2728 iactae,
901 2678 950 2718 sive

104 2743 176 2793 prout
187 2753 240 2782 eam
252 2742 396 2791 manifestat,
410 2742 533 2783 ueletiam
546 2742 617 2792 prout
629 2742 711 2782 divino
725 2741 802 2792 sigillo
816 2752 869 2781 eam
883 2741 950 2782 robo-

105 2805 141 2846 rat
158 2805 182 2846 et
198 2805 232 2845 est
249 2817 302 2846 arra
320 2806 414 2846 futurae
432 2804 570 2846 hereditatis
590 2805 628 2857 (oi.
648 2806 701 2856 Eph
720 2807 740 2852 1,
760 2805 804 2855 14).
826 2803 951 2844 Concludit

103 2881 125 2908 v.
144 2870 169 2907 7:
193 2885 203 2903 (ι
212 2868 292 2919 Itaque
310 2868 359 2908 iam
376 2879 423 2908 non
440 2869 475 2908 est
492 2878 581 2916 servus,
601 2868 641 2908 sed
659 2868 734 2914 iilius3
753 2867 817 2917 quod
836 2867 855 2907 si
873 2866 948 2915 filius,

103 2932 126 2972 et
140 2932 210 2972 heres
225 2942 267 2981 per
282 2931 367 2971 Deum.
376 2949 386 2967 a
