2214 3350
166 197 203 234 348
242 198 297 235 Sect.
313 199 353 234 HI.
369 198 414 233 Art.
430 198 470 234 Ill.
487 199 518 234 De
533 197 652 233 amissione
668 197 689 232 et
704 196 823 240 augmento
836 195 936 232 iustitiae

167 307 226 342 dona
240 307 363 342 secundum
375 307 397 343 S.
413 306 521 342 Thomam
534 314 580 341 non
594 305 622 341 ad
636 304 694 339 solos
709 303 772 339 aetus
787 302 976 339 extraordinarios
991 302 1016 339 et:

166 358 432 403 heroicosrequiruntur.
449 358 558 401 -Quare
574 356 657 393 Billot
674 355 712 401 (th.
730 355 749 401 8)
759 355 885 399 distinguit
902 354 1016 399 duplicem.

167 409 264 444 exercitii
277 410 374 454 modum,
390 410 530 445 ordinarium
543 411 564 444 ct
578 407 785 443 eatraoreiearcum.
801 408 865 443 Prior
880 408 912 443 est
924 408 951 442 in
962 407 1010 448 hoc,

166 462 225 506 quod
237 470 277 507 per
289 462 349 497 dona
361 462 427 497 homo
441 460 566 507 disponitur
578 460 608 496 ad
619 460 674 495 bene
687 459 839 504 recipiendum
852 458 1015 504 inspirationes

166 513 254 548 divinas
269 513 403 558 ordinarias,
417 514 431 549 i.
446 523 463 549 e.
478 522 516 548 eas
531 511 614 556 pretias
629 511 733 555 actuales,
749 511 829 556 quihus
842 511 897 546 iusti
909 510 1015 555 indigent

166 563 196 599 ed
207 564 396 609 perseverandum
409 567 429 600 et
441 563 601 610 proficiendum
611 564 636 598 in
648 564 738 609 accepta
750 562 838 599 iustitia
848 564 886 609 ¹(ct.
901 572 922 598 n.
937 562 973 599 174
985 563 1009 609 i).

166 616 213 652 Hoc
229 617 295 652 modo
313 616 372 652 dona
388 626 411 651 se
428 616 510 652 hahent
527 616 556 650 ad
573 616 635 651 aetus
653 614 835 660 supernaturales
852 615 1015 651 indeliberatos

167 668 225 703 sicut
242 668 344 703 virtutes.
355 669 383 704 ad
401 668 465 703 aetus
483 667 620 703 deliberatus.
641 667 723 703 Anima
739 667 787 702 tam
805 666 933 701 virtutibus
943 675 1012 711 quarn

167 720 232 754 donis
248 719 359 755 instructa
374 729 396 755 se
412 719 479 754 habet
497 718 674 762 «insterneret,
691 719 727 754 cui
743 718 801 754 inest
817 719 889 763 primo
906 718 1014 754 machina

165 771 247 806 motrix
259 771 359 814 interior,
373 771 421 806 tum
433 770 549 816 praeterea
560 770 659 815 systema
671 770 777 812 vetorum,
791 771 817 805 ut
829 769 922 815 recipiat
934 769 1016 805 motio*

167 831 219 857 nem
234 823 262 858 ab
279 822 407 864 extrinseco,
423 821 525 857 videlicet
541 831 554 857 a
569 821 639 857 vento.
657 822 716 857 Nam
730 822 823 857 virtutes
840 821 975 867 respondent
990 821 1015 856 vi

166 873 261 919 metrici.
280 882 337 917 quae
354 873 412 909 inest
428 873 481 908 navi
498 872 638 915 intrinsecus,
659 872 717 907 dorca
732 880 785 908 vero
802 872 936 917 respondent
953 872 1012 908 vela-

166 921 238 966 turae,
256 933 297 970 per
315 933 382 969 quam
405 924 471 960 navis
488 924 522 959 est
540 923 648 969 disposita
666 925 695 960 ad
713 924 865 969 recipiendum
889 923 1012 969 impulsum

166 976 258 1010 motoris
270 976 411 1011 exterioris.»
423 976 463 1011 Est
474 975 594 1011 discrimen
604 976 628 1010 in
638 976 686 1019 hoc,
699 977 758 1020 quod
769 976 833 1011 navis
845 974 951 1011 alterutro
964 975 1016 1010 tan-

166 1027 215 1062 tum
231 1027 344 1072 apparatu
365 1028 437 1069 utens,
454 1026 505 1062 licet
520 1027 614 1070 tardius,
632 1028 708 1062 tamen
730 1028 760 1063 ad
782 1036 874 1072 scopum
896 1028 1011 1073 pervenire

166 1078 245 1124 potest,
265 1079 343 1114 anima
360 1087 411 1113 vero
430 1078 523 1123 utroque
541 1079 641 1114 absolute
659 1079 745 1124 indiget
766 1079 793 1125 (p.
815 1078 864 1125 172).
885 1079 1016 1115 Eatraorde'-

166 1130 245 1165 acrias
256 1131 336 1166 modus
349 1130 471 1166 secundum
484 1131 578 1165 eundem
591 1130 704 1166 auctorem
715 1139 759 1165 usu
770 1130 831 1166 venit
843 1130 864 1175 a)
878 1130 903 1165 in
916 1130 1012 1166 extraor-

167 1182 257 1217 dinaria
269 1181 453 1226 contemplatione
466 1182 511 1218 sive
522 1182 547 1216 in
558 1182 657 1217 oratione
669 1182 750 1226 quietis
762 1182 783 1217 et
793 1182 901 1227 mysticae
912 1182 1010 1224 unionis;

166 1233 187 1279 h)
204 1234 278 1278 quoad
293 1233 391 1277 cpibtlia
408 1232 460 1269 curn
474 1233 581 1269 divinitus
595 1233 725 1278 inspiratur,
743 1234 802 1279 quod
817 1233 939 1269 secundum
953 1234 1014 1269 ordi-

166 1285 244 1320 narias
259 1285 392 1330 prudentiae
407 1284 498 1329 regulas
512 1294 559 1320 non
573 1285 648 1321 liceret
663 1285 698 1321 vel
713 1294 760 1321 non
775 1285 885 1330 expediret
903 1284 1012 1331 (exempla

167 1336 187 1372 S.
205 1336 336 1381 Apolloniae
353 1337 373 1372 et
388 1337 410 1373 S.
430 1336 563 1372 catharinae
581 1337 684 1373 Senensis
700 1346 720 1382 p.
739 1336 782 1382 190)
792 1338 806 1372 ³.

228 1412 292 1446 Dona
308 1410 446 1455 probabilius
464 1411 643 1456 inseparabiliter
661 1411 780 1446 coniuncta
799 1412 850 1446 sunt
868 1420 919 1446 curn
936 1411 1011 1456 gratia

168 1461 329 1505 sanctificante3
347 1471 399 1506 ergo
417 1462 464 1497 iam
481 1463 505 1497 ia
522 1462 596 1506 prima
612 1462 768 1507 testificatione
792 1463 943 1499 conferuntur.
969 1463 1016 1499 Per

167 1513 363 1558 confirmationem,
381 1522 438 1558 quae
453 1512 590 1559 baptismum
604 1513 698 1559 perficit,
716 1513 803 1559 copiose
819 1515 935 1558 augentur.
953 1514 1013 1550 Uzin-

166 1565 231 1608 berg
251 1565 277 1599 in
298 1564 386 1609 scriptis
408 1563 490 1608 citatis,
512 1565 644 1610 praesertim
658 1565 683 1599 in
697 1565 752 1610 Eph.
770 1565 820 1600 Loc.
839 1574 859 1609 p.
877 1564 919 1609 515,
937 1561 1015 1601 censet

166 1616 234 1651 etiam
246 1616 361 1661 probabile
374 1625 421 1652 esse
435 1616 494 1651 dona
506 1615 586 1651 saltem
600 1616 711 1651 ordinarie
724 1626 770 1651 non
783 1616 879 1652 conferri
892 1617 1013 1663 baptismo,

167 1667 206 1702 sed
224 1667 399 1703 confirmatione.

485 1819 646 1861 ARTICULUS
660 1820 690 1858 lli

234 1901 280 1945 DE
299 1901 488 1947 amissione
508 1902 551 1946 ET
569 1903 764 1947 AUGMENTO
783 1902 951 1947 lUSTtTlAE

242 2004 343 2049 Tliesis
359 2006 399 2049 17.
435 2005 530 2046 lustitia
552 2005 685 2058 adaequate
706 2007 802 2058 sumpta
823 2005 903 2058 potest
924 2005 1028 2053 amitti„

168 2067 240 2109 etiam
258 2068 448 2120 inperpetuum.
468 2066 590 2108 amittitur
607 2068 671 2119 omni
688 2069 712 2109 et
730 2069 781 2108 solo
800 2069 899 2120 peceato
918 2068 1016 2110 mortali

167 2130 247 2182 gratia
262 2130 417 2171 sanctificans
435 2140 486 2171 cum
500 2129 608 2171 omnibus
623 2129 690 2171 donis
705 2130 791 2172 inlusis
806 2131 900 2182 praeter
916 2131 1016 2173 habitus.

167 2193 226 2234 iidei
236 2194 260 2234 et
271 2192 329 2245 spei,
343 2192 381 2245 qui
391 2204 440 2233 non
450 2193 603 2233 destruuntur
613 2193 659 2233 nisi
669 2193 775 2246 peccatis
787 2193 875 2235 directe
886 2193 1014 2247 oppositis..

142 2342 143 2345 ,
167 2307 223 2348 462.
257 2308 274 2343 Ρ
289 2308 308 2343 V
322 2316 355 2353 pr.
371 2305 402 2350 313
419 2307 471 2343 VIII
486 2316 518 2352 pr.
535 2307 552 2343 5.
569 2326 593 2331 —
606 2307 673 2342 Mazz.
690 2315 723 2352 pr.
741 2306 765 2343 39
780 2307 821 2349 ΙΙΙ;
837 2307 890 2343 Virt.
909 2306 1011 2344 183—241.

165 2378 190 2383 —-
203 2359 256 2395 Lah.
273 2358 375 2401 326-329;
391 2358 445 2394 Virt.
462 2357 537 2394 41-48.
554 2378 578 2383 —
591 2358 638 2394 Ber.
656 2357 756 2395 eie-952

240 2461 279 2506 Si.
296 2475 343 2518 qu.
365 2464 384 2501 l.
403 2460 495 2502 Nexum
514 2474 535 2502 v.
556 2473 579 2501 n.
599 2464 646 2502 322.
665 2488 696 2492 —
714 2461 808 2502 lustitia
824 2462 919 2513 accepta
936 2462 1017 2513 potest

167 2525 255 2565 iterum
273 2525 350 2565 emitti
371 2525 438 2575 (hacc
456 2524 547 2573 tiresis);
565 2524 641 2575 potest
659 2524 748 2574 augeri,
769 2535 817 2563 non
835 2525 914 2566 autem
933 2525 1010 2565 minui

170 2587 287 2639 (scholic);
306 2588 394 2628 amissa
410 2587 487 2638 potest
505 2589 638 2637 recuperari
660 2589 781 2639 (tractatas
800 2588 829 2626 de
846 2588 1009 2639 poenitentia).

229 2708 236 2729 1
254 2706 394 2750 Meschler,
410 2707 469 2742 Geta
484 2707 521 2742 des
535 2707 687 2751 Ppapstierter
703 2708 766 2753 <Kap
783 2706 814 2752 25)
831 2708 932 2743 effectum
947 2707 1017 2743 dono--

167 2762 218 2787 rum
241 2752 353 2796 assignat:
380 2753 609 2798 «Empianglichkeit,
633 2752 810 2798 Beweglichkeit,
835 2753 962 2798 Fertigkeit‚
988 2755 1016 2799 ja,

168 2798 363 2842 Schlagiertigkeit
376 2799 420 2834 den
433 2799 554 2843 gottliehen
566 2799 726 2844 Eingebungen
739 2799 871 2844 gegeniiher,
885 2800 925 2835 mit
940 2800 1012 2835 einem

167 2845 255 2880 Worte:
271 2844 432 2881 vollkommene
446 2846 581 2889 Betatigung
595 2846 632 2881 des
646 2845 777 2889 geistlichen
792 2845 880 2881 Lebens.
897 2847 942 2882 Das
956 2846 1012 2881 Wis-

168 2900 208 2926 sen
222 2890 274 2934 geht
286 2890 348 2925 nicht
360 2890 420 2926 bloss
432 2892 457 2926 in
470 2891 570 2933 linimen,
586 2892 682 2927 sondern
695 2892 735 2927 das
750 2892 843 2927 Kennen
856 2891 881 2927 in
895 2893 949 2935 Tun,
965 2893 1011 2927 und

167 2946 228 2972 zuar
242 2937 267 2971 in
281 2936 377 2977 leichtes,
394 2936 563 2981 vergniigliches
580 2938 628 2972 Tun
641 2939 701 2973 iiber.
712 2951 726 2970 a
738 2957 761 2963 -
775 2937 898 2982 Umberg,
917 2939 972 2975 stez
989 2938 1016 2974 932

170 2982 262 3029 (1916117
277 2982 307 3028 lI)
324 2981 369 3019 13ος
389 2995 399 3015 «
408 2982 682 3028 Anspreehleichtigkeit».
