2214 3350
267 174 344 210 Thesis
359 173 387 210 19.
403 173 473 210 Nulla
487 173 569 208 entitas
582 182 627 208 non
640 173 717 209 vitalis
880 171 916 208 401

66 281 180 322 facultate
198 293 246 332 qua
264 280 384 333 principio
401 280 586 332 supernaturali,
606 291 663 320 nam
683 281 710 320 in
728 280 772 322 hcc
793 279 916 331 supposito

65 343 199 395 adaequata
218 355 290 386 causa
308 345 408 397 physica
427 343 661 395 supernaturalitatis
680 343 746 384 actus
765 343 835 385 liberi
855 342 916 384 esset

65 417 197 448 concursus
221 407 264 448 Dei
289 408 454 449 simultaneus.
474 405 611 447 Efficeretur
636 406 710 456 igitur
733 406 832 447 elevatio
849 406 915 447 actus

67 469 179 510 salutaris
191 470 216 509 in
229 470 309 521 aliquo
322 471 389 522 signo
402 470 509 518 naturae,
524 470 588 520 quod
599 469 631 510 ad
643 470 832 519 comparandum
845 469 915 510 meri-

66 533 119 574 tum
135 533 315 583 supernaturale
330 546 378 574 non
394 533 517 581 sufficeret,
533 532 590 583 quia
606 531 697 573 tardior
711 532 803 573 veniret
813 531 914 573 elevatio

67 595 195 636 facultatis.
213 596 230 636 E
248 596 374 637 contrairi
391 596 490 636 nostra
507 594 652 636 sententia
670 596 727 647 (non
745 594 827 634 minus
842 605 915 644 quam

66 659 93 699 in
108 658 224 699 sententia
239 660 426 711 Thomistarum)
446 659 548 699 facultas
564 670 611 710 qua
626 658 756 708 physicum
768 657 915 709 principium

34 719 37 725 “
65 722 248 774 supernaturale
267 722 355 764 emittit
373 723 454 763 actum
473 721 585 769 liberum,
607 732 634 761 ac
654 720 755 770 proinde
776 718 916 771 supernatu-

66 785 116 825 rale
131 784 244 825 meritum
259 784 314 825 talis
329 786 396 826 actus
409 785 470 826 bene
485 784 619 835 explicatur
637 784 690 836 (hoc
706 783 876 833 argumentum
891 795 913 823 v.

65 847 133 898 apud
147 847 205 888 Lab.
220 859 243 887 n.
261 850 309 896 1113
325 849 355 888 ci.
373 847 499 899 analogum
515 847 679 898 quaestionem
696 845 760 887 inira
776 858 799 886 n.
816 848 865 894 714,
884 845 914 895 i).

67 971 122 1014 529.
158 972 237 1014 Etiam
256 972 323 1014 actus
342 972 487 1013 deliberatus
506 972 607 1023 requirit
625 973 656 1013 ad
676 972 713 1011 sui
733 970 915 1022 productionem

65 1046 209 1076 concursum
227 1036 345 1076 divinum.
364 1034 454 1075 Ultimo
472 1035 523 1076 loco
541 1034 675 1083 discutitur,
695 1034 778 1075 utrum
796 1034 840 1076 iste
861 1045 914 1075 con=

67 1108 151 1147 cursus
175 1099 206 1140 sit
227 1098 346 1150 generalis
370 1107 402 1137 an
424 1096 504 1148 potius
526 1098 604 1138 denuo
625 1096 763 1148 requiratur
785 1107 915 1137 concursus

66 1160 177 1213 specialis
194 1161 243 1202 sive
260 1159 457 1214 supernaturalis,
482 1172 585 1211 quocum
608 1161 717 1211 facultas,
738 1160 915 1209 supernaturali
984 1165 985 1168 ’

66 1222 121 1264 actu
135 1223 291 1264 indeliberata
307 1223 408 1272 actuata,
425 1224 515 1274 efficiat
530 1230 609 1263 artum
625 1224 762 1264 saturarent.
781 1223 915 1264 Concursus

65 1285 110 1327 iste
126 1286 278 1337 sensuique
294 1297 366 1326 sensu
378 1286 456 1336 potest
470 1286 551 1326 vocari
566 1285 722 1336 generalis.
741 1287 802 1327 Nam
819 1298 847 1326 err
863 1286 915 1337 teqc

66 1349 147 1400 aliqua
164 1348 344 1399 pancratissirnu
361 1360 445 1390 causae
462 1349 579 1390 secundae
597 1349 622 1389 in
639 1349 694 1389 actu
710 1348 789 1400 primo
805 1349 915 1400 proximo

66 1413 207 1455 constitutae
230 1412 330 1454 debetur
351 1423 487 1462 concursus,
505 1414 547 1464 qui
563 1412 668 1463 praecise
685 1412 741 1454 huic
757 1414 820 1455 actui
837 1414 915 1464 primo

66 1478 260 1529 proportionatus
280 1477 321 1518 est.
345 1477 392 1518 Sed
411 1478 431 1518 si
452 1488 602 1526 concursum,
625 1479 654 1518 de
671 1489 722 1529 ,quo
741 1489 806 1519 nunc
828 1478 913 1528 agitur,

65 1542 173 1582 absolute
186 1542 213 1581 r'n
225 1553 257 1589 sc,
273 1553 322 1582 non
336 1541 409 1583 relate
423 1542 454 1582 ad
467 1542 618 1593 praesentem
631 1541 721 1583 statum
736 1541 857 1584 facultatis
871 1541 893 1581 el
907 1567 915 1574 -
945 1570 946 1573 η

66 1607 140 1655 ratae,
166 1607 307 1657 spectamus,
332 1606 411 1658 potius
434 1618 489 1648 eum
511 1603 694 1648 nominabimus
714 1605 870 1658 specialem
893 1607 916 1648 et

67 1671 329 1721 supernaturalem.
349 1672 398 1711 Hoc
418 1671 482 1711 enim
501 1671 579 1722 magis
596 1672 700 1723 quadrat
711 1673 749 1712 ad
768 1678 843 1712 toturn
862 1684 914 1712 con

66 1736 199 1786 ceptionem
216 1736 276 1775 entis
294 1735 415 1775 caritative
432 1741 454 1775 et
471 1735 611 1785 scrutarier
628 1737 825 1787 supernaturalis,
844 1736 916 1787 prout

46 1824 48 1826 -
65 1811 81 1839 a
91 1799 207 1850 theologis
216 1798 407 1850 posttridentinis
416 1799 509 1839 exculta
521 1800 562 1840 est.
576 1801 745 1850 Quaecumque
756 1800 819 1840 dona
830 1798 915 1840 intrin-

66 1873 134 1903 secus
149 1862 269 1913 pertinent
284 1863 314 1903 ad
330 1862 403 1903 istum
419 1863 528 1904 ordinem
542 1863 660 1911 divinum,
678 1864 720 1915 qui
735 1874 819 1905 ornnes
833 1864 914 1915 poten-

66 1926 112 1966 tias
124 1927 147 1967 et
159 1926 290 1977 exigentias
302 1927 465 1967 creaturarum
478 1927 631 1975 transcendit,
646 1939 694 1967 non
707 1929 808 1978 possunt
821 1929 850 1968 ab
864 1928 914 1968 ullu

66 1996 174 2030 creatura
190 1991 345 2042 quantumvis
358 1990 449 2031 elevata
463 1991 587 2042 tamquam
602 2004 617 2032 a
632 2003 702 2032 causa
716 1993 847 2043 principali
861 2004 914 2044 pro-

65 2054 129 2096 duci.
141 2056 263 2104 Quatenus
274 2055 382 2095 creatura
393 2056 485 2096 elevata
495 2055 591 2107 positivi
603 2057 695 2107 aliquid
708 2057 800 2098 confert
811 2058 843 2098 ad
854 2058 915 2098 eius

66 2119 133 2160 modi
150 2120 271 2167 effectum,
291 2120 334 2160 sub
352 2120 397 2160 hac
415 2121 519 2170 praecise
537 2120 628 2161 ratione
646 2132 694 2161 nou
712 2121 747 2163 est
763 2122 810 2162 nisi
828 2123 915 2161 instru-

62 2190 176 2224 rnenturn
192 2183 243 2223 Dei.
268 2184 311 2224 Sin
335 2184 399 2225 Deus
422 2186 528 2236 pancrati
546 2191 641 2225 tanturn
658 2198 774 2227 concursu
793 2187 824 2227 ad
842 2187 915 2227 talem

65 2249 180 2289 effectum
191 2248 364 2298 cooperaretur,
378 2250 430 2300 ipsa
440 2256 547 2290 creatura
559 2251 649 2290 eleuata
661 2251 761 2291 dicenda
772 2251 834 2292 esset
845 2263 915 2292 causa

64 2312 206 2363 principalis
219 2313 321 2354 effectus
333 2313 405 2354 etiam
419 2325 466 2365 qua
481 2314 676 2365 supernaturalis.
691 2316 754 2366 Ergo
767 2315 837 2364 Deus,
854 2314 915 2366 post

66 2388 139 2427 quam
155 2377 200 2416 sibi
214 2378 367 2428 praeparauit
381 2380 570 2419 instrumentum
584 2378 772 2429 supernaturale,
790 2380 838 2421 sive
854 2380 915 2420 illud

64 2441 195 2483 elevaverit
212 2442 381 2492 permanenter
400 2454 442 2493 per
459 2442 557 2484 babitus
576 2444 676 2492 infusos,
698 2444 747 2485 sive
765 2444 916 2485 transeunter
973 2480 974 2483 ,

65 2517 109 2556 per
131 2506 210 2547 actum
233 2506 418 2547 indeliberatum
443 2508 657 2557 supernaturalem,
682 2508 841 2550 nihilominus
865 2510 915 2561 ipse
943 2520 944 2523 ’

66 2582 207 2611 concursu
222 2569 440 2622 supernaturali
455 2584 503 2623 qua
518 2584 588 2613 causa
603 2572 745 2623 principalis
757 2574 837 2614 actum
854 2574 915 2614 salu-

66 2635 142 2675 tarem
166 2636 196 2676 utv
215 2636 422 2686 supernaturalem
439 2647 483 2687 ope
500 2637 556 2678 talis
572 2637 725 2678 instrumenti
748 2637 841 2679 efficit1.
867 2640 914 2686 Sic,

129 2769 138 2789 1
156 2768 253 2804 Eccntra
271 2776 317 2802 nort
336 2768 368 2802 cst
387 2767 486 2804 absolute
506 2770 664 2811 necessarium,
685 2770 710 2804 ut
730 2778 800 2806 causa
818 2770 916 2806 secunda

66 2815 156 2859 praevie
175 2816 277 2851 elevetur.
298 2815 410 2859 Quidquid
428 2817 488 2851 enim
506 2817 609 2853 creatura
628 2826 672 2861 qua
690 2816 777 2854 elevata
796 2818 825 2854 ad
841 2827 916 2863 super-

68 2862 238 2898 naturalitatem
257 2863 347 2898 eftectus
364 2862 456 2907 physice
475 2864 567 2908 confert,
587 2865 646 2899 Deus
665 2864 793 2900 immediate
813 2866 915 2910 supplere

68 2911 145 2954 potest.
171 2911 233 2946 idem
257 2918 372 2945 censemus
390 2910 416 2945 de
434 2911 486 2946 actu
509 2913 605 2948 maxime
629 2911 804 2957 supernaturali,
823 2912 870 2949 scii.
889 2913 916 2949 de
940 2929 942 2934 r

67 2957 172 2994 visione
186 2959 242 3002 Dei,
258 2967 315 3003 quae
329 2967 354 2993 ex
368 2958 441 2993 creato
456 2958 539 2995 lumine
553 2959 636 3004 ctoriae
652 2961 672 2996 et
687 2969 797 2997 concursu
810 2970 916 3006 supernu-

109 3038 169 3066 Lancu,
181 3039 204 3064 Dc
215 3039 277 3064 Gratia.
852 3040 872 3068 26
