2214 3350
181 126 216 162 178
315 126 369 162 Sect.
384 126 413 161 ΙΙ.
428 126 473 161 Art.
484 126 516 161 11.
531 125 562 161 De
577 122 787 169 supernaturalitate
802 116 894 167 gratiae
949 126 951 128 '

180 234 309 283 caritatem,
330 234 482 285 adoptionem
502 232 597 273 nonnisi
617 244 632 272 a
651 232 699 272 Deo
720 230 811 279 donari,
834 230 874 271 sed
895 229 965 279 negat
983 229 1024 269 bis

180 297 250 338 donis
268 296 389 349 hominem
408 308 481 348 supra
497 295 627 345 exigentias
646 294 745 334 naturae
763 292 895 334 innocentis
914 287 1029 333 exaltan(

178 384 209 390 —
226 360 254 400 ln
270 372 306 411 pr.
324 363 352 401 22
369 360 501 401 secundum
516 357 620 399 arentem
637 357 689 397 Baii
705 356 788 397 eadem
806 354 916 407 cogitatio
933 353 1021 396 subest.

180 423 216 463 Gi.
234 434 271 474 pr.
289 426 316 464 55
331 425 384 464 78s.

181 550 236 590 263.
273 550 299 589 Β.
316 544 380 588 'alle
403 546 514 588 meritis
536 556 693 597 operum.»⁴
708 544 820 586 Doctrina
838 544 890 584 Baii
908 544 940 585 ita
958 544 1023 584 dam-

180 612 259 660 natur,
273 611 302 652 ut'
312 609 523 661 supernaturalitas
535 610 623 660 gloriae
637 608 709 650 relate
723 610 753 650 ad
766 607 877 649 naturam
889 608 1023 654 numanum

180 674 331 714 innocentem
346 668 369 715 et
383 674 456 715 etiam
473 673 502 714 ad
518 673 629 714 naturam
645 671 778 723 angelicum
793 671 892 712 eluceat.
910 671 931 722 a)
951 669 989 711 Pr.
1009 671 1019 711 l

180 739 195 779 3
210 738 224 779 7
240 740 254 779 9
269 738 341 778 Baius
355 736 439 777 merita
454 735 593 787 angelorum
602 735 632 776 ‘et
645 733 751 775 hominis
764 734 851 784 integri
866 745 922 775 curn
935 739 1022 773 notura

180 812 263 841 eorum
282 799 410 851 comparat.
431 798 568 840 Notandum
593 798 628 838 est
651 797 773 853 gratiam
799 796 912 848 triplici
937 807 1021 837 sensu

180 862 244 904 sumi
262 874 341 914 posse:
365 865 383 902 1.
404 862 461 903 late
485 862 508 902 et
531 860 689 912 improprie
713 871 757 912 pro
775 859 844 901 donis
862 860 1022 908 nntnroltbna·

179 929 199 967 2.
218 926 318 966 stricte
334 925 358 966 et
374 924 490 976 proprie
507 935 550 975 pro
569 924 638 965 donis
653 930 754 964 naturae
770 922 883 964 indebitis
900 923 924 964 et
941 934 1020 974 super-

179 988 275 1037 additis;
289 983 308 1028 3.
325 988 415 1038 magis
428 986 647 1038 particulariter
660 987 684 1028 et
697 985 881 1027 strictissime
894 997 937 1036 pro
953 986 1022 1026 denis

179 1051 279 1102 positive
295 1051 395 1101 indtpno
410 1050 508 1091 collatis.
526 1049 649 1091 Eiusmodi
666 1061 748 1091 revera
764 1049 799 1090 est
813 1049 891 1100 gratia
906 1050 1022 1100 Redemp-

179 1113 243 1155 toris.
262 1115 339 1163 Quare
354 1113 378 1154 S.
395 1113 519 1164 Scriptura
535 1113 558 1154 et
573 1112 598 1153 S.
615 1112 762 1164 Anpnsnnas
779 1112 883 1153 maxime
900 1113 928 1153 de
945 1111 1021 1162 gratia

136 1188 137 1191 ¹
177 1180 199 1217 3ο
209 1187 280 1217 sensu
290 1177 384 1227 sumpta
395 1176 532 1228 loquuntur,
545 1176 603 1227 quin
613 1180 657 1216 211111
678 1175 812 1217 excludant.
824 1175 947 1226 Pelopicnt
957 1186 1021 1223 vero,

177 1240 274 1290 quando
288 1239 451 1280 necessitatem
465 1239 559 1290 gratiae,
569 1239 735 1287 concedebant,
750 1238 854 1280 maxime
870 1239 899 1279 de
913 1241 934 1279 1ο
949 1248 1019 1278 sensu

179 1301 348 1354 cogitaverunt,
372 1302 398 1342 id
415 1303 478 1354 quod
495 1305 508 1341 5
523 1302 629 1352 episcopi
651 1301 752 1343 africani
775 1302 805 1342 ad
829 1301 992 1343 Innocentium
1010 1302 1020 1341 Ι

179 1365 308 1406 scribentes
320 1365 350 1405 iis
362 1365 506 1416 exprobrant
520 1365 572 1417 (Ep.
586 1365 645 1415 Any.
661 1366 700 1405 177
713 1366 771 1413 11.1;
785 1365 816 1405 cf.
831 1375 903 1415 supra
915 1376 939 1404 n.
953 1366 974 1412 5,
988 1364 1019 1416 4).

177 1428 251 1469 Baius
262 1440 295 1476 ea,
310 1439 369 1478 quae
381 1428 426 1468 ista
438 1427 538 1479 epistula
552 1429 580 1468 de
593 1431 613 1468 1⁰
626 1427 690 1476 dicit,
704 1427 808 1478 applicat
819 1429 850 1469 ad
862 1430 906 1468 211111
927 1427 977 1470 scil.
991 1428 1021 1468 ad

179 1491 242 1532 dona
259 1490 449 1541 supernaturalia
464 1491 556 1531 homini
572 1491 662 1541 integro
679 1489 808 1541 angeloque
825 1501 941 1531 concessa.
958 1492 1021 1531 Haec

178 1554 252 1604 igitur
266 1554 295 1594 ab
310 1565 336 1594 eo
351 1565 400 1594 non
415 1554 461 1595 alio
477 1564 546 1594 sensu
561 1554 721 1603 agnoscuntur
736 1553 819 1604 gratia,
836 1565 908 1604 quarn
926 1554 1021 1605 «gratia

179 1617 222 1657 Dei
241 1628 288 1667 qua
306 1618 378 1657 creati
396 1628 485 1665 sumus,
505 1617 532 1657 ut
550 1617 659 1657 nonnihil
678 1627 826 1657 essemus«.
846 1617 869 1657 et
887 1618 1021 1658 viveremus

178 1679 201 1720 et
212 1679 353 1720 sentiremus
364 1679 387 1720 et
398 1679 606 1730 intellegeremus»
623 1680 705 1731 (Epist.
719 1679 778 1731 Anp.
793 1682 832 1721 177
843 1692 867 1720 n.
880 1680 911 1730 7).
925 1680 1020 1721 Praeter

176 1742 239 1783 hanc
254 1734 355 1792 gratiam
371 1741 501 1793 improprie
517 1742 604 1784 dictam
620 1754 668 1782 non
685 1742 789 1783 admittit
804 1743 850 1783 nisi
866 1745 908 1783 {tam
934 1742 1021 1783 Merita

177 1805 251 1855 igitur
269 1806 408 1855 angelorum
427 1805 451 1846 et
463 1806 535 1856 primi
553 1805 665 1854 1101111115,
684 1817 745 1856 quae
762 1806 901 1857 supponunt
917 1806 1017 1857 gratiam
1070 1824 1074 1829 -

177 1878 248 1908 sensu
262 1871 291 1916 2⁰,
309 1879 357 1908 non
373 1878 444 1909 sensu
459 1871 487 1916 3⁰,
504 1868 584 1915 Baius,
601 1868 725 1918 tamquam
741 1880 768 1909 ex
783 1868 908 1919 principiis
924 1868 1018 1909 natura-

176 1931 231 1971 liter
247 1930 333 1971 debitis
348 1930 507 1980 procedentia,
525 1930 627 1980 gratiam
642 1931 693 1971 veri
710 1930 815 1972 nominis
830 1942 914 1973 vocare
930 1932 1016 1973 renuit.

177 1996 244 2035 Hanc
257 1995 363 2045 ineptam
376 1994 573 2045 terminotopiorn,
588 1994 677 2045 quippe
690 2005 749 2045 quae
762 1995 787 2034 in
802 2005 899 2035 erroneo
912 1995 1018 2036 doctrino

178 2057 208 2098 de
223 2056 314 2098 iustitia
329 2056 440 2108 originali
456 2056 596 2097 naturaliter
611 2056 691 2098 debita
707 2057 829 2106 tundatur,
847 2057 951 2099 Ecclesia
966 2059 1017 2099 iure

178 2120 253 2161 reicit.
269 2145 300 2151 —a
316 2120 351 2160 Cf.
370 2118 517 2168 Quesnelli
533 2131 570 2170 pr.
588 2122 615 2160 31
633 2120 675 2171 (Dz
693 2120 764 2171 1384).

246 2208 271 2260 b)
289 2207 327 2249 Pr.
347 2210 360 2249 2
377 2209 392 2248 4
410 2208 424 2250 5
443 2209 457 2249 6
476 2202 503 2249 11
519 2209 593 2249 Baius
609 2209 731 2259 comparat
746 2210 810 2249 bona
826 2220 898 2260 opera
914 2209 1018 2251 hominis

164 2261 263 2322 ¹integri
278 2272 301 2313 et
314 2272 454 2322 angelorum
469 2283 523 2312 cum
538 2283 620 2312 eorum
635 2272 686 2322 stne
700 2272 793 2312 nltinco.
810 2271 898 2313 Statuit
911 2273 1017 2324 aliquam

176 2334 253 2384 tegern
266 2335 426 2375 universalem
440 2336 483 2386 (pr.
498 2335 529 2386 2),
544 2336 615 2377 etiam
628 2337 658 2377 ad
671 2336 782 2377 naturam
796 2336 929 2386 reparatam
942 2336 1018 2387 appli-

177 2396 277 2437 cabilem
298 2398 342 2449 (pr.
363 2399 407 2449 11),
429 2409 500 2449 quam
518 2399 588 2440 vocat
607 2399 776 2440 «naturalem»
800 2400 844 2450 (pr.
865 2399 940 2450 4-6),
961 2410 1017 2440 nam

176 2461 386 2513 «unumquodque
404 2461 429 2501 id
449 2472 477 2502 ex
496 2462 583 2502 natura
601 2473 645 2503 sua
664 2473 714 2503 esse
734 2462 828 2510 dicitur,
850 2463 913 2512 quod
933 2462 969 2503 est
989 2473 1018 2502 en

175 2522 255 2572 primo
268 2524 305 2562 sni
319 2524 468 2564 institutione
475 2542 484 2561 »
503 2525 643 2577 (Apologia).
662 2543 672 2562 «
680 2526 810 2576 Naturale»
827 2536 920 2566 sumere
933 2527 1016 2566 eodem

177 2595 247 2624 sensu
263 2585 332 2636 etune
350 2603 359 2622 ιι
367 2586 524 2637 originarium
532 2605 542 2623 >1
563 2588 601 2639 (ct.
618 2599 642 2628 n.
659 2588 708 2638 254]
726 2586 873 2638 estquidam
890 2588 1018 2639 ambiguus

176 2648 263 2689 modus
278 2648 397 2700 loquendi,
415 2650 456 2691 sed
471 2661 514 2701 per
529 2661 552 2691 se
568 2661 616 2691 non
630 2651 666 2692 est
680 2661 752 2691 error.
769 2649 913 2691 Baiusvero
927 2651 1017 2702 ubique

176 2722 231 2752 cum
249 2712 292 2752 hoc
310 2723 380 2753 sensu
397 2713 462 2754 vocis
481 2713 632 2753 «naturalis»
651 2713 774 2765 coniungit
791 2712 911 2754 notionem
932 2719 1016 2754 «nutu.

176 2773 258 2815 mltter
276 2775 375 2815 debiti».
400 2775 477 2817 Sentit
493 2776 558 2816 enim
575 2777 652 2817 Deum
670 2775 784 2817 creaturis
806 2775 962 2817 rationalibus
986 2776 1018 2817 ab

175 2837 245 2878 initio
257 2837 317 2877 nihil
330 2838 430 2887 dedisse,
444 2838 490 2879 nisi
502 2840 566 2889 quod
578 2850 661 2880 eorum
674 2837 760 2880 natura
770 2837 881 2890 exigeret.
895 2840 943 2881 Hoc
956 2839 1016 2880 falso

175 2910 247 2940 sensu
261 2900 291 2940 ab
306 2894 423 2941 assertore
436 2901 525 2942 intento
541 2901 598 2942 istae
614 2901 742 2943 sententiae
758 2901 911 2942 damnantur.
926 2928 957 2933 -
973 2901 1018 2942 lta-
