2214 3350
189 148 227 184 122
351 154 353 159 ‘
370 148 424 184 Sect.
442 149 469 183 ll.
487 147 533 181 Art.
551 147 567 182 Ι,
584 147 615 182 De
632 144 752 190 gratuitate
769 145 855 190 gratiae

185 255 281 296 *exsistit
297 255 438 303 subiectum,
456 255 494 295 cui
511 253 602 305 aliquid
619 253 740 301 debeatur,
757 252 782 293 et
795 252 908 303 positive:
929 250 1034 293 subiecto

185 319 311 361 exsistenti
325 331 374 360 non
387 320 486 361 debetur
501 320 532 370 (v.
548 330 571 358 n.
586 321 607 366 5,
622 318 653 370 4).
668 343 699 349 —-
711 320 732 359 2.
747 317 800 358 Ario
814 327 884 357 sensu
899 315 1033 358 indebitum

188 385 310 436 negative:
333 385 438 425 exclusio
458 384 532 425 debiti
551 383 585 424 est
605 393 670 424 mera
690 381 792 432 negatio;
813 380 954 430 indebitum,
975 381 1033 432 quia

152 462 153 465 ¹
185 447 238 488 :non
251 448 367 496 debitum;
381 447 405 489 et
417 447 529 498 positive:
548 446 665 497 quatenus
679 444 760 496 potius
772 444 918 486 contrarium
933 443 1033 495 positive

185 512 297 561 «debetur,
316 526 338 554 r.
358 524 380 563 g.
401 510 486 562 accipit
502 510 656 558 heneficium,
675 510 717 560 qui
736 510 798 551 iuste
815 509 904 550 meruit
921 507 1030 560 poenam.

183 581 246 618 ›—3.
255 577 391 618 Indebitum
398 582 508 616 naturae:
526 575 611 616 natura
623 576 648 615 in
661 574 715 616 actu
727 574 807 625 primo
819 573 937 614 eiusmodi
949 574 991 621 est,
1006 573 1032 614 ul

189 644 234 683 hoc
245 653 293 683 non
305 641 393 693 exigat;
401 641 426 682 et
437 640 560 692 operibus:
576 639 662 681 natura
674 640 699 680 in
712 638 766 679 actu
778 639 888 687 secundo,
901 639 1030 690 operando,

189 718 237 747 riori
249 705 325 757 potest
337 705 414 746 ullam
427 705 571 756 exigentiam
584 703 703 753 inducere,
720 704 768 744 sive
782 715 825 755 per
838 705 937 744 niodum
952 702 1029 744 merit'

184 772 238 813 sive
252 770 426 822 impetrationis
440 770 488 811 sive
503 767 672 820 dispositionis.
687 794 718 799 ψ
731 772 752 809 4.
769 768 905 809 indebitum
920 768 977 808 doni
990 779 1031 808 na-

189 836 273 876 turalis
290 836 312 877 et
327 835 516 885 supernaturalis
534 835 564 886 (v.
581 846 605 874 n.
624 837 644 882 5,
662 833 694 885 4).

185 967 240 1007 193.
278 967 305 1006 In
320 966 421 1006 sectione
435 967 457 1006 ll
471 977 527 1006 non
540 966 634 1016 agimus
647 965 677 1005 de
691 964 816 1016 gratuitate
830 964 948 1005 donorum
962 970 1030 1004 riatu-

182 1031 282 1080 rule'um,
296 1042 355 1082 quae
368 1042 392 1070 n.
404 1033 426 1079 5,
439 1034 452 1071 4
463 1029 566 1070 breviter
576 1029 694 1081 explicata
705 1029 747 1079 est,
760 1040 850 1080 neque
863 1029 892 1070 de
904 1028 1030 1080 gratuitate

182 1095 276 1147 :gratiae
288 1107 336 1147 qua
346 1106 408 1147 pure
420 1095 533 1143 sanantis,
548 1095 576 1135 de
590 1106 638 1145 qua
649 1106 672 1134 n.
688 1096 797 1135 157-151
812 1093 868 1136 satis
881 1094 1029 1145 disputatum

143 1172 156 1207 χ
182 1160 228 1209 est,
245 1160 286 1201 sed
301 1160 330 1200 de
343 1158 469 1211 gratuitate
483 1159 573 1211 gratiae
589 1158 688 1201 stricte
703 1158 852 1208 salutaris,
869 1158 938 1199 cuius
952 1169 1029 1200 neces-

182 1225 243 1266 sitas
260 1225 294 1266 th.
313 1227 324 1264 i
341 1224 366 1265 et
381 1227 394 1265 2
411 1224 512 1276 probata
527 1223 569 1273 es't,
587 1223 724 1275 etquidem
747 1222 802 1264 art.
821 1224 830 1263 Ι
854 1223 971 1274 quatenus
993 1224 1030 1265 est

185 1289 293 1331 indebita
307 1290 419 1340 operibus
435 1289 537 1330 naturae,
550 1288 668 1330 humanae
685 1288 772 1338 lapsae,
796 1287 849 1328 art.
867 1289 889 1329 II
912 1289 1028 1340 quamnus

185 1365 233 1395 non
245 1353 348 1405 exigitur
359 1355 390 1395 eh
402 1354 453 1395 ulla
464 1360 551 1394 natura
563 1359 646 1402 creatu,
660 1353 732 1394 etiam
744 1355 851 1394 humana
863 1365 925 1404 pura
935 1353 959 1395 et
970 1353 1006 1395 int
1021 1380 1028 1386 -

183 1430 234 1469 gra,
252 1418 291 1460 vel
306 1418 378 1459 etiam
395 1419 510 1469 angelica.
528 1417 593 1460 Talis
608 1418 695 1459 divisio
711 1417 805 1459 articuli
822 1417 919 1469 propter
935 1418 1028 1459 histori-

181 1495 238 1524 cam
254 1483 413 1524 evolutionem
429 1484 503 1524 huius
518 1482 593 1534 partis
607 1483 739 1533 theologiae
755 1482 942 1524 commendatur.
979 1524 981 1527 Α

185 1614 239 1654 194.
275 1611 388 1653 Historia.
407 1613 492 1654 Variae
508 1612 610 1653 rationes
626 1612 730 1664 gratuiti,
748 1623 809 1662 quae
825 1612 960 1664 competant
975 1625 1027 1664 gra-

180 1677 231 1719 tiae
244 1676 338 1726 Christi,
353 1676 470 1728 paulatim
484 1675 619 1718 distinctius
632 1676 738 1728 cognitae
753 1676 815 1718 sunt.
830 1676 855 1718 S.
870 1678 959 1718 Paulus
973 1689 1026 1719 con-

183 1742 220 1782 tra
239 1742 386 1783 adversarios
405 1741 496 1793 gratiae
515 1741 618 1783 maxime
638 1741 777 1784 detenderet
796 1742 959 1792 peccatores
978 1753 1026 1783 non

178 1818 211 1846 ex
226 1807 345 1857 operibus,
363 1806 404 1847 sed
419 1805 492 1857 gratis
507 1806 640 1847 iustificari.
658 1806 774 1856 Similiter
790 1812 871 1847 curura
885 1807 1026 1857 Pelagianos

183 1869 303 1922 imprimis
314 1870 511 1912 considerabatur
521 1883 549 1912 ea
560 1870 682 1923 gratuitae,
696 1882 769 1922 quam
782 1871 859 1922 gratia
871 1872 943 1913 habet
953 1873 1027 1913 relate

179 1936 212 1976 ad
226 1935 337 1976 naturam
351 1937 490 1984 humanam,
507 1936 577 1986 prout
589 1947 653 1976 nunc
666 1935 765 1983 exsistit,
781 1935 797 1976 i.
812 1947 832 1976 e.
847 1936 918 1987 prout
931 1937 1026 1987 peccato

179 1999 265 2040 :saltem
284 1999 393 2051 originali
410 2000 486 2051 gratia
501 2001 602 2051 positive
617 2000 717 2051 indique
733 2000 796 2041 iacta
812 2000 853 2041 est.
872 2000 949 2050 Quare
966 2001 1025 2053 desi-

182 2064 284 2104 ru'tiones
307 2064 425 2104 Ecclesiae
449 2066 540 2116 priores
558 2065 581 2106 et
599 2064 751 2106 solemniores
779 2065 880 2117 (Areua,
908 2067 1022 2118 Tridenr.)

178 2128 333 2180 ,gratuitatem
360 2129 451 2180 gratiae
475 2130 526 2171 hoc.
546 2141 615 2171 sensu
641 2129 774 2171 enuntiant.
804 2131 849 2171 Sed
876 2132 948 2172 simul
975 2132 1024 2173 iam

178 2193 224 2234 SS.
239 2194 328 2234 Paulus
342 2194 365 2235 et
377 2194 477 2234 locarier
492 2205 519 2236 ac
533 2194 618 2236 deinde
630 2196 712 2235 Patres
725 2195 805 2246 praeci
818 2196 881 2236 dona
894 2196 984 2247 gratiae
996 2188 1025 2238 eo

178 2259 253 2298 modo
271 2259 454 2307 celebraverant,
474 2259 502 2300 ut
520 2259 621 2300 eluceret
639 2270 668 2300 ea
686 2261 792 2300 conferre
812 2260 918 2310 aliquam
937 2272 1024 2302 novam

177 2321 255 2363 uitam
272 2321 363 2363 ordinis
378 2334 432 2363 vere
450 2321 541 2371 divini,
552 2324 628 2364 omni
645 2324 794 2365 creaturae
810 2323 949 2365 indebitam.
962 2327 1024 2366 -Pro-

181 2386 238 2427 inde
254 2386 401 2436 Scholastici,
420 2399 476 2429 curn
493 2388 603 2428 naturam
622 2389 755 2429 humanam
773 2388 889 2430 abstracte
908 2390 930 2431 et
947 2390 1023 2440 philo-

176 2450 277 2501 sophice
302 2451 451 2493 considerare
475 2452 613 2503 coepissent,
640 2451 740 2494 naturae
765 2452 850 2493 etiam
876 2454 1023 2495 innocenti

175 2514 323 2566 exigentiam
340 2516 431 2567 gratiae
449 2528 535 2567 negare
560 2517 685 2557 debebant,
711 2517 839 2568 Postquam
864 2519 1022 2559 Protestunies

180 2580 244 2620 hunc
256 2581 395 2631 conceptum
407 2581 542 2632 gratuitatis
552 2581 717 2632 perverterunt
727 2582 751 2623 et
762 2582 834 2623 Baius
846 2594 902 2624 eum
913 2595 1023 2635 expresse

173 2645 202 2686 :et
215 2643 324 2685 distincte
337 2645 439 2696 negavit,
453 2646 557 2686 Ecclesia
569 2647 674 2687 eundem
687 2646 826 2697 conceptum
842 2653 922 2688 contra
936 2649 1023 2689 Baium

179 2715 200 2748 et
215 2708 358 2749 lamentatus
373 2710 511 2751 vinuivacit.
529 2710 656 2762 Theologia
671 2711 813 2752 ultimorum
828 2712 977 2753 saeculoram
993 2725 1022 2755 ex

173 2772 296 2825 completa
307 2772 415 2815 doctrina
427 2775 451 2815 S.
466 2774 609 2826 Scripturas,
623 2775 722 2816 Petrum
734 2776 784 2817 tam
796 2787 935 2827 graecorum
948 2774 1021 2829 quam

175 2829 308 2879 latinorum
323 2838 346 2879 et
363 2838 561 2880 scholasticorum
578 2850 630 2880 eam
648 2839 703 2881 tecit
719 2839 888 2892 synthesim,
906 2852 953 2892 qua
969 2833 1021 2893 gra-

173 2902 250 2943 tuitas
266 2902 355 2953 gratiae
372 2904 437 2942 omni
453 2915 482 2945 ex
500 2904 565 2954 parte
582 2904 723 2945 elucidatur.
