2214 3350
209 198 245 234 366
294 200 348 235 Sect.
363 200 403 235 ΙΙΙ,
417 200 462 235 Art.
476 200 516 235 ΙΙΙ,
530 201 560 235 De
573 199 693 253 amissione
705 199 726 234 et
738 199 857 242 augmento
870 197 969 234 iustitiae

207 309 235 347 40
243 317 261 355 s;
274 308 326 347 Ber.
339 307 488 357 946-94811,
502 306 603 347 Habitus
614 296 725 357 acquisiti
735 296 881 356 experientia
893 305 950 347 teste
961 305 1055 347 actibus

208 369 323 419 oppositis
336 370 360 410 et
372 370 478 421 neglecto
491 369 643 421 propriorum
655 369 753 409 actuum
766 370 876 410 exercitio
890 368 1051 410 remittuntur.

208 432 256 473 Hoc
271 433 352 488 autem
366 444 414 474 non
428 433 484 474 licet
498 431 636 483 simpliciter
651 431 779 486 transferre
795 434 825 473 ad
841 432 937 473 habitus
951 433 1053 483 infusos,

208 495 297 546 quippe
308 496 350 547 qui
362 507 410 536 non
422 497 480 536 adeo
491 495 522 535 ad
533 494 666 545 augendam
679 496 818 546 facilitatem
829 495 923 546 agendi,
937 506 1010 546 quam
1021 496 1052 536 ad

208 559 378 599 conferendam
394 559 532 609 facultatem
548 559 634 608 apenli
649 557 862 607 supernaturaliter
880 558 966 599 dantur
981 558 1054 608 atque

208 619 222 661 a
239 622 288 662 solo
303 622 352 662 Deo
368 617 465 672 physice
481 620 653 671 producuntur,
672 620 795 672 augentur,
815 620 976 662 destruuntur.
995 621 1052 662 Sine

208 685 282 725 dubio
294 686 358 725 Deus
369 684 445 735 potest
457 682 553 724 habitus
566 683 692 732 remittere,
708 683 768 725 sicut
780 694 819 724 eos
832 684 908 734 potest
921 684 1051 725 intendere.

209 747 255 787 Sed
270 758 318 787 non
332 747 435 788 remittet
449 746 496 786 nisi
511 757 538 786 ecc
552 747 691 786 rationabili
705 758 782 787 causa.
799 747 863 795 Quae
878 747 925 787 alia
939 757 988 788 esse
1003 758 1051 787 non

207 810 284 860 potest
300 810 346 849 nisi
364 809 461 859 aliquod
478 809 621 849 demeritum
638 820 667 849 ex
684 809 750 860 parte
767 809 880 858 hominis,
898 810 921 851 et
937 810 1051 860 quoniam

207 872 330 922 peccatum
347 872 446 913 mortale
463 871 580 923 Plurimos
596 872 694 912 habitus
709 872 805 922 penitus
822 872 929 921 destruit,
948 872 1053 924 cogitan-

207 930 272 975 dum
284 934 319 976 est
337 936 366 975 de
383 941 478 985 peceato
496 935 591 975 veniali.
612 935 684 985 Atqui
702 935 825 985 peccatum
844 935 935 976 veniale
954 935 1053 976 habitus

206 998 295 1048 gratiae
309 998 332 1038 et
344 998 460 1038 virtutum
474 1009 523 1036 nou
536 998 631 1037 minuit.
646 998 668 1049 a)
685 997 809 1038 Rationem
824 998 864 1039 dat
879 999 902 1039 S.
918 999 1051 1048 Thomas,

206 1061 231 1101 S.
246 1062 279 1100 ta.
294 1064 314 1108 2,
329 1064 378 1111 2q.
393 1064 420 1101 24
433 1072 454 1100 a.
470 1063 508 1101 10:
528 1078 538 1096 «
547 1061 606 1100 Cum
620 1054 707 1112 aliquis
721 1061 840 1112 delinquit
852 1062 878 1101 in
891 1062 986 1111 minori,
1003 1073 1052 1103 non

206 1123 312 1165 meretur
327 1123 497 1164 detrimentum
512 1123 562 1172 pati
578 1124 604 1163 in
620 1123 713 1164 maiori.
731 1125 794 1164 Deus
810 1123 875 1164 enim
891 1135 938 1164 non
955 1124 1010 1174 plus
1027 1137 1052 1166 se

206 1186 291 1226 avertit
306 1186 336 1226 ab
353 1186 457 1234 homine,
475 1197 548 1237 quam
565 1186 636 1227 homo
652 1186 743 1227 avertat
759 1197 783 1227 se
799 1188 830 1228 ab
847 1187 905 1238 ipso.
923 1187 991 1228 Unde
1008 1189 1050 1239 qui

207 1249 341 1289 inordinate
359 1260 382 1289 se
397 1249 471 1305 nabet
486 1249 516 1289 ad
534 1260 567 1298 ea,
585 1260 645 1300 quae
662 1253 717 1289 suut
734 1250 764 1289 ad
780 1250 864 1300 sineru,
882 1261 930 1290 non
946 1250 1052 1291 meretur

162 1335 164 1338 -
206 1312 377 1352 detrimentum
391 1311 440 1361 pati
454 1312 480 1352 in
493 1311 596 1360 caritate,
611 1323 654 1362 per
668 1323 740 1363 quam
754 1312 879 1353 ordinetur
892 1314 923 1353 ad
936 1314 1050 1353 ultimum

205 1374 308 1424 sineru.»
331 1400 364 1404 -
385 1375 409 1426 b)
429 1375 502 1414 Sectis
518 1374 594 1414 auctis
609 1374 711 1424 peccatis
726 1373 861 1416 venialibus
884 1376 979 1416 tandem
1002 1381 1050 1416 tota

205 1439 296 1477 ‘iustitia
315 1444 469 1485 coaraecceret,
490 1438 554 1487 quod
571 1436 665 1477 admitti
685 1437 789 1487 nequit2.
816 1464 848 1469 —
872 1439 891 1490 c)
912 1437 1049 1489 Theologi

206 1500 365 1540 communiter
381 1512 435 1540 oum
454 1501 477 1541 S.
497 1500 589 1540 Thorna
607 1499 790 1541 diminutionem
808 1500 902 1551 negant.
921 1502 1050 1551 Dionysius

206 1563 285 1603 Carti.
304 1574 347 1613 pro
365 1562 481 1603 sententia
504 1561 645 1603 affirmativa
667 1564 762 1603 nonnisi
780 1564 810 1604 ad
828 1575 916 1614 paucos
939 1563 1049 1615 antiquos

205 1625 326 1676 theologos
337 1636 465 1676 provocare
477 1625 559 1676 potest.
572 1652 603 1656 -
614 1625 724 1666 Veniaiia
735 1626 830 1676 peccata
842 1627 923 1677 utique
936 1629 1051 1668 minuunt

205 1688 322 1728 actualem
334 1689 453 1738 feruorem
467 1688 571 1728 caritatis
584 1688 607 1729 et
618 1688 721 1729 aliarum
734 1682 852 1730 uirtutum
865 1700 956 1730 necnon
970 1693 1050 1742 acqui-

204 1752 275 1790 sitam
287 1750 427 1801 facultatem
440 1751 506 1791 iuxta
518 1751 562 1791 hos
574 1751 672 1791 habitus
683 1752 797 1802 operandi
811 1753 968 1803 ingerunique
981 1754 1050 1794 incli-

203 1813 326 1853 nationem
337 1814 368 1853 ad
377 1819 472 1864 peccata
485 1814 556 1853 etiam
567 1815 684 1854 mortalia.
698 1815 746 1855 Hoc
757 1815 828 1855 modo
840 1815 934 1866 peccata
945 1816 1050 1857 venialia

203 1876 227 1916 et
238 1877 337 1917 cessatio
348 1877 378 1916 ab
391 1876 501 1917 exercitio
513 1876 629 1917 virtutum
642 1876 767 1927 omnisque
781 1878 890 1928 tepiditas
903 1880 928 1918 in
940 1878 989 1920 viia
1002 1879 1050 1930 spi-

203 1938 285 1979 rituali
298 1940 328 1979 ad
341 1938 516 1989 corruptionem
530 1939 633 1980 iustitiae
646 1939 739 1980 infusae
753 1940 883 1990 disponunt
898 1942 937 1992 (ci.
953 1941 1046 1990 raom„

204 2002 229 2042 S.
249 2001 282 2040 tlt.
302 2004 322 2050 2,
343 2004 356 2042 2
375 2013 397 2052 q.
417 2004 445 2041 24
463 2013 484 2041 a.
506 2002 549 2052 10),
571 2001 648 2050 Quare
668 2002 818 2052 Scriptura
837 2004 860 2044 et
878 2004 976 2045 Patres
995 2005 1049 2046 iure

203 2064 308 2111 monent,
325 2063 421 2114 peccata
435 2063 539 2104 venialia
555 2075 584 2104 ne
600 2063 779 2115 neglegantur³.
821 2069 823 2071 ’

198 2202 201 2207 “
264 2200 272 2221 ¹
288 2200 320 2236 nt.
340 2200 407 2235 eiiam
423 2200 488 2236 Kath.
507 2200 532 2235 N.
550 2200 573 2236 F.
592 2200 604 2236 2
622 2199 685 2246 (1859)
704 2199 808 2237 1174-96;
829 2201 895 2236 Kann
911 2201 946 2238 die
963 2202 1046 2238 einmal

204 2245 304 2289 erlengte
316 2245 508 2290 heiligmechende
521 2246 597 2282 Gnade
608 2246 775 2282 vermindert
786 2247 876 2282 werden
887 2247 934 2282 und
947 2248 1003 2284 Wird
1015 2250 1049 2285 sie

203 2301 227 2326 es
241 2291 398 2327 inshesondere
414 2291 484 2327 durch
498 2290 602 2327 lessliohe
618 2291 723 2328 Student

264 2349 350 2384 ²Hanc
364 2348 545 2393 consequentiam
558 2350 651 2385 evadere
665 2358 710 2384 non
723 2348 812 2394 poteris,
828 2349 872 2384 nisi
886 2359 936 2385 cum
949 2351 1046 2396 Diony-

204 2394 243 2429 sio
256 2394 441 2430 carthusiano
457 2395 492 2439 (lu
507 2396 516 2430 l
529 2395 548 2431 d.
565 2395 588 2431 17
600 2404 618 2440 q.
635 2394 646 2431 9
661 2395 704 2441 [ed.
720 2397 811 2432 Tornec.
826 2395 867 2431 vol.
883 2395 908 2432 20
919 2405 939 2442 p.
955 2395 1047 2442 teau)

202 2440 272 2483 gratis
285 2440 407 2475 asserueris
417 2441 486 2476 istem
497 2441 667 2477 diminutionem
678 2450 723 2486 non
733 2440 886 2487 progressione
899 2442 1046 2484 arithmetice,

204 2486 242 2521 sed
255 2486 390 2530 geometrica
403 2485 452 2521 fieri
468 2486 501 2532 (ci.
517 2486 583 2522 Mam
600 2486 710 2532 251—254).

264 2543 272 2563 ³
289 2543 359 2588 saepe
375 2543 554 2579 accommodatur
570 2544 642 2579 textus
659 2544 719 2579 Eccli
735 2543 765 2588 19,
783 2543 804 2581 1:
826 2558 835 2577 ι(
845 2545 885 2588 Qui
902 2546 986 2589 spernit
1002 2555 1049 2580 mc-

204 2588 259 2630 dice‚
274 2589 384 2633 paulatim
398 2589 483 2624 decidet
491 2601 509 2632 u,
524 2589 588 2624 cuius
601 2589 715 2634 proximus
730 2598 808 2625 sensns
823 2590 866 2633 est,
884 2591 925 2634 Qui
939 2590 1046 2636 practicus

204 2634 274 2669 estin
287 2634 386 2678 modicis,
402 2634 512 2679 paulatim
526 2643 611 2679 pauper
625 2635 708 2671 evadet.
