2214 3350
190 192 225 230 168
325 195 380 231 sect.
395 195 423 232 Il.
438 195 484 229 Art.
499 195 527 232 ΙΙ,
543 176 574 231 De
588 173 801 239 supernaturalitate
815 192 901 238 gratiae

189 313 245 343 nem
266 319 276 339 <c
284 302 543 353 supranaturalismum
552 320 562 339 1)
590 303 717 343 exhorrens
738 303 801 343 dona
819 301 918 352 physica
937 300 1038 342 naturae

189 365 345 416 superaddita
357 366 453 418 negavit
467 367 537 417 atque
551 365 660 416 gratiam,
677 364 800 413 iustitiam,
815 364 916 406 virtutes
929 364 1038 406 christia-

188 440 233 470 nas
244 428 272 470 ut
283 429 410 471 relationes
421 429 522 469 morales
535 434 629 469 tuntum
641 428 743 469 alicuius
754 427 879 479 probitatis
891 439 956 469 mere
967 427 1009 468 nat
1026 453 1037 460 -

189 491 247 532 ralis
258 493 343 533 habuit
356 494 386 545 (v,
395 505 417 543 g.
429 492 487 532 Ben.
499 492 596 532 Stuttler
608 501 747 542 suppressae
760 491 783 532 S.
792 492 805 531 J
808 523 822 539 .,
835 490 962 541 Theologia
974 490 1037 531 cbri-

190 554 268 596 stiana
285 555 430 606 theoretica).
450 554 544 595 Similia
563 565 622 594 saec.
641 554 693 595 XIX
712 554 828 595 docebant
845 554 951 603 Hermen
971 553 1036 595 Giin-

190 617 250 667 ther,
265 618 462 659 Frobscbammer
478 618 517 669 (ci.
532 618 566 657 Dz
581 618 682 669 166655),
697 629 773 669 neque
787 618 806 658 I.
820 617 901 666 Kolta,
916 618 1038 669 proiessor

189 676 339 732 tubingensis
358 681 410 732 (Die
427 679 518 721 christi.
537 680 612 721 Lehre
630 691 677 721 von
695 681 738 721 der
754 679 820 731 goin.
841 680 923 721 Gnade
941 679 1035 738 [1868]),,

189 744 219 784 ab
235 744 274 784 his
288 744 409 785 erroribus
423 744 485 784 liber
499 743 541 784 est.
558 767 590 773 —
604 744 640 784 Ex
655 742 899 785 Neoscholasticis
914 742 1038 793 imprimis

168 822 176 825 ·’
190 806 306 854 Clemens,
323 808 441 857 liteurycn
458 807 482 848 S.
499 807 530 855 1.,
547 819 570 847 v.
586 805 706 855 8511111151,
723 806 846 847 Scheeben
862 806 912 847 suis
927 806 995 846 libris
1012 806 1038 847 et

189 869 429 910 commentationibus
442 869 477 921 (in
488 869 615 920 periodicis
629 869 692 910 «Der
702 868 831 910 Katholik»
845 870 868 910 et
880 868 1035 918 «Hist-polit

188 927 303 983 Blatter»)
316 932 373 973 istas
382 931 515 973 tendentias
525 931 708 973 rationalisticas
718 931 899 983 impugnabant.
908 932 957 972 Hoc
963 932 1037 972 modo

188 995 271 1036 relatio
286 995 348 1036 inter
363 995 473 1036 ordinem
488 994 662 1036 naturalemet
679 995 884 1046 supernaturalem
901 994 1036 1035 accuratius

187 1058 311 1109 explorata
325 1058 368 1099 est.
386 1084 417 1089 —-
434 1057 531 1099 Reactio
547 1058 662 1099 adversus
678 1058 822 1099 modernum
840 1057 1035 1106 naturalismum‚‚

188 1132 250 1172 quae
268 1121 348 1162 tamen
368 1120 460 1162 debitos
483 1120 573 1162 limites
596 1120 703 1169 excessit,
724 1121 774 1162 erat
793 1121 963 1172 ontolopismur
991 1121 1036 1172 (sz

189 1186 243 1225 1659
251 1184 281 1235 55)
302 1185 324 1225 51
341 1184 493 1235 philosophia
510 1185 620 1225 Hormina*
640 1185 682 1237 (Dz
700 1186 753 1225 1891
761 1185 803 1236 ss).
822 1209 853 1215 -
870 1185 917 1225 Ρ10
934 1184 1036 1225 50551110

187 1246 304 1288 Vaticano
322 1248 404 1298 ampla
420 1246 531 1288 definitio
549 1247 578 1287 de
596 1248 680 1288 ordine
699 1246 874 1298 supernaturali
893 1252 1036 1298 praeparatu

188 1310 239 1351 erat
257 1310 302 1361 (GL
316 1312 338 1359 7,
355 1313 414 1351 508s
429 1312 500 1351 51655
515 1311 631 1351 5215175
646 1312 686 1351 551
702 1311 761 1361 566);
780 1310 821 1351 sed
837 1309 932 1350 nonnisi
948 1310 1037 1360 exigua.

188 1384 245 1423 pars
261 1373 291 1413 de
307 1370 483 1414 revelatione
499 1372 524 1413 et
540 1383 582 1423 per
598 1373 753 1414 transennam
771 1374 801 1428 de
817 1373 878 1414 tine
894 1373 918 1414 et
933 1372 1034 1414 ordine

188 1435 406 1485 supernaturali
423 1437 449 1475 in
468 1435 621 1476 definitiones
639 1434 734 1476 transiit
759 1436 787 1488 (s.
806 1439 820 1477 2
838 1447 888 1487 cap.
907 1438 930 1485 2;
949 1447 999 1476 can.
1019 1438 1036 1476 3

188 1499 231 1558 [Da
249 1499 401 1557 1786181181).
417 1522 448 1528 -
463 1499 559 1539 Ultimis
576 1498 697 1539 decenniis
713 1498 818 1540 multum
835 1498 982 1550 disputatum
998 1499 1036 1541 est

187 1562 217 1603 de
243 1561 381 1603 necessitate
407 1561 512 1602 obiecti
539 1560 671 1602 formalis
698 1560 942 1612 supernaturali53
968 1562 1034 1612 quod

187 1625 252 1675 apud
268 1624 403 1665 Themistua
418 1635 489 1665 sensu
503 1623 633 1676 originario
649 1622 796 1675 intellegitur
813 1625 845 1676 (n.
862 1627 903 1666 304
910 1625 951 1676 ss),
967 1625 1033 1677 apud

186 1688 304 1738 plurimos
316 1686 376 1728 alios
388 1698 435 1728 non
448 1687 554 1738 amplius
566 1687 703 1738 quaestione
716 1686 885 1739 metaphysica,
901 1688 941 1729 sed
953 1688 1036 1739 potius

163 1774 166 1776 ,
186 1750 292 1801 practica
304 1750 426 1798 tractatur,
441 1750 491 1791 scil.
506 1750 577 1800 quale
590 1749 707 1791 motivum
721 1762 751 1792 ex
764 1750 884 1792 voluntate
899 1751 942 1792 Dei
956 1750 1036 1802 requi-

186 1812 260 1862 ratur,
277 1812 305 1854 ut
319 1813 386 1854 actus
401 1813 431 1854 sit
445 1813 583 1854 meritorius
599 1814 631 1865 (5.
648 1813 738 1865 72155),

185 1941 241 1984 253,
266 1941 369 1978 Historia
380 1941 446 1992 10015
457 1940 671 1987 ‚,snpcrnaturalis“.
704 1941 758 1986 Aug.
786 1942 898 1977 Denetie
924 1943 944 1978 S.
964 1943 982 1979 J.
1009 1942 1035 1978 in

185 1994 251 2030 ZkTh
266 1993 290 2030 16
306 1993 371 2040 [1922)
388 1993 555 2029 337-36015151
571 1993 617 2029 alia
632 1993 686 2029 11550
701 1994 779 2030 babet:
798 1994 843 2029 Vox
859 2002 904 2028 non
919 1994 1031 2030 invenitur

184 2046 211 2081 in
226 2045 305 2090 lingua
321 2046 423 2090 protana,
442 2045 467 2080 in
485 2046 504 2081 S,
525 2045 647 2090 Scriptura,
667 2045 726 2091 apud
743 2045 829 2081 Patres
848 2045 939 2082 Latini
955 2046 1031 2092 patres

185 2098 269 2134 habent
283 2098 401 2134 terminos:
417 2097 479 2133 111115
492 2097 604 2140 naturam,
620 2096 653 2132 vis
668 2096 779 2142 potentior
793 2097 882 2141 natura,
899 2107 967 2143 supra
982 2106 1033 2133 con-

186 2150 303 2193 dicionem,
321 2149 356 2185 vel
374 2149 418 2184 alio
435 2149 500 2184 modo
523 2148 621 2193 gratiam
645 2149 759 2194 opponunt
783 2149 877 2185 naturae
903 2148 938 2194 (ct.
964 2151 1029 2193 reri„

184 2201 268 2245 Amba,
286 2202 340 2246 Aac.
360 2202 389 2249 [R
404 2201 440 2238 318
457 2201 568 2238 12891982
584 2201 658 2248 1755]).
677 2202 741 2248 Apud
757 2201 836 2238 Patres
852 2210 962 2247 graecos
978 2202 1034 2247 legi·

183 2262 246 2289 mus:
267 2249 315 2298 ὑπὲρ
329 2251 436 2300 τὴνφύσιν
455 2252 522 2298 (Oria.
539 2254 568 2299 [R
579 2252 643 2299 529]),
660 2251 748 2299 ἐκβαίνει
760 2251 796 2298 τὴν
809 2252 868 2298 φὺσιν
881 2252 951 2299 (Grcq.
965 2254 1031 2298 nyss.

186 2305 216 2351 [R
237 2304 312 2352 laath,
326 2302 545 2352 irremuneratam
562 2305 647 2349 (chrys.
672 2305 701 2350 [R
722 2303 797 2351 1185]),
814 2303 836 2342 τὸ
847 2302 896 2349 ὑπὲρ
906 2304 971 2350 ptura,
981 2304 1035 2351 πρὸς

184 2355 209 2392 τὰ
223 2352 272 2400 ὑπὲρ
285 2355 344 2402 ptum
365 2356 423 2402 (cyr.
439 2356 498 2392 Alea.
516 2357 546 2402 [R
560 2355 697 2403 2111621151).
714 2358 774 2392 Haec
787 2355 918 2402 praedicata
931 2356 1033 2392 tribuunt

184 2407 274 2444 divinae
292 2408 412 2453 adoptioni,
438 2407 580 2452 deificationi,
605 2407 774 2455 participationi
791 2408 922 2444 hereditatis
940 2408 1029 2451 Christi,

186 2459 226 2495 sed
239 2459 306 2495 etiam
318 2460 439 2495 miraculis¹
456 2461 482 2495 In
495 2460 575 2504 lingua
587 2460 684 2506 protana
697 2460 718 2495 et
732 2461 793 2506 apud
806 2461 885 2496 Patres
898 2460 1034 2507 posteriores

183 2511 280 2547 occurrit
302 2512 437 2547 adiectivum
461 2508 568 2558 ὑπερφυὴς,
594 2512 608 2549 i.
628 2521 646 2548 e.
665 2512 703 2556 qui
720 2511 788 2548 crevit
812 2521 881 2558 supra
903 2521 1034 2547 mensuram

184 2562 329 2612 ordinariam,
345 2563 543 2607 extraordinarius,
557 2563 674 2607 mirabilis;
687 2574 707 2600 v.
722 2574 742 2609 g.
758 2564 877 2607 Pa-Dton.‚
891 2563 959 2609 Epist.
974 2565 986 2600 1
1001 2564 1030 2599 ad

184 2614 266 2651 Gaium
290 2614 338 2659 (MG
355 2614 372 2658 3,
391 2614 439 2651 1072
455 2616 493 2661 B):
519 2615 582 2660 virgo
605 2612 711 2661 ὑπερφυῶς
723 2617 804 2653 κυοῦσα.
824 2632 850 2647 -a
870 2616 932 2651 Haec
952 2625 995 2652 vox
1018 2625 1035 2651 a

184 2666 269 2702 Ioanne
286 2666 349 2702 Scoto
363 2666 502 2712 Eriugena
519 2667 543 2712 (†
560 2667 602 2713 877)
619 2668 645 2703 15
660 2667 732 2703 latina
746 2667 848 2703 versione
864 2667 965 2712 Dionysii
982 2668 1031 2703 red-

184 2719 279 2756 debatur
295 2728 334 2765 per
351 2719 576 2765 «supernaturalis».
594 2719 679 2755 ibidem
696 2720 729 2755 est
745 2728 818 2755 sermo
835 2720 861 2755 de
879 2720 1031 2765 «supernatu-

183 2771 246 2807 rali»
266 2770 407 2816 simplicitate
425 2772 472 2815 Dei;
492 2772 531 2808 sed
549 2772 617 2807 etiam
634 2771 708 2816 magis
726 2771 803 2807 nostro
822 2779 889 2806 sensu
907 2771 1032 2817 theologico

183 2822 355 2869 supernaturale
370 2823 489 2869 opponitur
505 2823 646 2858 connaturali
668 2823 780 2870 (συμφυὴς).
798 2842 824 2853 —·
837 2822 922 2859 Iterum
936 2823 1034 2859 occurrit

182 2884 225 2910 vox
243 2874 459 2920 «supernaturalis»
477 2884 534 2911 saec.
553 2875 597 2911 XII.
610 2876 671 2921 apud
687 2876 805 2920 Haponem
822 2884 842 2910 0.
861 2876 882 2912 S.
902 2876 986 2912 Victore
1005 2876 1038 2910 in

184 2927 344 2964 commentario
357 2927 464 2972 Dionysii,
481 2941 491 2960 «
500 2928 531 2963 De
545 2927 634 2963 caelesti
648 2926 802 2969 hierarchia»,
817 2927 875 2962 etin
887 2936 945 2962 nova
958 2927 1032 2963 trans-

183 2979 268 3015 latione
284 2979 431 3025 Areopagitae
449 2989 463 3015 a
479 2980 562 3014 Ioanne
581 2980 705 3015 sarraceno
723 2979 746 3016 0,
758 2979 787 3026 VS.
807 2979 831 3014 B.
850 2979 918 3022 iacta;
936 2980 988 3015 item
1006 2978 1031 3014 in
