2214 3350
307 147 403 183 *Thesis
417 146 434 181 l.
453 145 519 180 Actus
534 129 668 178 naturaliter
683 139 771 175 honesti
948 135 972 170 75

124 262 188 304 ralia
203 256 325 311 pervenire
342 254 425 306 potest.
443 278 474 283 —-
490 254 510 299 2,
528 254 541 292 2
558 263 581 301 q.
600 252 626 290 23
644 260 665 289 a.
683 250 696 287 7
714 248 744 288 ad
762 249 785 287 i:
806 246 880 287 Actus
896 243 973 296 petest

124 335 176 366 esse
190 322 309 369 bonus-ex
324 329 369 359 sua
382 327 468 368 genere
482 325 530 354 non
545 312 623 354 solum
638 322 682 362 per
695 309 825 357 caritatem,
843 309 884 349 sed
898 308 971 348 etiam

125 398 169 439 per
183 385 257 426 iidem
272 382 309 424 vel
325 392 392 432 spem
407 378 444 419 vel
458 378 531 418 etiam
545 387 589 426 per
603 374 713 415 rrarrrrale
730 373 826 420 borram,
843 371 907 422 quod
922 381 971 411 non

124 450 204 492 totum·
218 458 261 498 per
275 445 399 497 peecatum
415 440 514 483 tollitur.
529 465 561 470 -
575 441 596 487 2,
613 441 627 479 2
642 449 665 488 q.
683 439 710 476 lo
725 448 746 476 a.
764 437 788 475 l:
808 435 876 475 Bona
890 444 970 483 opera,

124 513 156 553 ad
170 521 229 562 quae
244 507 328 550 suffieit
342 507 432 546 bonurn
445 509 551 551 natarae,
567 501 639 542 etiam
654 499 766 540 infideles
780 497 813 539 sie
827 498 905 538 faeere
919 506 971 547 pos-

124 573 191 621 sunt„
206 561 238 613 ut
248 582 296 611 non
311 571 337 611 in
354 567 420 610 omni
435 578 508 618 opere
523 564 627 617 peccent
645 564 671 603 in
687 562 727 603 his
743 560 856 611 dirigitur
872 559 973 600 intentio

124 648 169 688 per
183 635 267 675 lamen
280 633 378 673 rationis
393 630 518 671 riataraiir.
534 629 613 669 Etiam
629 630 648 675 1,
665 630 679 667 2
694 638 717 676 q.
735 627 775 665 109
790 636 811 664 a.
827 627 841 664 2
856 621 970 674 explicari

126 698 202 750 petest
211 697 235 738 et
245 696 314 737 debet
325 695 356 735 de
367 694 458 735 actibus
470 702 524 732 rere
537 690 648 738 honestis,
663 689 704 740 qni
716 688 809 728 virilius
820 685 971 727 naturalibus

123 760 195 802 liberi
209 758 302 800 arbitrii
316 757 371 798 fieri
386 755 484 807 possint.

124 885 178 927 126,
210 883 381 920 *Concedendum
400 881 433 917 est
453 879 563 925 quaedam
591 877 650 913 dicta
675 876 800 922 aquinatis,
822 874 917 910 maxime
938 875 969 909 De

127 946 170 972 rer.
188 946 207 981 q.
225 936 249 972 24
264 945 284 970 a.
302 934 326 979 ll
342 934 416 969 lavere
432 933 552 976 vazquez
571 931 598 975 (v.
617 929 717 965 eiusdem
734 927 815 973 disput.
835 926 870 963 190
886 936 903 962 c.
921 925 933 961 3
950 926 972 961 et

126 988 200 1033 Schiff.
214 996 264 1032 pag.
280 985 315 1022 155
326 984 418 1030 notam).
435 983 477 1019 Sed
490 982 531 1018 illa
543 981 646 1027 specialis
660 980 735 1023 motio,
750 988 817 1024 quarn
831 978 927 1014 Thomas
941 977 971 1013 ad

123 1039 267 1084 rogitandum
285 1037 306 1073 et
322 1036 442 1072 volendum
461 1036 543 1070 bonum
560 1032 661 1078 requirit,
680 1032 713 1067 est
732 1031 835 1077 specialis
853 1030 969 1066 creaturae

125 1090 231 1126 rationaii
243 1091 263 1124 et
275 1089 363 1130 liberae,
377 1087 487 1133 imprimis
498 1087 524 1121 in
534 1085 699 1131 comparatione
713 1084 742 1119 ad
753 1083 874 1118 motionem
886 1082 971 1117 entium

123 1141 259 1179 naturaliter
275 1140 395 1185 agentium,
412 1139 426 1173 i.
444 1148 461 1174 e.
479 1146 519 1183 per
535 1146 600 1173 suam
616 1137 723 1172 naturam
739 1135 768 1170 ad
783 1144 854 1170 aurern
871 1133 970 1169 determi-

122 1194 233 1229 natorum.
253 1193 325 1235 Quare
345 1191 386 1226 etsi
403 1191 432 1226 sit
449 1191 534 1225 donum
551 1200 566 1225 a
583 1187 849 1228 creatione-distinctum,
870 1187 967 1222 nondum

122 1244 223 1289 sequitur
234 1245 258 1279 in
269 1245 316 1279 eius
327 1243 444 1279 collatione
455 1241 591 1277 intercedere
602 1241 713 1276 rationem
725 1239 853 1284 eremitalis
867 1238 970 1272 essentia-

126 1296 175 1330 liter
191 1295 282 1330 maioris
299 1302 368 1339 quarn
384 1292 479 1329 hahetur
495 1293 520 1327 in
536 1292 601 1328 donis
618 1291 761 1328 naturalibus
780 1291 815 1335 (cf.
834 1300 855 1326 n.
875 1290 893 1334 5,
910 1290 930 1336 4)
949 1290 969 1324 et

121 1346 255 1392 praesertim
269 1345 344 1389 iniis,
359 1345 439 1389 quihus
454 1344 537 1379 natura
551 1343 670 1380 rationalis
685 1352 740 1387 prae
755 1342 884 1378 irrationali
898 1342 969 1384 murd-

121 1398 224 1433 fioentius
237 1397 332 1434 dotatur.
347 1396 438 1432 Deberet
450 1396 540 1441 probari
554 1406 579 1432 ex
591 1396 663 1431 mente
678 1396 698 1431 S.
714 1395 811 1431 Thalnae
823 1395 894 1430 neam
906 1401 969 1438 posse

121 1449 239 1485 creaturae
260 1448 365 1483 rationali
386 1456 473 1482 onmem
494 1446 652 1491 cogitationem
672 1455 795 1491 congruam
816 1446 865 1481 sine
886 1444 970 1479 iniuria

121 1499 239 1544 denepare,
257 1499 278 1535 et
293 1508 455 1544 quamcumque
471 1499 557 1533 homini
573 1498 637 1543 lapsa
655 1498 697 1540 det,
716 1498 765 1533 dari
782 1498 873 1542 propter
889 1496 967 1531 merita

126 1551 213 1586 Carini.
235 1550 277 1586 Sed
294 1550 515 1598 ne'utrumvvazquez
533 1549 621 1595 probat;
639 1550 708 1585 immo
727 1549 780 1585 dicit
800 1549 821 1595 (l.
842 1559 860 1584 c.
880 1558 902 1583 n.
923 1548 966 1594 titt:

124 1602 223 1637 «Fateor
235 1601 310 1636 tamen
321 1628 326 1636 .
336 1628 354 1638 ..
369 1610 439 1645 neque
451 1601 476 1636 in
487 1601 534 1636 tota
546 1602 589 1637 hac
602 1601 732 1646 quaestione
747 1601 772 1647 (1,
786 1601 798 1637 2
810 1610 829 1645 q.
845 1600 888 1646 109)
903 1600 967 1645 expli·

123 1662 186 1688 casse
200 1653 220 1689 S.
237 1653 350 1694 Thomam‚
366 1653 454 1696 quando
468 1652 577 1687 auxilium
590 1652 654 1696 illud,
669 1653 728 1697 quod
742 1652 806 1688 uoltis
820 1653 934 1687 confertur
949 1652 970 1686 et

120 1712 166 1746 quo
181 1714 196 1738 a
209 1704 253 1738 Deo
268 1711 388 1745 movemur,
405 1704 434 1737 sit
447 1712 488 1748 per
504 1703 622 1739 Christ-um.
632 1717 643 1736 ,‚

127 1818 178 1859 127.
216 1818 239 1859 S.
260 1817 437 1874 Beneventum,
457 1820 486 1858 ln
504 1822 518 1858 2
537 1819 560 1858 d.
581 1821 608 1858 28
627 1829 649 1858 a.
669 1821 682 1859 2
702 1831 725 1869 q.
745 1821 757 1859 3
778 1819 846 1859 deret
864 1818 968 1858 liberum

120 1882 249 1923 arbitrium
262 1883 310 1924 sela
322 1883 366 1923 Dei
378 1883 541 1934 cooperatione
553 1882 666 1934 pancrati,
681 1883 770 1932 absque
783 1882 860 1934 gratia
873 1883 968 1933 gratum

124 1947 225 1988 iaciente
240 1948 265 1988 et
280 1947 355 1997 gratis
372 1948 434 1995 data,
454 1959 528 1997 posse,
549 1948 604 1988 lieet
621 1947 754 1996 difficulter,
775 1948 852 1988 iacere
871 1946 968 1998 aliquod

123 2012 214 2051 honum
229 2011 326 2059 morale,
344 2012 407 2062 quod
423 2012 449 2051 in
465 2012 540 2052 linem
557 2012 671 2052 ult-imum
690 2012 915 2063 (supernaturalem)
934 2012 969 2051 est

121 2074 263 2123 -ordr'riahiie,
282 2087 331 2116 non
349 2076 428 2116 autem
447 2076 591 2117 ordinatum.
616 2103 648 2107 —-
672 2077 706 2118 De
731 2077 799 2117 aliis
821 2077 968 2118 veteribus

125 2139 239 2190 theologis
251 2153 273 2179 r.
289 2140 349 2181 ibid.
364 2142 389 2180 in
402 2140 460 2181 edit.
476 2141 513 2181 ilci
528 2141 608 2182 Claros
623 2143 704 2192 Aquas
720 2142 783 2183 taeta
797 2141 853 2183 tom.
870 2144 883 2183 2
897 2141 968 2182 Sche-

121 2203 185 2243 liniri
201 2215 254 2254 pag.
274 2206 341 2245 687s.
359 2231 391 2235 —
407 2205 592 2246 Recentiores
610 2206 714 2257 theologi
733 2206 928 2247 communissima
946 2206 969 2246 et

123 2267 310 2318 augustinenses
326 2269 349 2309 et
366 2270 474 2320 Vazquer
492 2271 515 2311 ei
531 2271 635 2321 Ripalda
653 2271 791 2312 reiecerunt.

125 2393 177 2434 128.
212 2394 240 2436 V.
260 2395 339 2441 Ratio.
358 2396 386 2434 A.
407 2396 495 2437 Contra
512 2395 712 2449 Augustinenses.
733 2397 834 2448 Physica
851 2398 875 2437 et
892 2407 967 2437 mora-

119 2457 176 2498 liter
192 2460 316 2509 possibiles
335 2460 389 2500 sunt
405 2460 481 2510 aliqui
498 2461 564 2501 aetus
582 2461 687 2502 honesti:
716 2463 735 2501 l.
754 2462 844 2502 ratione
862 2461 967 2501 obiecti

119 2522 146 2562 -et
162 2521 234 2571 finis
250 2524 385 2574 proximi.
404 2525 453 2565 Hoc
471 2526 660 2575 Augustinenses
677 2527 810 2566 concedunt
828 2528 852 2567 et
868 2526 967 2566 nianife-

120 2586 186 2627 stum
196 2588 237 2629 est.
252 2589 276 2629 Si
286 2588 352 2629 enirn
364 2590 436 2630 home
447 2590 529 2640 lapsus
540 2591 588 2631 iam
600 2591 697 2631 nullum
710 2591 788 2632 aetum
801 2602 858 2632 suae
869 2591 967 2631 naturae

119 2652 305 2693 consentaneum
327 2653 377 2694 sine
396 2654 487 2695 auxilie
506 2655 612 2695 indebito
632 2654 717 2696 elicere
737 2655 832 2711 valeret,
854 2667 897 2706 per
915 2667 967 2705 pec-

119 2715 202 2756 eatum
214 2714 329 2768 originale
342 2729 395 2759 vere
410 2719 488 2759 iactus
500 2720 561 2760 esset
574 2727 716 2760 nroartrrrru.
731 2722 762 2762 At
775 2720 874 2761 docente
887 2721 966 2761 Trici,

122 2791 141 2818 s.
157 2783 204 2821 dc.
219 2785 231 2821 l
245 2782 269 2822 et
282 2794 335 2823 ean.
350 2786 363 2822 5
380 2784 422 2833 (Dr
436 2785 477 2823 793
493 2785 541 2835 815)
557 2785 662 2825 liberum
677 2786 804 2826 arbitrium
819 2786 855 2826 est
870 2785 966 2836 quidem

119 2844 269 2886 attenuatum
286 2847 310 2888 et
328 2847 477 2897 inclinatum
498 2850 598 2889 minime
616 2861 680 2890 vero
692 2850 842 2891 crustulatam.
868 2852 969 2901 Insuper

74 2922 77 2930 .
121 2908 193 2949 multi
212 2910 278 2951 aetus
297 2911 389 2952 honesti
409 2912 466 2952 sunt
483 2913 564 2962 faciles
585 2919 607 2953 et
626 2914 733 2964 tricundii,
755 2916 830 2956 immo
850 2916 968 2957 faciliores
