2214 3350
232 153 309 202 Thesis
322 165 339 201 8.
354 164 474 211 Dispositio
486 163 584 210 positiva
597 163 618 197 et
630 162 735 207 negativa
873 159 909 196 149

61 273 150 318 Attente
168 273 245 309 lectori
263 274 347 320 patebit
365 274 424 309 hanc
442 272 567 308 doctrinam
586 270 660 316 quoad
677 269 838 315 praecisionem
857 278 907 305 con-

61 325 165 371 ceptuum
182 325 310 372 atmodum
327 324 500 371 argumentandi
517 331 596 358 revera
613 320 746 357 constituere
764 330 907 366 progressum

61 378 124 413 haud
136 385 237 423 parvum,
253 386 345 423 eumque
359 377 457 423 positum
469 376 495 411 in
506 375 586 411 eadem
599 373 667 415 linea,
682 382 750 418 quam
765 374 785 410 S·
802 373 905 415 Thomas,

62 438 127 465 suam
141 428 265 464 doctrinam
278 430 350 474 magis
364 429 480 473 magisque
493 426 617 474 perficiens,
633 424 791 472 praesignavit.

61 543 118 584 226,
150 542 194 578 Alii
209 552 221 578 e
236 543 313 579 contra
327 544 352 579 in
366 543 463 588 peiorem
478 542 566 588 partem
583 538 691 576 abierunt.
709 536 834 574 Duranius
850 539 874 575 O.
883 539 907 574 P.

63 595 87 641 (1
102 594 164 641 1334),
177 594 260 631 11110.
274 595 298 631 28
310 604 328 641 q.
343 590 908 632 51000110100001110001111011100101110110

61 646 158 682 contra
173 645 324 682 doctrinam
340 646 458 682 senioris
475 645 585 682 defendit:
606 657 617 677 «
625 643 706 680 Utrum
723 642 798 678 autern
815 651 908 688 praepa-

60 698 120 734 ratio
138 698 167 733 ad
184 698 282 742 gratiam
299 698 399 744 requirat
417 696 512 743 speciale
530 696 668 732 adiutorium
685 695 725 731 Dei
744 694 844 730 animum
863 702 908 728 mo-

60 750 134 785 ventis
156 749 177 785 et
200 749 331 795 inspirantis
348 751 431 786 bonum
447 749 587 795 propositum
611 747 673 795 [sunt
697 747 766 782 verba
789 746 908 790 Aquinatis

61 801 156 841 senioris
169 810 194 836 ex
207 802 223 844 l,
237 801 249 836 2
262 810 280 846 q,
295 800 331 837 109
343 812 362 837 a.
376 799 406 848 6]‚
421 801 497 836 dicunt
509 801 601 846 quidam
615 800 672 845 quod
686 799 724 835 sic.
735 813 744 831 1
759 798 908 833 1101110110-

60 861 113 888 nem
130 852 150 889 S·
170 852 277 888 Thomae:
305 865 315 885 o
325 854 457 898 supremum
475 861 544 897 agens
561 852 634 887 movet
652 851 680 886 ad
697 849 803 885 ultimum
820 848 906 885 finem»

61 913 154 949 eamque
166 903 241 940 solvit:
258 904 337 940 «Licet
349 913 451 951 supremo
464 904 539 948 agenti
551 903 668 939 conveniat
681 903 710 938 ad
723 902 828 937 ultimum
839 899 907 936 finem

59 956 218 1002 perducere,
243 955 300 990 nihil
323 956 400 992 tamen
421 955 523 1001 prohibet
546 954 649 990 infimum
667 963 737 999 agens
755 955 784 989 ad
801 953 907 989 ultimum

60 1007 127 1043 finem
142 1007 295 1052 disponere
311 1007 368 1043 sicut
382 1007 482 1043 videmus
497 1008 521 1042 in
535 1006 677 1051 generatione
692 1005 795 1041 hominis.
806 1019 816 1039 11
833 1006 907 1048 Quare

60 1060 109 1104 ipse
121 1059 250 1105 respondet:
268 1072 279 1092 (ι
288 1059 310 1095 Si
324 1058 418 1104 speciale
432 1059 568 1095 adiutorium
581 1059 671 1095 vocetur
684 1057 842 1093 immediata
855 1067 908 1093 mo-

60 1111 99 1146 tio
115 1110 268 1146 voluntatis
286 1120 300 1146 a
315 1112 367 1153 Deo,
386 1110 433 1146 sine
450 1110 492 1146 tali
509 1111 581 1156 potest
598 1111 663 1145 homo
682 1119 704 1146 se
722 1118 859 1155 praeparare
877 1110 907 1145 ad

60 1162 184 1210 gratiam»,
197 1163 251 1207 quia
262 1162 345 1197 bonum
356 1162 440 1198 morale
452 1162 519 1198 hahet
531 1162 560 1198 ad
572 1162 669 1206 gratiam
682 1158 837 1197 immediatum
850 1161 908 1197 ordi-

60 1223 118 1249 nem.
145 1214 167 1250 Si
186 1214 261 1249 autem
279 1213 374 1259 speciale
393 1214 529 1249 adiutorium
547 1214 638 1250 vocetur
662 1213 793 1259 specialis
818 1214 907 1258 provi-

61 1265 163 1308 dentia,
178 1274 245 1310 quam
258 1267 316 1301 Deus
328 1265 396 1301 1101101
409 1266 434 1301 de
447 1265 489 1308 his,
504 1266 542 1311 qui
554 1266 701 1302 hereditatem
713 1265 806 1311 capiunt
819 1265 906 1308 salutis,

61 1316 92 1352 sic
108 1317 269 1363 praedestinati
336 1325 381 1352 non
397 1317 491 1363 possunt
507 1327 529 1353 se
546 1318 575 1353 ad
591 1317 688 1362 gratiam
705 1326 842 1363 praeparare
859 1318 907 1353 sine

61 1368 153 1414 speciali
175 1369 214 1404 Dei
238 1369 390 1405 adiutorio...
416 1370 460 1406 Sub
485 1370 561 1405 ordine
584 1369 688 1416 specialis
711 1369 906 1415 providentiae...

61 1422 127 1465 cadit,
142 1422 249 1467 quidquid
263 1430 298 1457 eos
311 1422 424 1467 promovet
438 1422 467 1457 ad
481 1421 582 1466 salutem,
598 1422 645 1457 sive
658 1422 687 1457 sit
701 1421 819 1457 exterior
833 1422 908 1458 admo-

60 1473 116 1509 nitio
135 1474 238 1515 hominis,
260 1474 305 1509 sive
326 1474 442 1518 aegritudo
461 1474 567 1519 corporis,
586 1474 622 1508 vel
642 1473 750 1518 quidquid
769 1473 907 1509 voluntatem

61 1525 142 1561 excitat
154 1525 183 1561 ad
195 1526 279 1560 honum
293 1526 356 1572 [sunt
367 1526 436 1561 verba
447 1526 565 1570 Aquinatis
579 1525 680 1570 iunioris
695 1526 748 1561 1112
761 1526 780 1561 d.
796 1526 839 1572 28];
854 1527 875 1561 et
888 1528 908 1561 si

60 1576 102 1612 hoc
113 1577 203 1612 vocetur
215 1577 296 1621 gratia,
311 1577 359 1613 sine
371 1577 412 1613 tali
424 1578 499 1622 gratia
511 1586 556 1613 non
569 1578 641 1623 potest
654 1577 719 1613 homo
733 1587 756 1613 se
769 1587 906 1624 praeparare

60 1629 90 1663 ad
109 1628 211 1672 gratiam.
222 1642 232 1661 1>
249 1648 274 1655 »-
290 1626 421 1664 Guilelmus
434 1628 519 1665 Occam
535 1631 558 1666 O.
574 1630 598 1665 F.
614 1631 642 1666 M.
660 1629 683 1675 (†
699 1628 754 1677 1349)
770 1632 790 1665 et
803 1629 907 1665 110111111111

60 1679 164 1725 discipuli
177 1680 231 1724 eius,
244 1680 270 1715 ut
289 1678 358 1716 Gabr.
373 1678 420 1715 Biel
445 1680 469 1724 (1
484 1679 637 1723 1491111211.
652 1681 677 1717 27
689 1690 708 1726 q.
724 1691 760 1717 un.
777 1691 796 1717 a.
812 1682 823 1718 2
836 1682 904 1717 conci.

60 1732 88 1777 1),
103 1731 205 1767 similiter
218 1731 317 1767 sentiunt
331 1732 357 1777 (v.
372 1732 489 1775 Danista,
503 1733 587 1769 Luther
600 1732 646 1768 unct
658 1734 797 1777 Luthertam,
812 1734 830 1770 2.
846 1734 904 1770 Aufl.

60 1784 76 1826 Ι,
91 1782 143 1820 5730
156 1783 176 1818 01
188 1784 293 1826 110011001
305 1783 320 1819 1.
333 1783 447 1830 011208).
460 1805 487 1812 -
501 1782 583 1820 Scotus
596 1785 620 1830 (†
634 1784 687 1830 1308)
702 1787 730 1822 ab
744 1786 820 1821 eodem
832 1795 906 1822 errore

59 1836 97 1870 vix
113 1835 201 1870 defendi
217 1835 289 1880 potest
312 1836 339 1882 (v.
357 1845 377 1880 g.
401 1837 428 1871 Iu
443 1837 456 1871 2
472 1837 491 1872 d.
510 1836 541 1878 2&
564 1836 592 1871 111
608 1838 620 1872 t
636 1837 655 1872 d.
674 1836 697 1873 14
715 1846 734 1882 q.
753 1837 772 1880 23
790 1839 816 1873 cl.
836 1847 906 1883 supra

59 1886 185 1932 112081-
208 1885 316 1922 Nicotaus
330 1886 412 1923 liccam
430 1888 455 1934 (c.
471 1897 490 1923 a.
507 1887 575 1934 1320):
594 1889 662 1925 «Sive
677 1889 737 1924 enirn
750 1890 870 1936 praeparet
884 1900 906 1926 se

62 1938 184 1984 [peccator]
200 1939 372 1984 praeparatione
386 1939 460 1975 subita
475 1940 520 1975 sive
536 1941 666 1983 successiva,
683 1950 771 1987 semper
785 1941 830 1978 ista
844 1952 907 1988 prae-

60 1990 148 2035 paratio
162 1990 235 2026 ortum
248 1990 314 2026 habet
327 1991 354 2027 ab
367 1990 443 2037 aliqua
455 1992 530 2035 gratia
542 1991 613 2036 gratis
627 1993 685 2035 data,
701 1993 723 2029 et
734 1993 775 2029 hoc
788 1994 823 2030 vel
837 2005 851 2030 a
863 1994 906 2031 fide

59 2043 151 2078 informi
163 2072 168 2080 ,
178 2070 196 2079 .,
209 2043 245 2078 vel
257 2044 284 2079 ah
297 2043 373 2088 aliqua
385 2043 470 2079 actione
482 2044 616 2089 impediente
629 2055 643 2080 0
653 2045 714 2081 malo
726 2046 761 2082 vel
774 2046 906 2083 excitatione

60 2095 90 2130 ad
106 2095 195 2138 bonum,
214 2095 338 2130 cuiusmodi
362 2096 395 2131 est
417 2095 553 2141 praedicatio
570 2097 606 2131 vel
623 2096 717 2132 interior
741 2097 852 2143 allocutio,
871 2099 906 2135 vei

60 2146 183 2191 aegritudo,
203 2146 284 2192 quibus
303 2148 362 2182 Deus
382 2146 460 2182 excitat
479 2147 579 2183 animam
599 2148 703 2193 hominis,
724 2149 750 2185 ut
769 2150 905 2196 resipiscat»

61 2198 131 2243 (apud
145 2198 229 2234 Mttzka
244 2198 259 2233 1,
276 2208 300 2234 c,>
312 2200 337 2234 in
351 2199 405 2234 nota
421 2199 450 2234 ad
466 2208 487 2234 n.
505 2199 548 2242 218,
566 2210 586 2246 p.
605 2200 635 2244 59,
653 2212 679 2238 ex
695 2203 747 2238 cod.
766 2202 814 2239 Vat.
833 2203 904 2240 Ottoh.

58 2248 97 2285 lat.
114 2248 149 2285 623
162 2258 182 2285 v.
198 2259 217 2287 a.
233 2249 272 2297 33).
774 2273 776 2275 -

60 2366 116 2407 227.
149 2367 215 2403 Multi
231 2367 309 2403 saltem
325 2367 503 2413 propinquam
519 2367 566 2403 sive
583 2368 770 2404 sufficientem
787 2378 907 2415 praepara-

59 2417 143 2454 tionem
156 2418 185 2454 ad
199 2418 296 2463 gratiam
309 2418 446 2454 habitualem
460 2418 508 2454 sine
522 2420 614 2466 speciali
628 2421 667 2455 Dei
681 2420 793 2465 adiutorio
808 2422 902 2467 negant:

59 2465 142 2505 Petrus
158 2468 316 2506 ararantasia
335 2470 358 2507 0.
377 2472 399 2506 P.
426 2470 511 2516 (postea
532 2467 675 2508 Innocentius
692 2473 716 2516 V,
741 2473 756 2516 1
774 2472 829 2517 latu
852 2475 907 2510 In2

60 2520 81 2555 d.
97 2520 122 2557 28
137 2531 156 2566 q.
173 2521 220 2559 2a,
237 2522 264 2567 4).
280 2541 306 2550 a
325 2519 450 2557 urchardus
463 2532 477 2558 a
489 2521 621 2559 Medievilla
643 2524 775 2571 (Menevilie)
793 2526 816 2561 0.
834 2526 858 2563 F.
876 2528 904 2562 Μ.

63 2573 88 2617 (1
105 2574 158 2618 1307;
174 2575 229 2611 1112
245 2575 264 2613 d.
282 2575 305 2611 28
322 2584 341 2610 a.
360 2574 369 2610 1
386 2584 405 2619 q.
423 2575 455 2621 2):
480 2575 651 2622 Dispositionem
674 2577 784 2614 remotam
807 2580 828 2614 et
850 2579 906 2615 indi-

59 2625 143 2661 rectam
161 2626 275 2663 «liberum
291 2626 408 2662 arbitrium
424 2636 465 2672 per
482 2637 525 2663 sua
540 2625 656 2665 naturalia
673 2639 724 2665 cum
741 2629 789 2666 sola
806 2630 905 2675 generali

60 2679 156 2715 motione
168 2681 235 2725 primi
247 2680 361 2722 moventis,
376 2689 440 2724 quem
452 2682 558 2726 supponit
570 2683 680 2727 quaelibet
692 2683 750 2719 actio
762 2684 905 2729 creaturae»,

60 2731 163 2775 perlicere
180 2734 258 2779 potest,
277 2733 406 2779 Propinqua
423 2734 444 2768 et
462 2735 547 2772 directa
564 2736 680 2782 dispositio
698 2737 791 2782 requirit
809 2739 906 2783 gratiam

59 2785 131 2827 gratis
148 2787 231 2830 datam,
250 2786 472 2832 «comprehendendo
489 2790 529 2825 sub
547 2790 622 2834 gratia
637 2790 709 2835 gratis
726 2791 780 2828 data
796 2801 842 2829 non
858 2793 906 2829 tan-

60 2836 109 2873 tum
121 2839 210 2884 aliquod
221 2841 335 2877 habituale
347 2841 429 2876 donum
440 2841 584 2878 naturalibus
597 2845 773 2890 superadditum,
787 2847 826 2882 sed
838 2847 905 2883 etiam

62 2890 157 2935 Spiritus
172 2893 248 2929 Sancti
262 2894 361 2939 aliquam
375 2894 494 2930 motionem
509 2897 628 2941 specialem
641 2899 725 2935 tactam
739 2909 779 2945 per
794 2910 817 2936 se
831 2900 906 2936 imme-

60 2942 120 2979 diate
138 2946 226 2982 tantum
243 2947 277 2983 vel
295 2957 345 2983 cum
363 2947 403 2983 hoc
422 2948 489 2983 etiam
506 2950 619 2986 mediante
637 2951 714 2997 aliqua
733 2954 836 2990 creatura
844 2968 862 2991 11,
882 2976 907 2982 -
