2214 3350
326 205 404 274 rhesis
420 236 449 274 25.
466 219 574 271 voluntas
589 233 629 269 uei
641 231 745 268 >salvifica
924 227 958 264 531

114 347 150 387 Ex
169 345 236 397 perte
260 344 393 399 intellectus
414 338 568 392 coniungitur
590 351 645 382 oum
668 338 804 380 voluntarie
826 339 959 379 obcaece-

113 409 190 450 t-ione
211 409 341 465 (τύφλωσις,
369 406 481 465 πήρωσις)
502 405 551 446 sive
569 402 720 454 perversione
745 401 828 443 iudicii
851 399 957 441 moralis.

114 473 157 513 Hie
173 472 248 513 status
261 483 274 513 e
289 471 403 513 diametro
419 471 547 522 opponitur
562 467 660 518 prauae,
677 465 765 516 quippe
779 475 840 514 quae
855 465 890 505 est
905 463 959 504 iilu-

114 534 196 576 stratio
213 535 345 576 intellectus
360 535 383 575 et
399 532 525 583 inspiratio
540 529 678 572 sanctorum
694 528 833 569 effectuum.

174 629 268 665 Dooente
286 629 305 665 S.
323 627 422 664 Thema
440 626 538 671 (never.
555 632 574 668 q.
592 621 616 658 24
633 630 652 657 a.
671 620 702 666 11)
720 618 837 655 obduratio
853 617 958 664 importat

113 694 124 714 (ι
133 681 247 725 quandam
269 678 397 715 firmitatem
419 678 444 713 in
465 675 562 723 peccato,
586 683 626 720 per
647 681 715 717 quam
738 670 820 716 aliquis
838 680 852 706 a
868 670 957 716 peceato

81 752 84 759 v
112 734 193 770 reverti
206 743 252 769 non
263 733 332 779 possit
340 745 358 776 b,
372 740 418 767 non
431 731 504 766 solum
515 728 556 765 hoc
570 736 644 771 sensu,
659 726 718 771 quod
730 734 770 771 per
783 724 841 760 vires
855 723 957 769 proprias

113 797 127 824 a
139 787 229 833 peceato
241 787 332 822 liberari
345 794 391 821 non
404 785 474 830 possit
490 783 552 827 (nam
565 782 620 818 haec
635 781 668 817 est
682 779 782 829 condicio
798 776 870 813 omnis
883 786 958 823 pecea-

111 840 182 885 toris),
200 841 239 876 sed
254 840 320 875 etiam
335 851 345 871 u
354 839 413 884 quod
426 847 466 873 nec
482 836 596 882 cooperari
610 836 683 880 potest
698 834 727 869 ad
741 832 789 875 boc,
806 832 866 877 quod
881 841 895 867 a
910 839 958 876 pee-

111 894 161 930 cato
173 893 301 938 resurgat».
318 893 341 930 Si
353 892 415 927 nullo
427 890 491 927 modo
505 889 619 936 cooperari
631 888 710 934 potest,
725 885 821 922 habetur
834 884 957 931 perfecta

111 947 231 983 obstinatio
247 946 409 983 damnatorum.
427 945 454 980 In
469 944 530 980 statu
544 943 594 979 viae
609 951 655 977 non
670 940 784 977 invenitur
799 940 844 976 nisi
859 941 957 985 imper-

110 1001 192 1042 fecta,
205 1009 262 1045 quae
272 999 372 1035 consistit
383 999 406 1033 in
418 999 465 1041 hoe,
479 1010 490 1030 a
499 997 556 1042 quod
566 1004 613 1031 non
624 995 649 1031 cte
661 995 722 1040 taciti
731 995 802 1041 possit
813 992 954 1039 cooperari»,

112 1066 122 1086 (ι
131 1054 185 1089 dum
202 1052 285 1088 scilieet
301 1051 367 1088 babet
385 1050 466 1095 aliquis
482 1051 515 1086 ita
531 1049 644 1085 firmatam
660 1048 798 1084 voluntatem
815 1048 840 1083 iu
856 1046 953 1092 peccato,

111 1107 170 1152 quod
181 1115 228 1141 nou
240 1104 334 1149 surgunt
345 1105 419 1139 inotus
430 1104 459 1139 ad
470 1103 553 1138 bonum
565 1101 610 1137 nisi
623 1101 731 1138 debiles».
745 1120 769 1126 -
782 1100 858 1137 Talem
870 1100 955 1136 statum

111 1159 240 1195 describunt
251 1159 294 1204 sap
306 1158 326 1200 23
338 1158 360 1193 Is
372 1158 391 1200 5,
405 1156 453 1198 8ss;
466 1155 484 1199 6,
498 1156 534 1199 9s;
547 1156 579 1191 Ex
591 1155 698 1198 'IssRom
709 1155 726 1197 9,
741 1155 800 1197 1vss;
813 1156 837 1190 Io
850 1154 878 1198 12,
891 1154 915 1189 37
922 1162 952 1195 ss3

65 1243 66 1250 ,
109 1213 150 1248 Aet
161 1211 193 1256 28,
204 1212 263 1248 25ss
276 1230 300 1236 —-
312 1210 470 1247 obdurationis
483 1218 566 1245 eausa
577 1209 675 1254 positiva
686 1209 776 1243 interna
790 1209 811 1243 et
824 1206 955 1253 principalis

59 1269 60 1272 ’
110 1266 143 1301 est
156 1266 204 1310 ipse
217 1264 288 1306 honio,
303 1263 340 1307 qui
353 1263 422 1299 libere
434 1262 545 1308 peccando
558 1262 688 1306 gratiaeque
701 1261 824 1297 resistendo
837 1261 896 1297 hano
908 1270 956 1306 pes-

110 1319 192 1354 simam
215 1317 303 1353 animae
325 1316 493 1362 dispositionem
511 1316 552 1351 sibi
570 1315 638 1358 creat;
655 1315 761 1360 positiva,
775 1315 866 1350 externa
890 1315 956 1359 atque

110 1370 225 1407 moraliter
241 1379 362 1416 cooperans
378 1369 411 1405 est
425 1369 527 1405 diabolus
543 1378 593 1404 cum
609 1369 656 1404 suis
674 1368 822 1409 adiutoribus
837 1377 906 1404 causa
923 1377 956 1403 ex-

109 1426 176 1460 terna
189 1424 294 1468 negativa.
309 1424 330 1458 et
345 1423 478 1469 permissive
493 1423 526 1458 est
541 1423 600 1458 Deus
616 1430 648 1466 e0,
665 1423 724 1466 quod
739 1422 826 1466 gratias
842 1421 956 1458 abundan-

109 1478 178 1514 tiores
196 1478 217 1513 et
233 1476 337 1520 efficaces,
355 1472 488 1522 praesertim
505 1477 530 1512 in
546 1485 642 1523 poenam
659 1476 840 1522 praecedentium
857 1476 956 1521 peceato-

109 1539 166 1572 rum,
185 1529 297 1565 subtrahit
313 1530 430 1576 (quomodo
447 1530 506 1565 Deus
523 1529 547 1564 in
565 1528 681 1574 Scriptura
699 1530 763 1574 quasi
781 1529 873 1574 positive
891 1529 955 1564 indu·

109 1592 164 1618 rans
181 1583 279 1618 exbiberi
295 1583 372 1629 possit,
389 1592 409 1618 v.
428 1592 449 1618 n.
467 1582 502 1619 561
520 1583 549 1619 ad
565 1583 622 1619 Rom
637 1583 655 1626 9,
676 1582 698 1619 17
705 1584 731 1629 s).
749 1602 773 1608 —
788 1583 904 1618 induratio
922 1582 955 1618 est

108 1635 197 1672 libera
208 1637 229 1672 et
238 1637 388 1682 imputabilis:
401 1638 421 1683 a)
432 1638 460 1672 in
469 1645 561 1678 eausa,
573 1636 649 1682 utpote
659 1636 728 1673 libere
737 1637 838 1681 induota;
848 1637 870 1683 β)
881 1636 956 1679 inse,

110 1689 220 1734 quatenus
236 1689 314 1733 gratiis
328 1691 411 1725 remote
426 1689 506 1726 saltem
521 1689 687 1732 sufficientibus,
704 1700 760 1736 quae
777 1690 849 1727 adhue
865 1691 954 1733 dantur,

109 1742 177 1778 libere
193 1743 310 1779 resistitur.

179 1825 319 1866 Iniideles
335 1824 391 1866 sunt
406 1823 431 1872 ii,
449 1826 491 1875 qui
507 1835 555 1864 non
572 1824 661 1864 hubent
677 1824 759 1875 sidem,
777 1837 851 1876 quum
868 1825 955 1865 habere

109 1890 204 1930 debent.
223 1889 420 1940 Distinguuntur:
447 1890 471 1940 α)
492 1888 622 1939 positivi,
643 1889 685 1939 qui
703 1890 802 1940 propria
819 1889 890 1940 eulpa
906 1889 955 1930 tide

78 1974 80 1977 ,
109 1954 197 2002 casem,
216 1965 289 2005 qum
305 1955 347 1995 aut
363 1953 471 1994 habitam
489 1954 627 1994 abiecerunt
646 1954 774 2005 (apostatae
792 1955 816 1995 et
830 1954 952 2006 haeretiei)

109 2018 151 2059 aut
165 2017 270 2059 oblatam
286 2017 438 2069 culpabiliter
452 2018 611 2069 repudiarunt
629 2017 749 2070 (infideles
765 2029 837 2060 sensu
853 2020 953 2071 presso);

107 2107 137 2115 -
158 2083 181 2137 β)
199 2083 337 2133 negativi,
355 2084 397 2134 qui
414 2083 464 2124 sine
480 2084 578 2135 proprie
594 2084 666 2134 eulpa
688 2095 737 2125 non
758 2084 847 2126 hebent
870 2084 953 2132 iidem,

108 2148 167 2199 ipsis
180 2148 288 2189 nondum
302 2147 444 2189 sufficienter
457 2148 611 2200 propositam.
625 2174 657 2180 -
671 2147 785 2190 Iniideles
798 2147 894 2201 positivi
909 2150 954 2190 hae

108 2212 133 2252 in
153 2224 179 2252 re
197 2213 383 2264 aequiperantur
401 2212 564 2263 peecatoribus
588 2213 667 2265 magis
692 2214 804 2256 minusve
821 2215 953 2257 obduratis.

109 2277 225 2328 Speoialis
239 2277 365 2319 difficultas
380 2280 416 2320 est
431 2280 510 2329 quoad
527 2278 639 2320 infideles
655 2278 784 2331 negativos,

108 2416 164 2457 668.
201 2417 221 2468 c)
238 2416 280 2457 His
293 2416 407 2457 omnibus
421 2416 486 2457 Deus
499 2415 556 2465 dat,
573 2426 621 2455 non
637 2416 715 2456 solum
729 2416 819 2457 otiert
833 2416 881 2458 sive
896 2417 953 2458 dere

93 2531 96 2533 ¹
107 2481 206 2531 paratus
217 2480 260 2531 est,
274 2482 314 2522 sed
325 2492 381 2521 vere
394 2480 516 2530 confert,
527 2492 576 2522 non
587 2481 654 2522 omni
667 2480 772 2529 instanti,
786 2482 814 2522 ut
826 2480 896 2532 patet,
912 2482 957 2523 sed

107 2556 150 2596 pro
163 2545 214 2587 loeo
226 2545 250 2586 et
260 2545 372 2596 ternpore,
387 2546 484 2597 quando
496 2545 629 2587 oeeasiones
641 2545 788 2597 opportunae
800 2558 824 2587 se
837 2547 952 2595 offerunt,

106 2610 248 2661 praesertim
265 2610 362 2662 quando
376 2610 530 2661 praeceptum
547 2610 698 2662 implendum
714 2611 752 2652 vel
770 2610 867 2653 tentatio
886 2622 955 2663 supe-

108 2676 184 2716 randa
207 2675 283 2725 urget3
305 2699 337 2710 -η
361 2675 482 2725 gratias,
507 2676 523 2716 i.
543 2688 564 2717 e.
584 2674 674 2717 auxilie
698 2675 789 2718 intuitu
812 2677 953 2719 meritorum

101 2739 197 2781 ⁴Christi
212 2739 238 2779 in
253 2739 335 2780 ordine
352 2739 499 2781 adsalutem
515 2739 576 2790 dete,
595 2741 651 2781 hinc
667 2741 752 2782 saltem
767 2743 846 2793 quood
862 2744 953 2793 sontem

0 2772 8 2794 „t

44 2816 46 2819 ’
108 2810 129 2844 et
147 2805 226 2856 quoad
242 2805 319 2854 linem
335 2806 534 2856 supernaturalia.
553 2807 605 2847 Non
623 2806 749 2857 exigimus,
767 2808 795 2848 ut
812 2818 895 2849 omnes
912 2809 953 2849 he-

106 2868 180 2910 heent
195 2869 403 2921 gretiasinternes
418 2871 538 2911 entituttoe
554 2873 756 2922 supernaturales,¹
773 2884 831 2913 nem
847 2872 952 2913 infide-

107 2932 186 2975 libus
200 2933 259 2975 tales
272 2933 361 2985 gratiae
374 2944 422 2974 non
436 2934 548 2976 videntur
563 2937 623 2985 deri,
639 2936 686 2985 nisi
700 2936 798 2988 quando
812 2937 860 2979 iam
873 2937 953 2989 egitur

107 2997 136 3037 de
151 2998 250 3047 autibus,
266 2998 307 3050 qui
322 2999 409 3039 directe
422 3007 565 3050 praeparant
580 3001 754 3052 susceptionem
768 3004 827 3053 tides·
844 3004 876 3055 (n.
892 2995 951 3052 132),
