2214 3350
206 150 244 187 342
327 151 382 188 Sect.
396 152 435 187 ΙΙΙ.
449 152 494 205 Art
509 152 537 188 ΙΙ,
551 153 582 187 De
594 151 658 187 donis
669 151 694 185 in
705 130 862 193 instificatione
875 149 933 185 datis

206 258 264 300 calis
276 259 316 299 est
324 259 461 300 coniunctio
474 259 546 300 artior
559 258 583 300 et
595 257 682 298 realior
695 268 767 307 quam
782 267 816 305 ea,
831 267 892 306 quae
905 267 948 307 per
961 266 1052 297 meram

205 321 337 363 amicitiam
353 322 461 371 efficitur3
478 321 630 373 comparatur
645 320 725 371 potius
740 320 824 361 unioni
840 320 888 370 filii
904 321 934 361 ad
950 319 1051 370 patrem,

205 384 287 424 uxoris
301 385 333 425 ad
347 385 463 426 maritum
479 386 518 438 (ci.
534 395 607 436 supra
622 395 645 423 n.
661 383 721 435 441).

229 473 241 488 ³
274 465 298 516 g)
317 465 396 506 Altior
412 466 511 516 quidam
528 465 618 515 gradus
641 463 714 504 huius
738 462 919 504 inhabitationis
942 462 1050 511 habetur,

205 528 303 579 quando
312 529 378 569 Dens
387 538 499 578 praesens
510 527 545 568 est
556 544 567 563 «
574 527 602 567 ut
611 526 730 567 obiectum
742 525 958 576 experimentaliter
970 536 1052 576 coqne-

205 591 288 631 scz'bilc
306 597 329 631 et
345 591 445 642 sanabile
468 591 530 631 intra
554 589 688 630 animam».
713 590 762 629 Hoc
787 588 889 640 perfecte
907 588 1009 629 habetur
1026 589 1052 628 in

205 654 296 693 visione
311 654 424 694 beatifica
439 654 463 694 et
477 653 610 708 inchoativa
627 652 652 691 in
667 651 767 701 capsace
783 651 871 691 unione
888 651 982 692 animae
998 663 1051 692 con-

190 739 192 743 ν
205 716 358 767 templativae
370 727 424 756 cum
436 717 492 764 Deo,
505 727 553 766 qua
565 715 632 756 iuxta
643 714 812 765 Philippum
824 727 838 755 a
850 714 895 756 SS.
908 713 1051 755 Trinitate
1082 732 1084 734 >

204 779 268 820 Deus
282 790 324 829 per
339 780 460 830 quendam
475 777 654 818 substantialem
669 778 701 818 ad
715 776 822 818 animam
836 777 971 818 contactum
985 788 1051 828 prae-

205 852 259 881 sens
271 842 295 882 et
306 842 390 882 unitus
402 841 509 882 sentitur.
524 841 570 881 Sed
583 851 632 881 non
645 840 715 881 debet
727 840 771 881 hoo
785 840 855 880 modo
869 851 897 880 ea
909 838 1051 881 inhabitatio

204 904 326 954 explicam,
341 915 402 955 quae
417 904 529 944 omnibus
543 902 612 943 iustis
627 903 762 944 communis
775 904 817 944 est.
833 902 899 944 Talis
913 902 1051 944 tentaminis

204 967 288 1008 saitem
305 967 409 1017 speciem
424 977 472 1007 non
488 966 545 1006 satis
561 966 621 1007 vitat
643 966 763 1007 Ioannes
785 979 800 1007 a
823 968 847 1007 S.
865 967 972 1012 Thema
987 966 1048 1007 0.P.

206 1030 243 1081 (In
258 1031 267 1069 l
283 1042 306 1081 q.
322 1032 349 1070 43
363 1041 384 1070 a.
400 1033 413 1070 3
427 1030 488 1080 disp.
504 1031 538 1078 173
554 1029 584 1070 ci.
602 1028 694 1069 Villodu
708 1040 731 1080 p.
747 1030 825 1078 178ss;
840 1029 938 1070 Gordeil
952 1041 976 1080 p.
993 1031 1050 1070 139s

203 1095 282 1141 246s53
297 1091 387 1133 Geltier
400 1104 423 1143 p.
438 1094 478 1132 169
486 1092 526 1143 ss),
542 1092 584 1143 qni
597 1102 664 1132 secus
677 1090 818 1132 sententiam
832 1092 856 1133 S.
871 1091 977 1132 Thomae
991 1092 1050 1132 bene

202 1154 338 1205 proponit1.

203 1263 259 1305 454.
294 1266 316 1303 3.
333 1263 416 1312 Unio,
433 1274 506 1314 quam
521 1262 701 1313 explicavimus
719 1262 754 1303 est
769 1262 870 1303 dicenda
885 1261 984 1310 realis,
1002 1272 1049 1302 non

202 1338 267 1366 mere
282 1326 382 1367 moralis
397 1326 446 1366 sive
462 1325 572 1374 insidiam
588 1337 644 1365 nam
661 1325 712 1366 eius
728 1324 912 1365 fundamentum
928 1325 964 1365 est
979 1324 1050 1365 realis

202 1389 307 1440 qualitas
321 1388 424 1437 animae,
442 1388 551 1429 absoluta
566 1388 590 1429 et
606 1387 678 1428 simul
695 1387 801 1428 relativa.
820 1388 867 1429 Sed
883 1399 931 1428 non
948 1388 1049 1428 habetur

202 1451 301 1502 physice
319 1451 403 1491 minito
422 1456 564 1491 naturarum
583 1462 659 1502 neque
679 1450 825 1501 hypostatica
843 1452 908 1491 unio.
929 1451 964 1491 Ex
983 1451 1048 1501 parte

202 1519 365 1553 extremorum
379 1513 458 1564 posset
471 1513 550 1553 vocari
565 1512 623 1554 unio
638 1513 852 1561 substantialis,
869 1514 926 1564 quia
941 1513 1049 1554 substan-

201 1576 235 1616 tia
250 1576 344 1617 animae
356 1587 414 1617 cum
430 1575 562 1617 substantia
578 1575 621 1616 Dei
637 1575 727 1624 unitur,
744 1576 785 1616 sed
801 1575 915 1626 quoniam
930 1576 989 1617 haec
1005 1576 1048 1617 ter-

158 1686 161 1697 ,
201 1639 332 1689 minologia
347 1638 416 1679 facile
432 1638 492 1679 falso
507 1637 661 1689 intellegitur,
678 1637 764 1679 melius
779 1640 809 1679 ab
824 1651 852 1680 ea
867 1639 999 1680 abstinetur
1016 1640 1046 1690 (vi

201 1701 291 1742 Gallier
303 1701 319 1741 l.
333 1713 352 1742 c.
367 1704 407 1742 214
415 1702 456 1753 ss).
469 1701 556 1742 Modus
568 1701 670 1743 uniendi
681 1701 716 1742 est
727 1701 928 1750 accidentalis;
942 1702 972 1743 fit
984 1702 1048 1742 enim

200 1764 258 1804 haec
273 1764 331 1804 unio
346 1763 466 1804 mediante
481 1762 564 1814 gratia,
581 1775 643 1815 qnae
658 1764 693 1805 est
707 1763 823 1805 accidens.

142 1921 144 1925 ,
200 1880 255 1922 455.
292 1884 312 1923 4.
326 1881 392 1922 Licet
402 1881 504 1932 gratiam
516 1881 647 1922 increatam
659 1894 673 1923 a
684 1881 761 1932 gratia
773 1882 851 1922 create
863 1881 1046 1932 distinguamus,

200 1944 280 1985 tamen
295 1944 353 1984 haec
369 1945 416 1985 duo
431 1944 550 1995 principia
565 1955 621 1984 non
636 1945 702 1986 sunt
716 1944 750 1984 ita
764 1945 934 1994 separanda,
950 1945 977 1986 ut
992 1944 1047 1986 alte-

200 2008 252 2047 rius
262 2007 364 2047 effectus
374 2006 487 2048 formales
499 2007 547 2048 sint
558 2008 656 2048 omnino
668 2008 740 2048 alieni
752 2007 782 2048 ab
795 2007 875 2048 altero.
889 2007 966 2048 Iidem
979 2008 1047 2059 effec-

201 2076 239 2110 tus
254 2070 349 2121 utrique
364 2070 482 2120 principio
498 2069 623 2118 debentur,
641 2070 681 2110 sed
697 2070 740 2110 sub
759 2070 851 2110 diverse
867 2070 965 2110 ratione.
983 2071 1047 2120 Quae

199 2132 276 2183 gratia
290 2133 368 2173 creata
382 2133 535 2182 informando
550 2131 649 2181 confert,
665 2132 769 2183 Spiritus
783 2132 883 2174 Sanctus
897 2133 1046 2174 terminando

200 2195 276 2236 efficit.
293 2196 332 2235 Sic
346 2195 476 2245 utrumque
490 2194 638 2245 principium
652 2195 724 2235 simul
739 2195 862 2246 sumptum
876 2198 956 2237 vocari
971 2196 1047 2247 potest

200 2257 333 2298 formalis
347 2269 433 2298 causa
447 2258 540 2299 nostrae
555 2257 739 2306 iustificationis,
756 2257 958 2308 sanct'iicationis‚
975 2259 1046 2310 adop-

200 2321 278 2369 tionis,
293 2320 461 2368 deificationis
474 2320 499 2361 at
511 2331 583 2361 causa
597 2320 706 2361 formalis
718 2322 797 2361 stricte
811 2320 881 2369 dicta,
897 2322 947 2362 scil.
962 2323 1046 2362 intrin-

200 2395 266 2423 secus
282 2384 424 2434 informans,
442 2383 477 2424 est
492 2383 570 2435 gratia
585 2384 670 2432 creata,
695 2383 772 2435 gratia
794 2395 849 2425 vero
872 2384 977 2426 increata
999 2397 1047 2436 qua

198 2446 316 2487 terminus
334 2446 457 2487 relationis
475 2446 521 2487 dici
539 2446 617 2496 potest
633 2457 704 2487 sensu
722 2447 820 2497 cnuloqo
833 2457 910 2488 causa
929 2447 1044 2495 formalis
1072 2442 1074 2444 ’

200 2514 297 2548 caterno
311 2509 361 2549 scil.
377 2509 400 2550 et
414 2509 524 2549 assistens
542 2509 613 2560 (sicut
626 2508 699 2549 etiam·
712 2520 784 2550 causa
798 2510 941 2560 exemplaris
955 2511 1045 2551 reduci-

199 2572 240 2613 tur
254 2572 285 2612 ad
301 2583 397 2612 causam
413 2570 557 2622 formalem).
576 2573 625 2612 Hac
640 2571 720 2612 media
735 2573 776 2612 via
792 2572 926 2614 incedentes
941 2573 1046 2614 vitamus

199 2633 409 2682 inconvenientias,
426 2646 486 2685 quae
501 2634 532 2673 iis
545 2634 680 2683 occurrunt,
696 2635 738 2686 qui
753 2635 795 2676 aut
808 2646 862 2675 cum
876 2636 963 2684 tersio,
979 2638 1045 2677 Peta-

261 2758 268 2779 1
282 2756 429 2799 Granderath,
441 2758 506 2793 ZkTh
516 2756 528 2792 7
540 2755 604 2802 (1883)
616 2767 636 2802 p.
649 2756 744 2793 632-638
755 2759 809 2794 bene
821 2757 923 2801 ostendit,
937 2759 1045 2803 quomodo

200 2804 221 2840 S.
238 2802 335 2848 Spiritus
350 2802 371 2847 a)
387 2803 462 2838 veniat
477 2803 497 2838 et
512 2804 603 2838 mancat
618 2803 642 2837 ut
657 2803 749 2844 amicus,
766 2803 902 2839 extendendo
917 2805 947 2840 ad
961 2805 1046 2840 iustum

199 2858 249 2884 eam
262 2847 392 2890 amicitiam,
407 2857 464 2892 quae
478 2849 510 2884 est
523 2848 582 2884 inter
595 2849 639 2884 ires
653 2857 760 2894 personas
774 2848 868 2891 divinas;
882 2850 904 2895 b)
920 2851 949 2885 sit
963 2850 1046 2886 donum

200 2896 222 2930 et
237 2894 351 2940 possessio,
365 2892 426 2936 iusti;
443 2895 462 2940 c)
480 2894 509 2929 sit
525 2895 608 2939 pignus
625 2895 646 2930 et
662 2903 715 2930 arra
730 2894 821 2939 gloriae3
840 2894 861 2939 d)
879 2895 965 2931 habitet
981 2897 1005 2931 ut
1021 2896 1046 2931 in

199 2941 264 2975 domo
278 2940 370 2986 propria
385 2939 430 2974 sive
444 2940 469 2974 in
482 2939 564 2985 templo
579 2948 625 2975 suo.
