2214 3350
230 146 231 149 Ἴ
276 163 353 199 Thesis
368 162 396 199 16.
411 162 548 199 inhabitatio
563 162 660 215 Spiritus
675 162 751 219 Sancti
902 159 944 196 329»

69 263 74 298 s
92 270 114 306 C.
132 270 168 307 SS.
186 271 220 313 R,
236 271 303 306 Notre
318 272 410 317 parente
427 280 479 306 avec
494 270 527 306 les
542 279 664 315 personnes
680 269 765 305 diuinas
783 268 854 315 (1921).
872 288 895 293 -
910 274 933 304 A.

93 322 181 359 Gardeil
198 325 221 360 Ο.
231 323 263 365 Ρ.,
282 325 395 360 Comment
412 333 435 360 se
451 323 532 360 realise
549 322 562 358 Γ
570 322 697 358 habitaiion
714 322 739 358 de
756 322 813 357 Dieu
830 323 886 358 dans
904 322 942 357 les:

91 377 151 412 ames
160 376 231 421 justes
240 376 364 421 (RepThonr
373 378 397 415 28
408 375 476 424 [1923]
485 375 544 412 342
555 375 648 412 129441
658 373 760 417 wll-26&
767 374 821 411 item
831 377 856 411 in
864 376 933 410 libro:

91 430 123 465 La
135 428 245 465 structure
259 429 285 465 de
298 429 311 465 l'
319 431 368 466 ame
381 431 403 466 et
416 430 429 465 l'
437 429 565 475 experienee
578 429 690 473 mysaque
703 428 726 463 Π
741 426 809 473 [1927]
825 427 898 474 6-87).
913 447 942 453 -w

91 483 114 518 A.
133 483 299 528 TanquerepS.
316 485 347 529 is„
365 483 522 520 L’habitation
537 482 568 517 du
585 482 692 527 S.-Esprit
708 490 736 516 ea
751 490 808 516 nous
826 481 846 516 et
862 480 885 516 la
901 481 940 516 vie

91 536 211 571 interieure
229 536 287 581 (Re-u.
306 537 373 573 d'Aac.
392 540 413 572 et
428 537 454 572 de
468 536 534 581 Mysi.
552 535 564 571 3
581 534 649 581 [laza]
666 533 740 579 3-19).
757 553 780 559 -
794 536 825 571 st.
843 534 861 570 l.
879 534 937 570 Koli-

90 588 171 633 panant,
184 588 212 624 Le
222 590 271 624 Don
281 590 307 625 de
316 589 329 625 Γ
337 590 412 635 Esprit
423 589 487 626 saint
499 589 617 636 (Frihourg
628 587 683 633 1924)
696 586 770 623 18-29.
782 607 806 612 —
815 588 840 623 E.
853 587 935 631 Delape

94 641 114 677 S.
123 642 149 684 J„
165 642 197 677 La
210 642 244 677 vie
259 642 285 678 de
299 642 322 678 la
336 644 402 688 grace
419 643 496 688 (Noun.
513 642 564 678 Rev.
583 642 647 677 the'ol.
664 640 688 678 53
705 640 772 688 [1926]
788 639 899 687 561-578).
916 658 944 664 *-

90 693 148 729 Paul
173 692 256 729 Gallier
281 696 301 731 S.
310 696 337 737 J.‚=
363 696 519 732 L'habitation
544 704 572 731 en
597 704 653 730 nous
680 695 718 730 des
736 694 791 730 trois
810 694 941 729 Personnes

92 746 165 792 (Paris
181 746 242 792 1928).
628 754 630 757 ’

83 843 85 845 ’
163 821 203 895 st.
218 863 266 907 qu.
285 855 304 892 l.
322 851 412 893 Naxus
437 854 464 892 In
487 851 656 892 iustificatione
674 850 762 891 dantur
779 851 842 891 dona
860 855 942 889 creata

93 916 134 966 (th.
150 918 176 956 13
183 917 214 967 ss)
230 916 253 957 et
266 917 355 971 donum
368 919 508 958 increatam.
523 916 557 958 De
571 917 615 957 hac
629 916 707 967 gratie
719 915 824 956 increata
837 915 941 966 eiusque·

91 972 123 1020 ad·
137 980 226 1031 gratias
243 981 334 1022 creatas
350 981 491 1022 habitudine
509 981 535 1021 in
553 980 655 1022 tractatu
673 981 702 1021 de
720 981 796 1031 gratia
814 980 935 1031 agendum

90 1044 131 1093 est,
145 1044 200 1086 licet
211 1045 264 1096 ipsa
274 1047 356 1085 missio
370 1045 507 1086 divinarum
520 1056 676 1096 personarum
689 1046 713 1086 et
724 1044 838 1097 quaestio,
853 1045 938 1085 utrum

90 1110 230 1151 inhabitatio
246 1110 276 1151 sit
289 1112 415 1161 propriam
429 1121 460 1150 an
475 1111 645 1161 appropriatio,
662 1110 750 1160 spectet
762 1111 793 1151 ad
808 1109 940 1151 tractatum⁴

55 1181 56 1188 ¹
91 1173 119 1212 de
139 1174 187 1212 Deo
210 1174 289 1213 Trina.

89 1298 144 1340 443.
180 1301 201 1339 2.
221 1297 310 1339 Sensus
334 1298 489 1349 explicatione
508 1299 551 1338 sub
570 1304 709 1349 appararem
733 1300 832 1339 rationis
856 1298 940 1338 danda,

89 1361 166 1412 magis
177 1361 308 1412 apparebit.
322 1362 421 1402 Interim
433 1363 503 1402 haec:
519 1363 542 1413 a)
557 1361 672 1402 Fontibus
684 1372 732 1401 non
745 1361 838 1411 satisfit,
853 1363 872 1401 si
886 1361 935 1402 sola

90 1430 166 1464 creata
180 1424 269 1476 gratiae
283 1426 345 1466 dona
359 1424 469 1466 dicantur
482 1425 511 1464 in
525 1424 738 1466 iustificatione
752 1425 857 1465 infundi.
875 1425 935 1466 Cano

90 1487 128 1527 his
145 1487 297 1538 coniungitur
314 1487 337 1528 et
353 1486 433 1537 aliquo
452 1487 522 1528 modo
541 1487 566 1527 in
585 1488 645 1528 thesi
664 1487 806 1538 explicando
822 1499 865 1539 per
883 1487 940 1539 ipsa,

90 1550 173 1591 datur
194 1550 323 1601 datumque
344 1550 479 1601 possidetur
499 1550 603 1590 donum
625 1550 784 1591 increatum
807 1550 940 1601 Spiritus

90 1615 221 1662 Sanctus,
240 1615 371 1655 seeundum
389 1613 530 1654 sententiam
549 1609 770 1654 communiasimam
788 1625 832 1665 per
850 1626 934 1666 appro-

88 1677 231 1730 priationem
247 1677 349 1726 tantum3
366 1688 422 1728 ergo
437 1677 533 1728 proprie
549 1677 668 1727 loquendo
686 1683 733 1717 tora
751 1678 854 1718 Trinitas
872 1678 937 1718 dono

89 1753 113 1782 se
129 1741 177 1781 dat,
195 1740 287 1781 Dicitur
303 1741 382 1782 autem
400 1741 425 1780 in
442 1740 549 1781 lontibus
567 1741 590 1780 S.
610 1740 714 1790 Spiritus
730 1742 755 1780 in
772 1740 854 1781 anima
871 1740 933 1781 iusta

30 1805 32 1812 ⁴
89 1804 232 1854 tamquam
252 1804 280 1843 in
300 1802 405 1853 templo
426 1813 475 1844 sno
495 1802 671 1851 inhabitare,
693 1803 749 1854 quia
770 1803 861 1843 ibidem
882 1814 938 1854 per,-r

89 1866 224 1907 manentem
240 1866 266 1906 ut
282 1867 306 1906 in
323 1865 419 1916 propria
435 1866 505 1906 domo
521 1866 577 1906 lixit
592 1866 672 1907 sedem
688 1866 752 1907 etat
767 1866 793 1906 in
810 1877 851 1906 suo
868 1865 933 1906 sanc-

88 1930 164 1970 tuario
178 1929 230 1970 vult
243 1928 295 1969 coli.
309 1954 340 1960 -
352 1929 377 1980 b)
393 1928 454 1969 Haec
468 1928 610 1969 inhabitatio
623 1929 715 1970 confert
727 1929 826 1980 aliquod
841 1940 933 1970 consor-

88 1993 149 2034 tium
161 1993 255 2034 divinae
267 1993 365 2034 naturae
378 1987 557 2032 terminantium
569 1991 735 2046 praeterillud
747 1993 855 2043 formale,
870 1993 933 2043 quod

88 2055 176 2106 gratiae
188 2055 347 2097 sanrt'iicanti
358 2067 406 2107 qua
416 2055 526 2107 qualitati
538 2055 659 2097 absolutae
672 2056 771 2097 debetur
784 2056 823 2108 (cl.
837 2066 861 2096 n.
870 2057 911 2096 404
918 2057 939 2097 b

88 2119 111 2160 et
127 2120 186 2170 414).
208 2119 335 2158 Terminus
353 2119 426 2159 huius
444 2117 568 2167 relationis
586 2119 621 2160 est
639 2120 709 2167 Deua,
731 2119 799 2159 cuius
819 2118 933 2159 efficimur

87 2181 215 2232 participes
227 2193 270 2232 per
283 2181 394 2222 intimam
408 2181 529 2233 quandam
543 2183 665 2230 unionem,
679 2183 860 2232 possessionem,
875 2183 933 2233 frui

88 2245 184 2285 tionem.
197 2244 320 2284 Eiusmodi
332 2256 404 2285 nova
414 2244 437 2285 et
448 2244 520 2285 realis
531 2245 625 2286 animae
638 2245 668 2285 ad
680 2245 757 2286 Deum
768 2244 873 2286 relatio
885 2255 933 2285 non

87 2307 164 2358 potest
176 2307 233 2347 oriri
248 2307 298 2347 sine
311 2307 369 2348 reali
383 2306 463 2357 aliqua
476 2308 608 2347 mutatione
623 2308 723 2356 animae,
740 2320 788 2359 qua
802 2308 937 2348 mutatione·

88 2371 208 2411 confertur
231 2370 324 2411 animae
348 2370 511 2411 absolutum
535 2370 754 2412 fundamentum
778 2371 851 2412 huius
874 2372 937 2412 relam

87 2432 165 2473 tionis.
180 2433 228 2473 Hoc
241 2433 321 2474 autem
334 2433 518 2474 fundamentum
532 2433 568 2474 est·
579 2433 672 2483 gratia
685 2434 790 2483 creata,
805 2435 855 2475 scil.
871 2434 939 2475 donav

87 2495 218 2536 habitualia
232 2496 257 2535 in
270 2496 438 2536 iustificatione
451 2497 539 2545 infusa,
555 2497 677 2547 imprimis
689 2497 765 2547 pratia
779 2498 937 2548 sanctificans·

87 2558 110 2598 et
131 2559 223 2598 caritas.
245 2581 277 2587 —
298 2559 319 2609 c)
345 2559 403 2599 Cum
425 2558 568 2600 inhabitatio
591 2559 654 2600 dicat
676 2559 782 2609 aliquem
806 2560 932 2610 specialem

87 2620 290 2670 praesentiam,
312 2622 441 2672 praecipua
460 2621 586 2663 difficultas
606 2623 641 2663 est
661 2622 686 2662 in
705 2623 854 2672 explicando,
877 2635 937 2674 (pic-⁴

87 2683 157 2723 niodo
173 2684 237 2724 Deus
250 2685 382 2724 immensus
396 2684 419 2724 et
433 2684 523 2734 ubique
538 2696 650 2735 praesens
666 2686 691 2725 in
706 2686 788 2727 anima
804 2686 867 2728 iusta
882 2699 937 2738 spe-1

87 2746 170 2786 malias
183 2758 294 2798 praesens
308 2747 398 2788 evadat.
414 2747 466 2787 Non
480 2748 515 2789 est
527 2759 595 2797 opus
610 2748 637 2790 ut
650 2749 711 2789 hanc
726 2749 853 2800 specialem
867 2761 937 2801 praem

88 2808 188 2849 sentiam
208 2810 325 2849 cartusiae
344 2820 391 2849 nno
411 2810 482 2850 niodo
504 2810 660 2851 determinato
679 2811 833 2862 explicemus.
856 2812 936 2861 Quare

88 2870 141 2910 aliis
157 2873 284 2913 momentis
302 2872 449 2913 secundariis
466 2884 514 2913 non
532 2866 664 2924 repudiatis
680 2875 834 2926 praecipue
853 2876 932 2916 tamen

88 2933 233 2975 attendimus
253 2936 283 2976 ad
302 2935 486 2976 essentialem
506 2937 719 2978 ordinationem
742 2939 791 2980 sive
813 2938 935 2980 internam
