2214 3350
370 176 483 214 senonum
496 150 650 211 aneaaum
663 173 801 218 aquavivae
835 194 837 196 ψ
943 150 981 209 aar

133 284 179 321 scil.
194 285 213 320 si
226 294 276 321 cum
287 285 361 330 gratia
374 283 488 330 cooperari
500 280 618 324 voluerint,
632 280 793 316 beatitudinem
806 280 907 316 omnium
920 289 981 315 crea-

133 337 235 372 turarum
251 337 396 373 rationalium
412 334 514 372 intendit.
531 335 559 370 In
574 342 600 368 eo
616 333 680 378 siguo
696 332 791 368 rationis
807 332 935 378 posteriore,
953 331 980 366 in

134 396 176 432 quo
192 388 251 424 Deus
266 398 307 435 pro
321 397 361 425 suo
377 388 446 424 libero
463 385 608 431 beneplacito,
627 383 768 430 praelucente
786 383 879 421 scientia
895 384 976 426 media,

133 439 304 476 determinatum
316 441 417 476 ordinem
429 438 497 483 eligit,
511 439 536 474 in
549 447 592 483 quo
605 437 678 473 certae
690 436 806 472 creaturae
819 437 871 472 aliis
883 436 980 473 exclusis

133 491 285 535 salvabuntur,
303 492 460 528 condicionata
475 492 497 527 et
514 489 650 526 universalis
668 487 762 524 intentio
779 488 832 524 finis
850 487 978 524 secundarii

133 543 206 588 quoad
224 544 282 579 solos
300 543 379 580 elec-tos
398 543 501 579 transit
516 542 545 578 in
563 540 719 578 absolutam
738 541 763 575 et
780 539 980 585 particularem
1026 562 1029 566 ·

132 595 277 632 intentionem
289 597 387 632 eiusdem
401 595 458 632 finis.
473 594 600 631 Primarius
614 592 690 629 autem
702 590 754 628 finis
768 591 792 627 in
806 592 909 628 omnibus
923 600 980 626 sem*

132 655 171 693 per
187 647 297 684 obtinetur
314 647 349 694 (ct.
364 648 418 684 Lat.
436 656 456 683 n.
475 646 510 684 241
527 646 569 682 obi.
589 645 607 688 1;
623 646 655 681 De
673 644 765 689 Re'pnon
778 653 799 689 p.
819 642 892 687 aissa
909 644 978 679 aliam

132 699 348 742 argumentationem
358 699 436 735 contra
448 698 509 734 istud
519 696 656 744 principium
668 697 698 733 ad
709 696 768 732 hano
780 705 828 731 rem
841 695 979 742 applicatum

132 759 150 784 v.
169 750 229 795 apud
245 751 354 798 liartnens
371 750 384 786 1.
405 760 421 787 c.
437 760 458 797 pl
477 749 563 797 87-91).
581 748 718 785 -Intentio
734 748 781 792 Dei,
798 748 850 784 licet
867 747 930 793 prius
948 746 979 782 sit

131 802 291 846 condicionata‚
305 803 397 837 minime
410 804 486 838 tamen
498 802 531 838 est
545 802 660 838 contusa
673 801 694 837 et
707 809 796 837 caeca.
813 801 839 837 Id
853 799 979 836 excluditur
1037 846 1039 849 Ι

131 862 163 895 ec,
183 854 241 899 quod
259 854 325 897 Deus,
344 854 463 898 antequam
487 853 588 889 absolute
613 853 717 889 decernat
737 853 860 898 quidquam
880 852 976 896 exsequi,

130 905 278 942 infallibiliter
292 905 339 941 iam
355 905 564 951 praecognoscit
581 905 700 954 scientia
712 905 816 951 media,
835 905 889 950 quid
907 903 978 940 deter-

130 957 213 993 minate
225 967 251 993 ex
262 957 348 993 decreto
360 957 462 992 iaciendo
475 957 605 1006 secuturum
615 957 650 994 sit.
664 958 693 994 Ut
705 958 747 993 boc
759 956 885 1001 cognoscat,
898 956 978 1001 utique·

131 1009 193 1050 debet
204 1009 319 1054 respicere,
334 1007 385 1053 quid
398 1009 493 1044 liberum
506 1009 624 1044 arbitrium
637 1009 752 1045 creaturae
765 1010 790 1044 iu
801 1009 871 1045 variis
885 1009 977 1045 adiunc-

129 1060 158 1095 tis
174 1060 295 1095 electurum
310 1060 344 1096 sit.
358 1061 419 1096 Haec
434 1060 555 1096 necessitas
570 1070 616 1096 non
631 1062 663 1096 est
677 1061 773 1105 indigna
786 1062 827 1097 Dei
842 1071 856 1097 a
871 1065 978 1096 creatura

130 1112 283 1157 dependentia,
300 1112 339 1146 sed
354 1121 380 1147 ex
395 1111 463 1147 libero
478 1112 518 1148 Dei
527 1112 621 1148 >decreto
637 1113 746 1148 condendi
760 1113 875 1149 liberam
890 1117 975 1148 creatu-

68 1201 69 1208 *
129 1171 179 1198 ram
194 1163 320 1198 necessario
335 1162 435 1198 resultat.

181 1292 348 1338 ‘Sertorium
364 1293 392 1336 2.
423 1290 551 1332 Decretum
571 1288 662 1332 Claudii
680 1287 825 1342 Aquavivae,
846 1288 977 1343 praepositi

129 1355 247 1408 generalis
262 1354 390 1396 societatis
403 1353 465 1402 lesu,
483 1352 564 1395 dedic
581 1354 608 1393 tt
624 1352 681 1394 Dec.
700 1352 767 1394 1613.

103 1497 105 1499 -
129 1468 184 1511 657.
217 1470 235 1505 Ρ
245 1468 287 1505 290.
298 1469 385 1506 -Lan
398 1478 418 1514 p.
431 1467 466 1504 413
474 1478 491 1504 s.
502 1468 564 1503 -ne
575 1467 674 1511 necnon,
687 1468 760 1503 Bairos
772 1466 792 1503 et
804 1465 889 1503 Melina
899 1476 919 1512 pl
934 1464 976 1501 127.

127 1538 151 1545 -
163 1521 193 1555 Dr
208 1520 239 1556 ed.
256 1519 302 1555 911.
319 1518 359 1555 ott.
374 1538 398 1569 .-
411 1520 566 1555 Schneernann
583 1518 639 1565 (lat.)
655 1527 702 1563 cap.
718 1518 742 1554 16
754 1527 774 1564 p.
791 1516 892 1554 eor—arx.
908 1537 932 1543 —-
945 1518 976 1553 Le

127 1571 386 1615 Barbetet'Auctarium
402 1571 604 1612 Bellarminianum
619 1580 640 1616 p.
656 1569 726 1606 27—31
744 1568 844 1613 raa-18&
862 1570 927 1613 idem,
944 1569 974 1604 Le

128 1623 201 1659 dc'cret
217 1623 354 1668 d'Aquaviva
371 1632 410 1658 sur
425 1623 449 1659 la
462 1624 529 1668 grace
547 1622 645 1660 efficace:
671 1622 802 1659 RechScRel
826 1621 879 1664 1924,
903 1620 977 1657 teto

197 1760 334 1800 Leonardus
355 1760 471 1801 Lessius
495 1760 571 1811 (Leys)
590 1760 614 1800 S.
632 1761 652 1800 J.
670 1759 782 1810 inopere
800 1771 821 1800 a.
840 1761 894 1800 toto
909 1758 976 1799 edito
1003 1796 1005 1800 Α

126 1823 161 1862 De
178 1823 255 1873 pratia
274 1823 375 1874 efficaci,
397 1823 425 1863 de
443 1823 660 1873 praedestinatione
680 1829 702 1863 et
719 1823 884 1873 reprobatione
904 1833 975 1873 anpe-

127 1885 205 1925 torarn
223 1891 245 1925 et
262 1885 395 1933 ltonrinanr,
412 1886 441 1926 de
456 1886 672 1937 praedestinatione
691 1886 779 1927 Christi
795 1897 885 1936 purum
904 1885 973 1925 Moli-

127 1948 233 1989 nismum
258 1948 370 1989 docuerat
388 1948 411 1989 et
427 1947 532 1989 maxime
550 1947 790 1999 praedestinationem
816 1949 846 1989 ad
871 1947 973 1999 gloriam

126 2011 180 2061 post
197 2011 307 2061 praevisa
324 2010 416 2052 merita.
441 2011 583 2060 Discrimen‚
609 2022 656 2062 quo
680 2011 756 2062 gratia
773 2011 855 2052 efficax
874 2012 899 2052 in
918 2011 973 2052 actu

126 2074 206 2125 primo
221 2073 312 2114 ratione
327 2073 439 2115 beneficii
455 2073 560 2115 divinia
576 2075 652 2125 gratia
667 2085 728 2124 pure
745 2072 873 2116 sufficiente
890 2073 975 2115 distin-

126 2137 215 2188 guitur,
229 2148 277 2177 non
291 2137 349 2178 satis
360 2136 441 2188 aperte
455 2136 622 2188 explicaverat.
637 2137 737 2188 Propter
750 2138 794 2178 hoc
808 2149 869 2188 opus
881 2139 973 2188 Aqua-

125 2199 202 2248 viva,
220 2200 371 2251 praepositus
386 2200 504 2255 generalis
521 2201 545 2242 S.
560 2202 591 2250 J.‚
609 2200 698 2241 multas
714 2200 864 2242 difficultates
879 2201 974 2249 habuit,

126 2273 174 2303 non
187 2262 264 2304 solum
274 2274 304 2304 ex
315 2263 382 2315 parte
394 2263 614 2313 Dominicanorum,
629 2264 752 2306 sedetiam
766 2266 789 2306 S.
806 2265 880 2306 Sedis.
895 2264 973 2305 Etiam

126 2326 163 2366 sat
185 2326 257 2378 ‘multi
283 2326 561 2376 Iesuitaapraesertim
584 2326 780 2369 Bellarminus
806 2328 829 2368 et
855 2328 971 2375 Suaraz,

126 2388 190 2428 idem
206 2398 267 2439 opus
281 2388 464 2439 impugnabant.
482 2390 606 2440 Aquaviva
622 2389 747 2440 postquam
763 2389 895 2431 multorum
911 2389 975 2442 peri-

125 2450 205 2491 torum
217 2450 273 2491 vota
285 2451 414 2502 exquisivit
426 2452 449 2493 et
462 2463 517 2493 cum
531 2453 611 2493 Lessio
625 2452 725 2503 aliisque
738 2452 815 2494 multa
827 2452 892 2494 ultro
904 2453 975 2494 citro-

125 2524 171 2564 que
185 2513 300 2561 tractavit‚
315 2513 411 2555 tandem
425 2515 541 2565 probante
556 2517 655 2557 Summo
669 2515 785 2557 Pontifice
800 2516 873 2558 Paulo
887 2518 915 2565 V,
931 2517 972 2558 sed

125 2587 168 2617 sua
180 2575 277 2626 propria
289 2575 427 2617 auctoritate
439 2577 462 2617 d.
472 2581 499 2619 14
510 2579 565 2619 Dec.
574 2581 628 2620 1613
639 2579 669 2620 ad
681 2578 754 2620 totam
768 2579 908 2621 Societatem
919 2581 975 2621 Iesu

125 2638 192 2680 misit
206 2638 330 2690 epistolam
345 2639 380 2678 Dc
395 2640 543 2682 obseruanda
558 2643 658 2683 Ratione
675 2642 810 2682 studiorum
826 2644 902 2695 deque
920 2644 975 2684 doc»

126 2701 189 2741 trina
203 2701 228 2741 S.
245 2701 349 2741 rhomae
366 2703 493 2753 sequenda.
510 2704 684 2746 Praescribitur
699 2705 725 2744 in
740 2716 825 2755 genere
841 2718 869 2747 ea
881 2707 970 2758 opinio,

126 2775 187 2815 quae
202 2776 217 2804 a
233 2763 352 2815 plerisque
371 2764 493 2806 societatis
510 2767 666 2818 scriptoribus
682 2766 771 2809 tradita
787 2770 858 2820 atque
875 2770 900 2810 in
919 2768 974 2810 con-1

125 2826 240 2868 troversia
257 2827 286 2867 de
304 2826 400 2876 auxiliis
416 2838 497 2868 coram
515 2829 624 2871 Summis
638 2830 798 2873 Pont'ticibus
814 2833 931 2882 explicata
949 2832 975 2873 et

125 2889 223 2930 detensa
238 2889 273 2931 sit.
289 2889 349 2929 Dein
363 2889 451 2940 pergit:
471 2891 569 2932 «Nostri
584 2892 745 2944 inposterum
759 2895 857 2936 omnino
873 2894 974 2936 doceant

125 2951 256 2993 inteream
272 2952 382 3003 gratiam,
400 2963 460 3002 quae
477 2953 591 2995 effectum
609 2967 633 2997 re
651 2956 702 3006 ipsa
718 2956 792 2998 babet
804 2957 876 3008 atquo
891 2956 972 2998 efficax
