2214 3350
327 204 404 254 Thesis
420 216 449 254 25.
467 214 574 251 Voluntas
589 214 629 250 Dei
645 213 745 250 salvifica
922 211 959 249 535
1029 234 1030 237 =

112 326 170 368 6711.
206 327 232 367 Β,
249 325 369 373 Catholici,
385 325 427 377 qui
438 323 529 365 thesim
543 333 590 363 non
605 322 655 362 sine
670 321 858 363 restrictionibus
872 320 958 362 admit

112 388 218 430 111111-
229 390 251 441 a)
265 388 376 432 Nonnulli
384 389 478 431 veteres
492 384 639 433 Scholastici‚
654 385 716 426 inter
729 396 788 436 ques
801 384 956 432 Hervaeus,

114 453 277 501 Durandus,
293 453 354 494 Biel
370 454 401 504 (v.
415 453 450 492 De
463 450 513 491 San
527 451 549 490 Π
563 461 586 500 p.
602 449 624 500 3)
641 447 727 489 nolunt
740 448 865 489 concedere
879 449 957 488 Deum

114 516 201 557 habere
213 517 309 567 proprie
324 517 411 556 dictum
425 515 473 555 sire
490 510 631 563 beneplaciti
643 509 790 551 voluntatem
804 511 867 551 circa
878 521 958 560 repro-

113 579 199 619 borum
216 579 325 627 salutem
343 577 437 619 malunt
451 588 503 618 11111
520 585 605 617 vocare
626 574 774 616 voluntatem
797 573 957 624 metaphorice

86 661 87 664 =
113 643 203 682 dictant
218 641 266 684 sive
281 643 351 694 siqni.
367 643 427 683 Rern
441 639 563 693 illustrant
577 638 703 690 praecepto
718 636 800 678 divino
816 635 958 677 immolandi

115 706 186 746 Isaac.
197 706 260 746 Dens
272 705 357 746 iubens
367 716 413 745 non
426 703 521 755 proprie
532 702 609 743 voluit
620 699 817 749 immolationem,
831 701 872 740 sed
884 698 958 739 Abra-

113 768 171 808 ham
187 780 217 809 er
233 769 299 820 signo
315 767 369 809 talis
385 767 504 819 praerepti
520 765 603 807 debuit
619 764 745 805 autumare
763 763 839 804 Deum
857 763 958 803 eandem

115 832 176 872 serio
189 831 249 872 velle
266 832 305 882 (ef.
324 831 414 877 Thone..
430 831 455 872 S.
473 830 506 870 th.
521 832 533 870 1
549 841 572 880 q.
589 830 651 870 191.
669 827 732 878 115).
750 825 830 867 Simili
842 826 915 867 ruodo
928 837 958 866 ex

112 905 149 942 eo,
165 895 228 945 quod
242 895 305 935 Deus
318 893 430 935 omnihus
444 892 523 933 media
537 890 620 931 salutis
633 902 688 932 rere
703 889 843 931 sufficientia
857 888 956 936 confert,

114 968 158 997 nos
171 957 285 998 dehemus
300 956 439 997 concludere
455 966 510 996 eum
525 953 585 995 velle
602 953 656 994 illos
672 953 835 1002 adustiones,
854 953 895 1004 qui
912 963 957 1003 ope

112 1020 259 1060 auxiliorum
276 1019 387 1060 datorum
411 1019 464 1059 fieri
488 1016 593 1068 possunt,
611 1017 667 1058 licet
690 1028 738 1057 non
762 1016 830 1064 fient,
848 1015 957 1066 velleque

112 1082 215 1124 salutem
226 1092 316 1129 eorum,
329 1081 370 1132 qui
382 1080 489 1131 pereunt.
503 1081 549 1121 Sed
561 1080 618 1121 haec
631 1080 666 1121 est
676 1078 787 1120 voluntas
799 1079 882 1120 divina
893 1079 957 1130 sipni

113 1144 214 1192 1111111111,
230 1143 538 1194 nonbenepluciti1.-b)
554 1141 674 1183 Alvarez
691 1141 734 1192 (De
747 1153 801 1182 nun.
816 1148 876 1192 prat.
892 1142 955 1191 disp.

115 1210 192 1248 11311.
208 1210 230 1254 53
245 1207 310 1256 apud
324 1207 376 1245 Ber.
392 1217 415 1245 n.
431 1205 490 1256 411),
507 1205 596 1246 Gonet
612 1205 724 1256 (dippeus
741 1205 881 1256 Theolopiue
896 1205 957 1245 Tho-

78 1276 79 1279 ’
114 1270 220 1309 misticae
235 1269 251 1310 t.
267 1268 359 1309 111111.
374 1271 388 1308 4
401 1268 462 1318 disp.
477 1268 545 1308 1111.
562 1272 569 1308 1
587 1269 597 1313 1
611 1268 632 1318 1)
648 1268 671 1308 11
685 1269 724 1308 sat
738 1266 806 1308 multi
819 1266 957 1308 Themistae

112 1332 183 1372 istius
202 1331 316 1381 temporis
335 1331 368 1370 sic
388 1329 550 1379 distinguunt:
573 1330 637 1370 Deus
656 1330 765 1370 omnium
786 1329 886 1370 salutem
906 1330 959 1370 vult

112 1393 327 1441 antecedenter,
345 1394 360 1433 i.
377 1404 398 1433 e.
415 1393 532 1442 quamdiu
549 1392 645 1442 angelos
661 1391 817 1442 hominesque
834 1392 958 1443 tamquam

112 1457 220 1507 sinqnios
241 1455 345 1506 respicit
365 1455 572 1506 consequenter
591 1466 647 1496 vero
669 1456 700 1496 ad
719 1455 847 1506 eripenties
866 1456 957 1496 ordinis

112 1520 220 1559 universi
235 1519 283 1560 sive
299 1519 343 1560 uhi
357 1519 466 1569 primum
480 1529 519 1559 eos
535 1519 584 1559 11111
600 1529 648 1559 non
662 1517 822 1569 singulariter,
841 1520 881 1559 sed
899 1518 958 1559 tam-

111 1594 186 1633 quam
201 1582 293 1632 partem
308 1581 413 1622 universi
428 1580 567 1630 consideret,
583 1581 631 1622 iam
646 1593 694 1621 non
708 1581 760 1622 vult
771 1581 882 1621 omniurn
896 1582 957 1622 salu-

114 1645 169 1685 tem.
184 1646 245 1685 Pars
256 1645 321 1685 enim
335 1645 396 1685 hono
410 1644 434 1685 et
446 1644 585 1694 perfectioni
599 1643 672 1684 totius
685 1642 800 1686 inservire
814 1644 891 1694 dehet
906 1645 958 1696 pul-

112 1707 224 1748 chritudo
240 1707 320 1748 autem
337 1708 442 1748 universi
458 1706 538 1757 exigit,
556 1707 583 1747 ut
596 1707 644 1747 sint
658 1707 755 1748 omnia
770 1707 848 1748 entia
864 1719 878 1748 a
894 1719 957 1748 sum-

113 1770 161 1810 mis
171 1781 247 1821 usque
259 1771 290 1811 ad
302 1770 387 1810 infima
399 1770 469 1821 atque
482 1770 509 1810 ut
521 1770 627 1810 mundus
639 1769 757 1810 creandus
769 1770 864 1811 omnia
876 1769 958 1810 attri-

112 1833 182 1873 huta
197 1833 297 1874 divina
313 1833 449 1873 manifestet
465 1833 488 1873 et
503 1831 627 1883 glorificet.
647 1832 823 1882 consequenter
838 1833 912 1884 igitur
926 1834 957 1874 ed

113 1895 175 1935 hanc
191 1894 403 1936 considerationem
419 1896 483 1935 Deus
499 1896 547 1935 iam
562 1895 621 1944 vult,
639 1896 667 1935 ut
683 1895 731 1936 sint
753 1895 890 1945 damnati,
915 1896 957 1947 qui

112 1968 182 1998 suam
197 1958 312 2000 iustitiam
326 1957 496 1998 vindicaturam
510 1956 652 2007 glorificent
665 1958 688 1998 et
701 1958 729 1999 ut
742 1958 801 1998 tales
814 1958 955 2006 habeantur,

112 2019 139 2059 in
160 2020 366 2070 praedestina-ndis
385 2019 477 2070 angelis
496 2020 520 2061 et
540 2020 679 2061 hominihus
699 2020 788 2061 multos
811 2020 954 2061 «omittit»

116 2082 260 2133 (reprobatio
271 2082 380 2133 negativa
392 2082 539 2131 antecedens;
552 2084 582 2123 11.
595 2094 619 2123 n.
633 2079 692 2134 618).
705 2109 737 2114 -
748 2084 767 2135 1)
782 2084 864 2132 Quoad
874 2084 957 2124 indu-

114 2147 191 2187 ratos
205 2157 288 2186 omnes
302 2145 400 2198 quidem
414 2145 524 2186 catholici
539 2145 670 2187 admittunt
683 2147 761 2187 Deum
776 2147 868 2187 cunctis
882 2148 957 2188 homi-

114 2210 186 2250 nibus
199 2220 340 2260 praeparare
354 2209 402 2249 sire
415 2209 441 2248 in
454 2209 576 2249 communi
588 2220 720 2259 proponere
732 2209 756 2251 et
768 2210 856 2251 offerre
870 2210 958 2261 gratias

112 2272 263 2321 sufficientes;
284 2272 324 2313 sed
342 2271 409 2313 multi
428 2271 564 2313 Themistae
585 2273 733 2322 negaverunt
751 2274 827 2314 Deum
846 2274 967 2314 omnihus.

176 2407 184 2427 1
202 2406 231 2441 Hi
246 2405 350 2450 theologi,
368 2415 418 2442 cum
434 2407 519 2442 auxilia
532 2416 582 2443 vere
598 2405 731 2442 sufficientia
748 2406 850 2442 omnihus
868 2407 958 2452 concedi

114 2450 242 2495 admittant,
257 2461 303 2487 non
317 2452 371 2487 adeo
384 2452 407 2487 in
422 2461 453 2494 re,
468 2461 536 2497 quam
548 2453 573 2487 in
585 2453 661 2488 modo
674 2451 802 2495 loquendi
815 2453 891 2488 minus
906 2454 959 2499 apto

113 2505 130 2531 a
147 2497 210 2532 nobis
228 2498 339 2533 recedunt.
360 2498 415 2534 Cum
434 2499 454 2534 S.
472 2498 623 2543 Augustino
639 2498 744 2533 verentur
761 2497 832 2534 dicere
852 2498 958 2543 «aliquid

113 2542 287 2587 omnipotentem
303 2545 373 2579 Deum
389 2544 486 2580 voluisse
501 2543 550 2580 fieri
566 2543 693 2588 tactumque
711 2552 756 2578 non
772 2552 838 2579 esse»
858 2543 955 2588 (Enchir.

113 2596 133 2623 c.
148 2588 183 2625 103
196 2590 248 2634 [ML
258 2589 288 2631 40,
302 2588 364 2635 mn).
377 2609 400 2614 —
410 2589 471 2625 Alios
483 2590 559 2626 modos
569 2590 674 2634 loquendi
685 2590 746 2626 haud
758 2591 827 2626 honos
839 2600 858 2627 r.
873 2591 959 2627 Picci-

114 2635 177 2671 relli
190 2646 210 2672 n.
224 2636 266 2673 274,
279 2635 460 2679 —Gregorius
472 2636 552 2672 Arim.
568 2637 588 2672 et
600 2636 698 2672 Driedo
712 2637 750 2680 (De
763 2636 881 2672 concordia
894 2636 958 2672 liberi

113 2681 203 2717 arbitrii
218 2681 239 2717 11
252 2680 471 2727 praedestinationis)
484 2682 557 2717 verbis
572 2682 651 2718 saltem
665 2683 748 2726 negant
762 2682 901 2718 voluntatem
917 2683 959 2718 sel-

113 2726 202 2763 vifieam
220 2727 370 2763 universalem
386 2728 411 2762 111
429 2727 505 2763 ordine
523 2727 688 2773 intrelapsario.
708 2747 732 2753 —
748 2728 813 2765 quta
832 2730 919 2765 Banez
938 2728 959 2764 et

114 2772 220 2808 'Estium
232 2774 291 2808 Deus
305 2773 400 2808 salutern
414 2773 514 2808 omnium
527 2773 574 2809 vult
589 2773 716 2815 eminenter,
732 2782 778 2809 non
792 2775 921 2818 formaliter.
937 2792 961 2799 —

115 2820 231 2856 cardinali
244 2819 336 2855 Toleto
349 2819 369 2855 S.
384 2819 401 2853 J.
419 2818 454 2862 (In
469 2819 478 2853 1
493 2828 511 2863 q.
528 2819 550 2856 19
565 2829 583 2855 a.
599 2818 618 2864 6)
635 2819 727 2863 «magis
740 2818 819 2865 placet,
835 2821 894 2865 quod
907 2829 960 2855 non

112 2866 144 2900 sit
160 2866 212 2901 talis
227 2864 355 2900 velleitas
371 2864 406 2900 vel
421 2864 549 2901 voluntas
566 2865 759 2901 condicionata
775 2867 799 2901 in
815 2868 899 2902 Deo...
918 2866 958 2900 Vo-

115 2911 191 2947 luntas
201 2912 270 2955 igitur
281 2910 412 2946 antecedens
422 2909 495 2945 solum
505 2911 558 2946 dicit
568 2912 593 2946 in
601 2913 646 2947 Deo
657 2920 705 2947 esse
715 2911 843 2948 volitionem
853 2911 957 2952 1111111111,

114 2957 174 3001 quod
187 2966 247 2993 exse
261 2957 299 2991 est,
310 2969 320 2988 n
334 2956 401 2991 Addit
413 2956 499 2993 eutem:
517 2957 612 2992 «Potest
625 2956 751 3002 oppositum
765 2957 815 3002 dici;
830 2958 885 2993 1111
900 2957 960 2992 enim

113 3002 193 3038 nulla
211 3003 244 3039 est
262 3001 451 3038 differentia»
