2214 3350
204 205 240 243 468
361 204 416 243 sect.
431 206 455 242 V.
470 205 516 242 Art.
532 206 559 242 112
575 204 698 251 Explicatio
710 199 797 249 gratiae
811 203 916 241 efficacis*

203 314 231 356 ut
245 313 357 356 voluntas
372 313 456 365 positis
471 313 585 355 omnihus
600 313 631 355 ad
646 312 767 363 agendum
781 310 961 362 praerequisitis
977 310 1051 363 possit

203 380 274 429 a'gere
291 377 314 419 et
328 380 377 418 'non
394 388 471 429 ogere,
489 377 534 418 hoo
550 377 587 418 vel
605 376 665 417 illud
682 386 759 426 agere.
777 375 914 417 Destruitur
931 375 1010 427 igitur,
1030 375 1050 417 s'i

204 440 384 493 praerequisitis
399 441 513 481 omnibus
526 438 610 490 positis
625 439 673 480 iam
690 442 739 480 non
754 439 789 480 est
804 449 878 490 penes
894 438 1048 486 voluntatem,

203 503 232 560 ut
240 503 313 555 eligat
323 504 386 545 inter
395 506 464 556 agere
475 504 498 545 et
508 509 556 544 non
566 513 643 553 egere,
655 503 718 544 inter
727 503 771 544 hoc
781 503 805 544 et
816 503 877 544 illud
888 510 965 554 agere.
977 502 1050 553 Atqui

203 566 276 608 talem
292 567 476 618 possibilitatem
490 566 594 617 eligendi
610 565 834 617 praedeterminetio
849 566 948 617 physica
962 565 1048 607 aufert.

204 624 266 682 Ergo
284 630 385 672 destruit
399 629 540 671 libertatem.
559 654 591 660 -
607 622 677 670 Proh.
697 630 756 670 nain.
777 630 799 681 a)
819 629 900 670 Positn
918 629 1049 682 praedeter-

203 693 334 734 minetione
351 693 450 745 physica
472 692 610 733 necessitate
633 692 741 734 obsolute
759 694 960 745 cenectepty'sicc
984 693 1051 734 actus

202 756 333 798 voluntastis
345 756 382 805 fit,
396 756 467 807 etone
479 755 538 796 haee
550 755 678 796 necessitas
690 756 757 798 adest
769 757 934 797 antecedenter
948 756 978 797 ad
992 755 1050 797 0100-

203 820 293 862 tionem
310 820 447 862 voluntatis.
466 821 499 861 Eo
515 820 567 871 ipso
585 811 657 868 enirn,
674 820 738 876 quod
755 819 865 861 influxus
882 819 1049 870 praedetermi-

203 895 265 924 nans
280 885 306 924 in
321 883 468 925 voluntatem
484 883 614 931 exercetur,
631 883 680 924 iem
696 892 726 923 cn
741 883 836 924 interne
853 884 924 924 haias
940 883 1049 934 defluens

202 953 289 987 nature
307 946 414 988 ebsoiute
433 946 456 988 et
472 946 633 998 metaphysioe
652 946 815 1001 necessarium
832 947 873 995 est,
894 947 922 987 ut
938 945 1050 987 voluntas

202 1011 277 1050 unam
291 1009 446 1051 determinate
461 1010 554 1061 partem
569 1009 648 1059 eliget,
667 1009 766 1051 niteram
783 1010 887 1061 respuat.
905 1011 966 1060 Ergo
982 1009 1049 1050 octus

174 1086 176 1090 ’
202 1072 241 1113 hic
252 1074 281 1114 in
292 1084 379 1113 senon
390 1073 426 1114 est
436 1072 504 1113 liber.
516 1098 549 1105 »-
558 1073 583 1125 11)
598 1073 643 1114 Sed
655 1085 732 1124 neque
744 1073 772 1114 in
783 1077 879 1114 conse.
893 1065 954 1114 Nam
965 1072 1048 1113 volun-

202 1138 238 1179 tas
251 1137 314 1179 nihil
329 1139 407 1189 jecere
421 1134 499 1188 potuit
515 1138 545 1178 nd
560 1138 611 1186 icoc,
628 1137 655 1178 ut
668 1137 720 1178 sibi
729 1137 800 1178 istem
815 1136 1048 1188 praedeterminatio-

202 1207 258 1242 nem
267 1201 348 1252 potius
358 1200 507 1252 compareret
517 1212 591 1252 quam
601 1200 735 1251 'oppositam
745 1200 783 1242 vel
795 1200 896 1241 nullam.
909 1201 972 1241 Deus
983 1199 1048 1241 enim

201 1264 310 1305 absolute
326 1264 350 1305 et
365 1265 432 1305 nullo
449 1264 518 1305 entea
535 1263 617 1305 habito
634 1264 742 1313 respectu
756 1265 787 1306 ed
805 1264 948 1305 decisionem
964 1263 1047 1304 voiun-

202 1327 258 1368 tetis
276 1326 439 1368 condicionate
457 1327 565 1367 futuram
584 1327 614 1368 ab
632 1326 727 1368 aeterno
746 1328 857 1376 decrevit,
876 1328 905 1369 ut
922 1328 989 1369 deret
1006 1327 1049 1367 aut

139 1420 141 1423 .
202 1391 329 1442 'denegaret
344 1392 405 1431 hono
420 1390 458 1432 vel
474 1390 541 1431 illem
555 1390 843 1442 praedeterminationem.
860 1391 933 1432 Nulla
947 1389 1046 1439 ratione,

201 1458 278 1506 neque
290 1455 410 1505 operando
425 1454 517 1494 honum
532 1465 608 1504 neque
622 1453 754 1495 omittendo
767 1454 867 1502 melum,
884 1455 955 1494 homo
970 1453 1049 1505 potuit

200 1528 225 1558 se
240 1517 313 1558 libere
328 1527 479 1568 praeparare,
495 1517 523 1558 ut
535 1517 651 1567 reciperet
665 1516 945 1568 praedeterminntionem
961 1517 992 1559 ad
1007 1518 1047 1558 ho-

127 1629 129 1631 ,
200 1591 268 1620 num.
282 1580 344 1621 Nam
355 1580 475 1631 quidquid
486 1580 542 1621 boni
557 1580 615 1621 iacit
627 1579 676 1622 sive
689 1581 747 1621 meli
759 1580 855 1630 omittit,
870 1581 901 1622 ad
914 1580 958 1622 1100
971 1593 985 1622 0
998 1576 1047 1623 Deo

200 1636 373 1686 determinatus
391 1645 426 1686 est
441 1643 566 1685 collatione
592 1643 641 1685 sive
667 1643 822 1694 denegatione
847 1643 1047 1695 praedetermina-

199 1708 272 1749 tionis
282 1708 401 1760 physicae,
415 1707 544 1758 antequem
556 1707 607 1758 ipse
619 1707 698 1758 eligat.
712 1708 773 1759 Ergo
785 1707 869 1748 nullus
880 1712 977 1759 prorsus
989 1706 1047 1748 lihe-

200 1782 240 1812 rae
254 1771 363 1812 electioni
378 1771 460 1812 manet
473 1772 546 1811 locus.
563 1797 595 1802 —
608 1771 660 1811 Atio
675 1772 758 1812 inodo:
779 1771 851 1813 Actus
867 1771 963 1822 physice
979 1781 1046 1822 proe-

199 1837 372 1878 determinetus
385 1836 408 1877 01
419 1836 491 1877 simut
505 1828 568 1878 liber
581 1836 685 1877 continet
697 1837 780 1877 notas
792 1835 1045 1877 contradictorias.

199 1895 272 1942 Actus
291 1901 409 1952 physice
429 1900 711 1951 praedeterminatus
731 1901 800 1942 dicit:
824 1900 995 1942 Antecedenter
1014 1901 1046 1942 ed

199 1966 280 2016 ipsum
302 1965 357 2006 fieri
380 1966 447 2007 actus
468 1966 518 2006 iem
532 1967 610 2016 posite
625 1972 660 2006 esi
676 1977 746 2022 ceusu
764 1966 880 2018 efficiens,
904 1977 964 2017 quae
981 1967 1046 2007 huno

198 2030 384 2072 determinatum
394 2030 474 2071 notum
486 2029 594 2071 absoluta
606 2030 742 2072 nee-essitete
754 2030 877 2082 producat.
888 2031 960 2072 Actus
970 2030 1046 2071 liber

198 2095 268 2136 dicit:
283 2095 418 2147 Antequam
430 2096 496 2136 ectus
507 2095 605 2147 proprie
615 2094 812 2137 determinatione
823 2095 953 2137 voluntatis
963 2105 1046 2137 revera

199 2158 235 2206 fit,
247 2159 324 2209 potest
334 2158 388 2199 fieri
399 2159 422 2200 et
431 2163 479 2199 non
490 2159 552 2207 fieri,
565 2159 612 2199 sive
623 2159 691 2199 nulla
702 2159 750 2199 inne
763 2165 797 2198 est
805 2160 883 2209 posim
894 2171 971 2208 censo,
984 2170 1045 2211 quae

198 2225 274 2263 unam
289 2223 381 2273 partem
396 2223 527 2263 necessario
543 2222 690 2264 determinet.
707 2224 748 2265 Est
763 2223 838 2275 igitur
852 2224 980 2275 propositio
997 2225 1045 2265 ohi-

198 2287 314 2328 maerica:
341 2287 458 2329 Voluntas
475 2287 505 2328 ab
523 2287 570 2328 0110
585 2288 681 2340 physice
705 2288 921 2339 praedetermineta
944 2301 967 2330 se
993 2290 1046 2341 ipsa

198 2352 277 2410 libere
288 2352 439 2401 determinet;
456 2364 513 2394 nam
532 2352 623 2395 «iibere
639 2364 663 2395 se
677 2353 854 2395 determinare»
873 2353 979 2396 excludit
995 2355 1043 2396 «ah

197 2417 245 2458 0110
258 2418 306 2458 iam
321 2417 506 2459 determinatum
522 2428 571 2459 esse
580 2435 598 2466 11,
615 2418 759 2469 quicumque
774 2419 809 2461 est
823 2412 864 2460 ille
880 2419 986 2460 «eiius».

197 2564 252 2606 593.
289 2565 387 2618 Eiiugia
400 2565 490 2607 tentata
501 2577 552 2606 rem
563 2566 620 2607 adeo
634 2539 726 2607 claram¹
736 2551 785 2608 non
796 2567 897 2616 possunt
908 2568 1042 2609 obscurare.

257 2661 275 2698 1.
287 2661 379 2708 classis:
408 2663 516 2700 Voluntas
530 2664 606 2699 manet
619 2664 697 2708 libere,
713 2665 766 2709 quia
786 2674 800 2699 a
820 2663 869 2699 Deo
888 2665 1045 2710 praedetermi-

196 2716 265 2752 natur
279 2716 303 2762 (P
315 2716 366 2763 258).
381 2717 402 2763 a)
416 2718 475 2753 Deus
485 2717 571 2753 libere
584 2718 723 2754 determinat.
736 2738 760 2744 -
770 2719 849 2765 Resp.
863 2720 921 2763 Ergo
934 2720 967 2756 est
979 2719 1043 2755 actus

195 2769 253 2805 liber
268 2769 315 2813 Dei,
333 2771 372 2806 sed
388 2779 434 2806 non
449 2770 572 2807 creaturae.
590 2772 649 2807 Deus
666 2771 734 2807 etiam
750 2772 825 2808 motus
842 2771 958 2808 stellarum
974 2773 1043 2808 libere

197 2823 337 2859 determinat.
356 2842 380 2850 -
398 2825 420 2871 b)
440 2823 655 2861 Praedeterminatio
674 2834 727 2862 non
746 2834 799 2871 qua
819 2825 920 2862 entitas
938 2826 1042 2868 creata,

196 2877 236 2913 sed
256 2885 308 2922 qua
327 2877 539 2913 instrumentum
557 2878 604 2914 Dei
625 2878 783 2924 omnipotentis
803 2880 836 2915 est
857 2878 1044 2925 incompossibilis

196 2938 247 2966 cum
263 2929 347 2966 actuali
362 2931 491 2967 resistentia
506 2932 628 2968 creaturae.
645 2952 668 2958 —
683 2934 761 2979 Resp-¹
780 2932 993 2969 Praedeterminatio
1011 2934 1044 2970 est

196 2983 288 3020 inimica
304 2983 421 3027 libertatis,
442 2985 627 3030 undecumque
647 2985 727 3022 hahet
746 2996 812 3023 suam
830 2987 1042 3023 irresistibilitatem.
