2214 3350
173 166 250 203 Thesis
266 165 294 203 13.
309 166 389 205 Gratia
402 164 544 207 sanctificans
559 165 581 201 et
594 163 688 205 virtutes
702 162 839 207 theologicae
893 160 937 210 973Ι

83 274 207 318 inventiam
226 274 279 317 «An
293 275 317 318 10
331 283 379 321 cap.
396 273 414 320 6,
430 273 469 320 uhi
484 273 542 309 inter
556 272 713 318 dispositiones
728 272 857 315 nominatur
872 270 927 314 fides

85 328 107 363 et
118 326 267 374 spesdeheat
278 327 331 373 poni
344 335 425 361 nomen
438 325 534 361 »actus«.
548 325 577 363 Et
588 324 613 374 in
625 333 673 369 cap.
687 324 705 365 8,
719 323 757 359 ubi
770 323 847 364 eadem
859 324 929 363 nomi

83 378 166 414 uantur
182 378 207 413 in
222 379 271 424 ipsa
292 377 456 426 iustificatione¹
474 376 552 418 debeat
574 376 627 421 poni
650 383 732 422 nomeu
755 374 878 418 »habitus«,
902 375 927 415 ut

84 430 192 476 appareat
208 427 333 474 differentia
347 430 406 465 inter
421 428 488 465 fidem
503 429 524 464 et
540 437 608 474 spem,
626 436 683 472 quae
698 427 834 472 praecedunt
849 426 927 462 iustiti-

82 482 200 523 cationem,
216 482 237 517 et
252 482 335 524 eadem,
353 490 410 527 quae
426 480 539 516 donantur
554 490 569 516 a
584 478 775 516 Deo'iniundente
790 478 888 523 gratiam
904 479 929 514 in

82 533 245 571 iustificatione.
269 535 303 569 An
323 543 376 569 vero
398 532 477 569 debeat
500 532 559 568 stare
583 530 701 575 decretum⁷
725 531 750 565 ut
772 531 848 565 iacet»
876 530 925 575 (686,

83 584 169 631 ais-32).
186 585 246 626 Haec
262 585 362 630 quaestio
378 585 479 621 discussa
495 583 562 627 00111.
580 583 592 619 6
606 584 655 619 Dec.
676 581 792 629 (samso).
811 582 867 620 Vota
882 582 928 618 fue-

83 636 136 672 runt
147 637 214 674 haec:
231 649 241 669 α
250 636 266 672 1.
282 637 344 680 Quod
357 637 454 683 ponatur
468 644 549 672 nomen
563 635 652 671 »actus«
667 634 689 670 et
702 634 826 677 »habitus«,
842 635 895 670 sunt
908 633 925 669 8.

83 688 146 733 Quod
159 689 257 734 ponatur
270 688 295 724 in
308 688 325 725 8.
344 690 414 735 [nunc
428 698 476 734 cap.
492 687 513 734 7]
531 686 647 723 »habitus«
664 687 685 722 et
699 687 724 722 in
738 685 755 722 6.
771 695 817 721 000
830 686 927 732 ponatur
972 725 973 728 Ἴ

84 741 181 784 »actus«,
200 740 217 776 2.
237 741 299 789 Quod
315 741 413 786 ponatur
431 739 521 776 »aetus«
539 739 564 775 10
581 739 607 781 6.,
627 739 648 775 et
666 739 691 774 in
707 738 724 774 8.
746 739 861 774 »habitus«
881 747 927 782 000

82 793 185 838 ponatur,
205 792 221 827 1.
240 789 381 828 Remiserunt
397 801 420 829 se
438 793 468 828 ad
484 791 569 837 legatos
588 790 616 827 18.
634 790 736 836 Reliquis
753 790 841 836 placent
858 791 926 826 verba

34 850 35 854 ’
82 844 182 879 decreti»
202 843 251 888 (691,
269 843 328 890 1-3).
345 845 382 881 Sic
397 844 442 880 ista
456 843 548 878 nomina
562 852 608 878 non
623 843 676 878 sunt
691 841 774 884 addita
792 843 831 878 sed
846 842 925 878 Patres

82 895 195 940 decretum
209 896 250 931 hoc
266 905 333 938 001100
347 895 509 940 intellexeruut.
525 914 549 920 -
565 895 595 933 Cf.
613 896 682 937 etiam
698 897 716 931 P
732 895 750 930 V
765 894 808 934 30&
825 895 878 936 VIII
894 895 923 935 28.

82 967 105 972 -
116 947 199 992 Heraea
211 957 231 993 p.
244 947 281 989 259
288 957 304 990 s.
317 967 341 981 ÷
352 948 454 992 Prumbs,
468 949 508 984 Die
521 948 621 992 Stellung
633 947 673 990 des
686 947 786 983 Trienter
799 947 889 990 Konzils
902 947 927 989 in

81 999 121 1035 der
141 1000 213 1043 Frage
233 999 292 1043 nach
312 999 362 1043 dem
381 996 462 1035 Wesen
483 1000 521 1035 der
540 1000 593 1043 him.
616 999 693 1040 Gnade
717 998 923 1045 (Ehrhard-Kirsch,

82 1050 240 1095 Forschungen
256 1051 283 1086 IX
299 1050 405 1097 4.[1909]‚
423 1061 444 1097 p.
464 1050 531 1096 1130).
549 1071 572 1076 -
589 1052 653 1095 Vena,
673 1051 731 1086 Trid.
751 1051 807 1086 decr.
827 1052 853 1087 de
870 1051 921 1093 iust.

81 1110 153 1147 expos.
169 1101 183 1137 1.
200 1101 212 1137 7
225 1111 271 1147 cap.
286 1102 315 1139 91.

41 1168 42 1175 ’
154 1177 177 1231 ὁ)
191 1176 269 1223 Etiam
283 1176 480 1223 catechismus
494 1178 635 1227 Romanus
651 1178 716 1228 (pars
729 1180 743 1224 2
755 1188 806 1234 cap.
822 1181 836 1218 2
848 1190 871 1228 q.
887 1177 922 1232 49)

81 1240 114 1280 ita
138 1239 241 1298 explieat
264 1239 444 1287 Tridentinum;
475 1240 534 1280 «Est
557 1238 637 1283 autem
662 1238 745 1290 gratia,
772 1240 925 1290 ,quemadm-

79 1302 139 1350 dum
153 1301 293 1350 Tridentina
308 1302 418 1354 synodus
432 1302 463 1343 ab
478 1302 590 1349 omnihus
605 1302 922 1356 0100000010...110010111,
938 1340 940 1344 .

137 1365 220 1414 divina
237 1364 364 1416 qualitas
380 1365 406 1404 in
423 1365 505 1414 anima
522 1365 676 1410 inhaerens.»
694 1392 726 1397 -
743 1376 765 1416 q.
784 1367 823 1406 50:
845 1365 924 1415 «Huic

79 1428 160 1474 autem
184 1428 282 1474 additur
304 1428 468 1474 nobilissimus
493 1429 618 1469 omnium
642 1427 783 1480 virtutum
809 1428 925 1477 eomita-

80 1491 136 1539 tus,
152 1502 213 1542 quae
229 1491 255 1537 in
270 1491 376 1538 animam
392 1502 447 1531 cum
463 1490 540 1542 gratia
555 1491 672 1536 divinitus
687 1490 857 1542 infunduntur.
866 1510 876 1528 »
894 1517 925 1531 -,-

80 1554 116 1602 Cf.
130 1553 258 1604 concilium
271 1553 471 1605 Moguntinum
485 1567 506 1595 a.
522 1556 576 1604 1549
590 1566 641 1606 cap.
657 1557 671 1595 7
687 1554 760 1607 (apud
774 1556 792 1595 P
807 1555 862 1604 VIII
877 1554 922 1605 21).

80 1678 135 1720 377.
172 1679 193 1730 0)
212 1680 274 1720 Haec
292 1680 355 1720 dona
372 1678 534 1726 intunduntur
552 1679 581 1719 in
598 1680 675 1719 omni
694 1678 919 1729 iustificatione:

77 1742 104 1793 a)
119 1742 197 1791 Etiam
210 1742 281 1791 inea,
295 1753 355 1793 quae
369 1741 398 1782 iit
409 1741 555 1790 sacramento
568 1742 774 1794 poenitentiae.
789 1743 828 1792 Sic
841 1753 923 1794 secun-

78 1796 138 1856 dum
155 1816 173 1845 s.
191 1807 205 1844 6
221 1816 272 1856 cap.
290 1797 316 1851 14
335 1805 377 1856 (Dz
393 1806 434 1845 807
451 1805 512 1856 init.)
531 1806 618 1854 amissa
635 1806 719 1856 qratia,
738 1805 753 1845 1.
771 1817 791 1854 e.
811 1805 922 1857 specifice

78 1869 161 1909 eadem
177 1868 247 1919 atque
261 1867 350 1918 habita,
368 1874 528 1918 recuperatur.
545 1868 610 1909 Nova
625 1868 699 1919 igitur
714 1863 851 1918 iustificatio
868 1880 922 1919 eam

77 1931 133 1971 dem
144 1931 217 1972 habet
227 1941 322 1971 eausam
333 1929 459 1971 formalem
471 1942 498 1971 ac
509 1930 582 1981 prior.
593 1954 624 1960 -«
642 1931 664 1984 β)
678 1930 756 1972 Etiam
767 1932 792 1971 in
804 1932 923 1983 baptismo

79 1993 286 2043 parvulorum„
300 1994 410 2034 Proxime
432 1993 530 2044 quidem
552 2006 570 2035 s.
593 1997 606 2035 6
627 2004 678 2042 cap.
701 1996 760 2045 5-7
780 1995 924 2047 describitur

79 2056 217 2098 iustificatio
233 2056 370 2098 adultorum
385 2068 428 2107 per
442 2056 597 2107 baptismum.
614 2058 661 2109 Sed
677 2059 698 2109 1)
717 2069 735 2098 s.
751 2061 765 2099 5
780 2068 832 2099 can.
848 2061 862 2099 3
880 2058 922 2109 (Dz

77 2119 126 2170 796)
144 2118 235 2167 dictum
251 2119 301 2169 erat
318 2118 416 2176 «ipsum
434 2120 521 2165 Christi
537 2119 591 2161 Iesu
608 2120 721 2169 meritum
743 2132 786 2171 per
808 2121 921 2172 baptismi

78 2183 298 2233 sacramentum...
326 2183 376 2234 tam
403 2183 492 2231 adultis
519 2194 592 2242 quan-1
619 2175 751 2234 parvulis
777 2183 894 2234 applicari
902 2198 921 2233 »3

77 2246 144 2297 atqui
158 2258 175 2287 s.
192 2249 205 2287 6
218 2259 268 2297 cap.
284 2250 298 2287 7
312 2247 355 2298 (Dz
369 2250 409 2288 800
423 2246 485 2297 init.)
502 2247 585 2294 0000111
598 2247 648 2297 jere
663 2247 735 2287 verba
750 2246 917 2295 inveniuntur:

77 2310 183 2351 «Merita
200 2310 316 2359 passionis
333 2309 428 2350 Domini
445 2309 520 2350 nostri
537 2310 590 2351 Iesu
608 2309 696 2350 Christi
714 2310 921 2354 communicantur

78 2373 255 2413 iustificandis»
283 2373 321 2425 (ci.
347 2373 418 2422 etiam
443 2372 539 2420 initium
563 2373 679 2433 eapitis3
703 2373 746 2431 [Da
764 2372 834 2431 7951).
859 2373 937 2425 Ergo,

76 2437 175 2477 omnino
199 2437 382 2488 supponendum
406 2436 441 2477 est
463 2435 535 2477 etiam
560 2437 668 2485 parvulis
684 2435 768 2483 merita
788 2436 876 2483 Christi
895 2448 921 2477 eo

77 2501 148 2541 modo
165 2500 288 2551 applicari,
307 2500 348 2550 qui
366 2511 384 2540 s.
402 2502 414 2539 6
431 2510 483 2549 cap.
500 2501 514 2540 7
530 2511 575 2550 pro
591 2499 680 2540 adultis
697 2499 845 2548 describitur,
865 2499 880 2539 i.
899 2512 919 2540 0.

76 2562 197 2603 infusione
216 2564 332 2604 donorum
351 2561 519 2610 habitualium.
538 2588 570 2601 -.
587 2563 608 2613 9)
629 2564 703 2608 Porro
722 2561 849 2606 concilium
870 2573 888 2601 0.
908 2564 921 2602 5

75 2636 128 2672 ean.
144 2628 157 2666 5
175 2626 217 2677 (Dz
231 2625 280 2676 792)
297 2625 445 2676 0000100101,
463 2635 511 2672 non
526 2625 605 2676 quoad
620 2625 682 2668 solos
697 2623 798 2673 adultos,
814 2623 922 2676 quuitur

76 2688 106 2728 de
124 2688 200 2738 gratia
225 2688 319 2737 Christi,
346 2699 424 2738 «quae
443 2688 468 2735 in
486 2688 628 2739 baptismate
652 2687 801 2737 confertur»,
828 2688 851 2734 et
869 2699 887 2728 s.
907 2691 920 2728 6

75 2763 127 2803 cap.
143 2756 156 2800 3
173 2753 215 2804 (Dz
229 2754 278 2804 795)
295 2744 378 2793 eadem
392 2751 545 2802 generalitate
560 2753 638 2794 decet:
657 2752 770 2798 Homines
786 2763 815 2792 ex
831 2752 920 2793 semine

76 2817 140 2863 Adae
153 2817 277 2869 propagati
291 2816 420 2862 naseuntur
434 2816 525 2866 iniusti;
539 2817 701 2858 iustificantur
713 2816 793 2859 autem
806 2829 841 2867 eo,
856 2818 921 2869 quod

76 2880 102 2926 in
115 2881 208 2923 Christo
220 2887 383 2929 1000100000,
400 2892 473 2922 «oum
486 2893 514 2922 ea
527 2881 674 2922 renascentia
687 2893 729 2932 per
742 2882 855 2922 meritum
869 2892 920 2932 pas

76 2944 150 2989 sionis
163 2946 215 2989 eius
228 2946 310 2997 qratia,
327 2958 374 2997 qua
388 2946 445 2987 iusti
459 2946 529 2996 ficret,
546 2945 595 2986 iliis
609 2946 730 2987 tribuatur
736 2963 755 2986 n.
772 2947 833 2998 Ergo
848 2946 920 2987 etiam

118 3041 178 3072 Laron,
190 3042 285 3069 1106911110.
863 3042 884 3071 18
