2214 3350
173 153 212 189 ‘298
297 153 351 190 sect.
365 154 403 189 ΙΠ.
417 154 462 189 Art.
476 155 504 190 II.
519 155 549 190 De
562 154 625 189 dariis
638 154 662 188 in
673 152 832 197 iustificatione
843 154 901 190 datis
926 139 927 142 Ἴ

245 262 265 313 0)
288 263 410 311 Quomodo
431 263 600 313 replicandam
619 263 649 303 sit
668 263 711 302 hoc
731 261 884 310 consortium,
906 262 931 302 in
951 273 1020 313 argu-

173 324 255 365 mento
272 320 372 366 rationis
388 326 464 366 fusius
481 325 624 366 ostendetur.
642 326 743 366 Samma
760 325 924 376 explicationis
941 325 1019 365 innui-

173 387 215 428 tur
234 387 315 428 tenore
335 389 419 430 thesis:
445 389 525 430 Gratia
545 388 652 428 animam
672 388 816 430 assimilat
836 388 951 429 divinae
973 399 1020 428 na-

176 451 266 492 turae.
290 452 352 492 Haec
373 451 511 493 assimilatio
532 450 638 492 consist't
659 452 685 491 in
705 463 739 500 eo,
762 452 825 501 quod
846 451 1020 502 exprimitur

174 514 205 554 in
222 514 317 555 anima
335 515 426 564 imago
443 515 492 554 Dei
511 514 753 563 supernaturalis,
772 526 820 554 non
839 508 933 555 merum
945 516 1011 555 ,cest'

172 577 243 627 picam
255 579 306 627 Dei,
320 578 383 629 quod
395 578 466 618 etiam
478 578 504 617 in
517 577 695 618 irrationalibus
708 577 821 619 creaturis
835 577 962 627 invenitur,
978 578 1019 618 sed

175 652 231 681 uera
250 640 353 691 imago,
373 642 388 681 1.
409 652 428 681 e.
450 656 460 675 κ
468 640 600 681 similitudo
620 651 737 690 c>cagcressa>
749 652 777 680 ca
796 642 869 681 altero
887 642 914 681 ia
933 647 1019 681 catara

172 703 288 754 «specifica
302 704 341 743 ccl
355 704 544 754 quasi-specifica
559 704 583 743 ci
597 704 673 753 ipsias
687 704 850 754 productionis
858 718 878 752 »ς
894 716 937 744 nec
952 710 1019 744 nata-

176 768 232 807 ralis
249 767 343 808 tantum
360 767 446 817 imago,
465 778 525 817 quae
543 766 645 807 habetur
661 767 686 807 in
703 767 768 807 omni
787 766 906 816 spirituali
924 767 1017 814 natura,

173 831 216 870 secl
234 822 476 880 supernaturalis,
496 831 511 869 i.
530 840 549 869 e.
568 829 707 870 assimilatio
726 830 755 870 fit
771 830 796 870 in
814 829 845 870 iis
861 830 938 878 bonis,
957 842 1018 881 quae

172 893 223 933 'Deo
236 904 284 943 qua
296 893 351 940 Deo,
367 893 438 943 prout
450 892 578 943 opponitur
591 893 703 934 omnibus
715 893 836 941 creaturis,
853 893 909 933 sunt
922 893 1018 944 propria

174 956 244 1006 atque
259 966 342 995 omnes
357 955 474 1006 potentias
487 956 511 996 et
525 955 656 1007 exigentiae
670 956 833 996 creaturarum
847 955 1019 997 transcendunt

173 1019 208 1069 111,
224 1019 283 1069 255).
807 1026 809 1029 ’

242 1104 266 1155 d)
289 1105 363 1153 Quae
382 1105 448 1145 sunt
466 1105 534 1144 haec
552 1105 630 1159 bona
644 1103 756 1144 divina?
777 1106 801 1146 Si
821 1106 927 1145 humano
947 1105 1017 1145 modo

171 1167 377 1218 simplicissimam
395 1168 438 1207 Dei
456 1167 582 1208 essentiam
600 1167 631 1207 ad
649 1167 723 1208 instar
741 1177 821 1207 rerum
840 1166 973 1207 creatarum
992 1167 1017 1207 in

170 1231 252 1271 itariae
265 1229 436 1280 distinguimus
448 1229 604 1281 perfectiones
619 1230 657 1281 (ci.
673 1231 691 1270 P
705 1232 727 1271 ll
740 1240 776 1280 pr.
791 1233 817 1271 21
826 1230 854 1281 s),
870 1230 1017 1281 concipimus

174 1294 301 1333 essentiam
324 1293 352 1334 ut
374 1293 487 1334 ultimum
504 1293 651 1344 principium
670 1293 770 1341 essendi,
790 1299 901 1334 naturam
920 1293 1017 1335 11111111-

172 1367 240 1397 mum
257 1356 403 1407 principium
420 1356 506 1406 agendi
524 1356 683 1397 immanenter
699 1357 722 1397 et
739 1356 895 1405 transeunter,
913 1356 1016 1397 intellec.

174 1425 225 1459 tam
240 1419 263 1460 et
277 1419 425 1460 volantatem
440 1419 466 1459 ut
480 1419 590 1470 proxima
606 1418 724 1470 principia
739 1419 839 1460 actionis
855 1419 1015 1467 immanentis,

172 1482 305 1532 potentiam
320 1482 348 1523 ut
363 1483 499 1533 proximum
517 1482 663 1533 principium
680 1483 794 1533 operandi
811 1484 842 1523 ad
859 1483 932 1531 extra,
951 1489 1016 1523 actas

170 1545 328 1596 tateltepeada·
346 1546 369 1586 et
387 1545 482 1585 colendi
502 1546 529 1586 nt
546 1545 647 1586 eftectus
666 1546 823 1587 immanentes
842 1545 975 1587 intellectus
995 1547 1018 1587 et

172 1608 309 1649 voluntatis.
324 1608 370 1649 Ista
382 1608 456 1658 igitur
467 1608 607 1649 assimilatio
621 1619 675 1648 non
689 1609 723 1649 est
734 1609 764 1649 ed
778 1615 843 1649 actas
856 1610 880 1650 et
891 1609 1016 1659 facultates

172 1671 276 1722 praecise
295 1663 409 1722 sumptas,
429 1682 504 1721 neque
523 1682 552 1711 ex
568 1671 643 1712 altera
660 1671 726 1722 parte
744 1672 774 1712 ad
793 1673 926 1720 essentiam,
946 1672 1017 1722 prout

169 1735 207 1775 est
219 1734 365 1786 principium
381 1736 550 1775 attributorum
564 1735 737 1786 quiescentium
752 1735 863 1783 ascitatis,
880 1735 1015 1783 infinitatis,

169 1797 238 1838 *actus
250 1797 381 1847 purissimi,
397 1799 437 1838 scd
450 1798 480 1837 acl
494 1797 625 1837 naturam
640 1796 754 1845 divinam,
770 1798 785 1839 i.
800 1809 820 1838 e.
836 1799 866 1839 ad
880 1798 1014 1848 essentiam,

172 1860 243 1910 prout
258 1860 362 1911 praecise
378 1860 413 1901 est
428 1861 542 1900 ultimam
556 1861 704 1911 principiam
720 1862 813 1912 aperiat,
831 1861 854 1902 et
870 1861 968 1912 quidem
985 1861 1015 1901 ad

172 1924 283 1964 naturam
309 1922 537 1964 intellectualem
561 1924 588 1964 et
611 1924 747 1964 moralem
773 1923 821 1964 sive
846 1925 877 1964 ad
902 1924 1016 1964 ultimum

170 1986 318 2036 principium
333 1986 417 2036 agendi
432 1988 591 2026 iactitaacnter
605 1997 648 2036 per
662 1986 808 2027 intellectum
822 1987 846 2027 et
859 1986 1014 2035 uoluntatem

170 2061 231 2099 quae
254 2049 339 2089 natura
363 2049 445 2089 divina
467 2048 563 2099 propter
586 2059 705 2089 summam
729 2048 898 2100 perfectionem
922 2050 1014 2091 essendi

168 2113 370 2163 perfectissimam
387 2123 480 2162 quoque
498 2111 573 2152 vitam
592 2112 775 2153 intellectualem
794 2113 816 2153 et
834 2113 949 2153 moralem
968 2113 1015 2152 sibi

169 2176 295 2226 propriam
307 2174 418 2223 vindicat,
433 2175 502 2225 atque
515 2175 545 2215 ad
557 2176 601 2216 hoc
613 2175 674 2216 vitae
689 2176 782 2216 divinae
795 2174 941 2226 principium
953 2187 1015 2216 crea-

169 2237 236 2278 turae
252 2237 362 2278 rationali
377 2249 419 2288 per
433 2238 534 2289 gratiam
548 2238 846 2280 conceditur-assimilatio

332 2314 341 2333 ,
653 2318 655 2321 .

168 2367 225 2409 405.
262 2371 282 2408 3,
302 2366 447 2409 Sententiae.
466 2369 487 2419 a)
506 2369 654 2408 Erroneac.
673 2368 773 2409 Peccant
795 2369 817 2419 α)
835 2380 879 2419 par
896 2369 1014 2419 desectam

170 2430 376 2479 protestantes,
406 2430 502 2479 Baius,
533 2429 753 2479 Rationalistae,
784 2429 1014 2471 Semirationali-

169 2493 239 2541 stae,
255 2495 296 2544 qui
310 2493 404 2534 nullum
417 2494 483 2534 aliud
497 2493 642 2534 consortium
655 2494 701 2533 nisi
715 2505 780 2534 mare
793 2495 908 2534 ntorateai
923 2494 1014 2534 assimi-

171 2556 283 2597 lationem
301 2557 410 2597 exercitio
428 2556 544 2597 virtutum
562 2556 707 2597 efficiendam
726 2557 864 2607 agnoscunt
883 2558 932 2597 iam
948 2558 982 2598 th.
1001 2560 1014 2597 9

170 2622 196 2659 12
214 2622 239 2660 13
255 2619 352 2660 refutati
370 2620 432 2668 sunt;
449 2645 480 2650 —
501 2621 526 2673 β)
544 2631 587 2670 per
604 2630 726 2659 accessam
742 2619 937 2669 Pantheistae,
957 2620 1014 2671 My-

171 2681 247 2730 stici,
265 2682 433 2731 Quietistae,
452 2684 568 2732 quatenus
585 2681 691 2733 aliquam
707 2683 890 2722 substantialem
905 2683 1014 2723 identita-

169 2752 218 2786 tem
232 2758 287 2786 cum
301 2746 386 2787 natura
399 2746 480 2787 diuina
495 2747 543 2787 sive
559 2747 735 2786 conversionem
749 2746 774 2785 in
789 2745 889 2786 eandem
903 2745 1014 2786 naturam

171 2809 256 2849 docent
278 2809 316 2850 rel
341 2810 423 2850 saliem
443 2809 544 2850 incautis
562 2809 641 2850 verbis
660 2808 804 2859 exprimunt.
829 2832 860 2837 —
884 2808 908 2859 h)
929 2808 1014 2849 Variae

166 2872 338 2922 explicationes
362 2872 519 2913 catholicae
544 2872 617 2912 huius
643 2872 765 2912 consortii:
801 2872 823 2922 a)
850 2870 954 2919 Lessius,
980 2872 1014 2911 De

167 2946 264 2975 samma
279 2935 339 2975 hono
353 2936 367 2974 l.
382 2939 395 2975 2
408 2948 426 2975 0.
443 2939 461 2982 l,
476 2936 514 2975 cui
528 2936 604 2985 inagis
617 2936 725 2975 minusve
740 2934 854 2975 accedunt
867 2934 1012 2981 Petarius,
