2214 3350
264 202 266 204 ’
315 202 393 240 Thesis
405 201 435 238 26.
451 202 535 238 Verum
547 200 652 237 meritum
664 200 719 237 iusti
906 198 942 237 571

95 310 236 362 simpliciter
252 309 350 359 iustitia,
370 309 411 350 sed
429 308 550 360 «qnidam
566 308 669 355 iustitiae
686 309 800 357 modam
824 307 941 349 hincneo

71 424 73 426 Ι
94 373 236 424 simpliciter
249 374 371 420 inertiam,
387 371 428 412 sed
445 369 596 410 «secandam
605 370 677 421 quim
693 370 719 410 in
734 370 853 421 quantum
867 369 942 411 salva-

94 436 135 477 tur
147 437 180 477 ibi
192 436 295 478 iustitiae
307 434 376 483 ratio;
389 433 499 479 sicenim
512 435 536 475 et
547 432 614 473 iilius
626 432 730 473 meretur
742 433 835 484 aliquid
848 446 862 474 a
874 433 941 484 patre

94 499 119 539 et
136 510 218 539 servus
233 511 248 539 a
265 498 390 539 domino».
410 496 516 549 (Veteres
530 508 585 537 cum
601 495 727 553 Aristotele
742 496 768 536 in
785 496 942 537 relationibus

95 561 171 612 patris
182 563 212 603 ad
225 562 288 602 tilios
300 561 324 602 et
334 553 386 601 heri
398 560 429 600 ad
441 570 521 600 servos
532 560 662 600 noluerunt
673 558 789 599 iustitiam
802 558 942 609 simpliciter

93 624 290 665 commutatiuam
303 622 435 663 admittere.
449 622 497 662 Nos
510 622 572 663 certe
584 622 629 662 hac
642 622 673 662 in
681 633 706 662 re
717 620 879 662 difficultatem
892 632 941 661 non

93 687 229 739 habemus.)
246 686 293 727 Ista
307 685 397 727 iustitia
411 696 459 725 non
474 685 509 726 est
525 686 675 726 «secandam
689 684 825 725 absolutam
839 684 942 735 aequati

95 755 184 790 tatem»
204 748 406 801 (arithmeticam),
430 748 471 789 sed
494 765 505 784 «
512 748 646 789 scoriadam
666 746 847 798 proportionem
868 758 942 798 qnon-

94 812 170 852 dam»
190 811 384 864 (geometricam).
408 812 473 853 Deus
492 811 586 853 homiui
609 810 734 863 deputavit
756 809 871 850 virtutem
888 821 942 860 ope

95 876 172 916 randi.
190 876 252 924 Quia
268 875 348 916 temen
370 874 441 915 homo
458 885 482 915 se
499 874 579 925 ipsum
601 874 681 915 movet
703 875 733 915 ad
756 873 877 924 agendum
898 883 942 924 per

93 938 198 978 liberum
213 933 347 987 arbitrium,
363 938 418 993 eius.
428 937 487 978 actio
502 937 575 978 habet
588 937 707 978 rationem
720 936 808 977 meriti.
823 962 855 968 -
868 937 899 977 ad
911 938 938 976 2:

94 992 217 1042 Meremur
231 1012 279 1041 non
294 1000 418 1041 atterendo
432 1000 481 1041 Deo
495 1000 631 1049 utilitatem,
650 1001 690 1041 sed
706 1001 829 1050 operando
844 998 942 1050 propior

93 1064 146 1104 eius
157 1063 266 1114 gloriam.
278 1089 310 1094 -—
322 1075 343 1104 a.
356 1066 381 1104 3:
396 1063 471 1104 Homo
483 1064 509 1103 in
521 1063 598 1113 gratia
610 1062 752 1103 constitutus
764 1062 841 1113 potest
853 1062 940 1103 mereri
1004 1059 1006 1062 ’

93 1126 182 1168 vitam
197 1126 343 1167 aeternam
357 1137 389 1166 ex
403 1125 558 1175 condigno3
573 1136 622 1165 non
637 1124 755 1175 quatenus
770 1136 831 1175 opus
845 1124 916 1166 merit
931 1150 940 1157 -

93 1189 158 1229 rium
178 1189 342 1229 consideratur
363 1200 410 1239 qua
429 1187 541 1228 naturale
566 1188 727 1238 (rsecundum
751 1187 938 1237 substantiam»)

79 1251 132 1299 ,vel
147 1251 173 1291 ut
186 1251 317 1302 procedens
330 1262 345 1291 a
356 1250 431 1290 lihero
446 1250 554 1298 arbitri03
569 1250 603 1290 sic
618 1251 683 1290 enim
698 1251 795 1300 propter
808 1251 941 1290 maximam

93 1313 288 1365 inaequalitatem
299 1324 347 1353 non
358 1312 513 1353 haheturnisi
521 1312 657 1363 congruitas
667 1313 786 1363 quaedam
799 1313 839 1364 [ci.
848 1324 872 1352 n.
880 1313 940 1363 206);

93 1376 135 1417 sed
153 1376 172 1416 si
189 1376 360 1424 consideratur,
378 1375 450 1425 prout
467 1375 574 1426 procedit
591 1386 619 1416 ea
635 1376 711 1427 pratia
729 1374 834 1425 Spiritus
851 1375 939 1423 Sancti,

96 1456 106 1475 «
115 1439 147 1479 sic
159 1439 194 1480 est
205 1439 355 1479 meritorium
366 1438 428 1478 vitae
440 1438 550 1479 aeternae
560 1450 588 1479 ex
600 1437 717 1489 condigno
725 1452 746 1486 »ς
759 1450 816 1479 nam
830 1438 862 1479 sic
874 1438 942 1478 valor

94 1501 224 1547 attenditur
241 1501 373 1542 secundum
394 1501 509 1542 virtutem
534 1500 637 1552 Spiritus
660 1500 741 1541 Sancti
763 1502 787 1542 et
808 1502 941 1542 secundum

93 1564 234 1615 dignitatem
246 1564 343 1614 gratiae.
357 1564 399 1604 Est
410 1563 475 1604 enim
488 1574 550 1614 opus
561 1564 667 1605 hominis
679 1565 705 1605 in
718 1564 799 1605 tilium
812 1564 855 1605 Dei
869 1565 941 1615 adop-

94 1627 144 1675 tati,
155 1628 193 1667 cui
205 1638 234 1667 cx
244 1627 296 1677 ipso
308 1626 359 1667 iure
371 1626 506 1677 adoptionis
516 1627 564 1667 iam
576 1626 677 1667 debetur
686 1627 813 1667 hereditas.
826 1653 857 1658 -
868 1628 899 1668 ad
910 1630 936 1667 3:

91 1689 175 1731 Gratia
190 1689 294 1740 Spiritus
309 1688 388 1730 Sancti
403 1688 439 1730 est
452 1689 558 1740 aequatis
573 1689 662 1739 gloriae
676 1700 724 1730 non
740 1689 766 1729 in
781 1689 842 1737 actu,
859 1690 899 1731 sed
915 1691 941 1730 in

93 1753 188 1801 uirtute,
205 1752 266 1793 sicut
279 1752 305 1791 in
319 1751 408 1792 semine
421 1752 457 1792 est
470 1751 548 1792 virtus
561 1752 592 1792 ad
607 1751 681 1793 totam
696 1752 814 1793 arborem.
830 1778 861 1784 κ
873 1764 893 1794 a.
911 1756 936 1793 8:

93 1816 170 1856 Homo
185 1815 262 1865 potest
273 1807 325 1855 sihi
343 1814 371 1855 de
388 1814 506 1864 condigno
524 1815 610 1855 mereri
628 1815 812 1865 augmentum
830 1814 940 1864 gratiae

64 1881 71 1910 f
92 1877 131 1918 vel
145 1877 256 1919 caritatis.
270 1901 303 1906 -
315 1877 346 1917 ad
357 1879 381 1917 i:
399 1877 452 1917 Non
466 1878 536 1927 quasi
549 1876 593 1918 hoc
607 1877 639 1917 sit
651 1877 726 1919 totum
740 1877 883 1927 praemium,
899 1878 940 1919 sed

94 1940 174 1981 manet
189 1940 288 1990 insuper
303 1939 403 1980 ultimus
418 1939 537 1980 terminus
551 1940 638 1988 meriti,
656 1939 706 1980 scil,
723 1940 773 1982 vita
789 1940 892 1981 aeterna.
909 1965 942 1972 -

93 2003 124 2043 ad
137 2006 162 2044 3:
181 2003 248 2043 Sicut
260 2002 310 2044 rita
323 2002 418 2042 aeterna
432 2013 481 2042 non
497 2002 576 2057 statim
592 2002 707 2051 redditur,
724 2002 758 2044 sic
771 2014 847 2053 neque
862 2004 940 2055 gratia

92 2064 174 2105 statim
183 2064 290 2115 augetur,
303 2064 344 2104 sed
354 2064 450 2104 nonnisi
459 2065 513 2115 post
522 2064 674 2106 sufficientem
686 2068 716 2106 ad
727 2066 771 2106 hoc
782 2067 940 2117 augmentum

93 2127 280 2178 dispositionem.
295 2127 332 2178 (In
345 2126 390 2167 hoc
401 2126 488 2168 ultimo
501 2126 643 2168 recentiores
656 2128 809 2169 communius
821 2130 851 2169 ah
866 2129 940 2180 Aqui-

92 2190 147 2230 nate
159 2190 281 2237 recedunt;
294 2202 316 2229 u.
332 2201 355 2229 n.
370 2192 410 2230 486
424 2190 439 2230 d
453 2202 509 2231 curn
523 2190 595 2242 ncta.)

154 2287 276 2332 Scriptores
299 2287 412 2322 ascetici
429 2288 451 2323 et
469 2287 578 2332 mystici
599 2288 734 2332 aliquotiens
753 2289 827 2325 uerbis
849 2298 941 2334 exagge-

91 2338 148 2374 ratis
162 2339 189 2373 de
203 2338 290 2374 vilitate
305 2338 405 2373 omnium
420 2348 513 2384 operum
527 2339 654 2375 nostrorum
668 2340 736 2376 locuti
751 2341 810 2383 sunt,
828 2342 866 2377 sed
880 2341 940 2377 valo*

38 2408 44 2414 ν
92 2399 139 2425 rem
152 2390 293 2425 meritorium
308 2389 365 2425 serio
380 2399 463 2434 negare
478 2391 570 2427 minime
585 2392 704 2428 voluerunt
717 2392 747 2437 (r.
764 2392 852 2429 Riotc're
868 2392 904 2428 707
911 2392 937 2437 s).

92 2460 115 2466 -
128 2441 210 2477 Contra
221 2442 373 2477 Protextantes
388 2442 493 2478 meritum
508 2443 615 2488 negantes
631 2443 707 2479 statim
722 2445 866 2480 surrexerunt
879 2445 940 2481 theo-

91 2494 138 2538 logi
154 2493 264 2537 catholici,
283 2504 302 2529 v.
319 2503 339 2539 g.
361 2494 422 2538 Eck,
440 2495 602 2540 'Ccohlaeua
621 2496 756 2543 Wimpina
776 2496 835 2542 (thid.
856 2497 939 2543 728ss);

91 2547 134 2583 soli
156 2547 334 2583 colonienses
357 2548 378 2583 et
401 2549 534 2585 cardinalis
548 2550 691 2586 Contarini
717 2551 752 2596 (ct.
771 2560 792 2586 n.
810 2550 875 2588 359ss
894 2551 938 2596 704)
957 2585 958 2588 ,

90 2600 160 2636 etiam
178 2600 203 2635 in
220 2601 263 2636 hac
279 2601 408 2645 quaestione
424 2602 586 2648 impossibilem
605 2612 655 2639 cum
674 2604 823 2640 Novatorihus
842 2604 940 2641 tent-avc-

92 2653 145 2689 runt
162 2653 350 2698 compositionem,
376 2654 442 2699 atque
460 2656 486 2690 in
502 2655 608 2691 Formata
632 2656 782 2691 ratisbonensi
806 2657 940 2694 vocabulum

92 2705 165 2741 meriti
181 2706 290 2741 omissum
303 2707 336 2742 est
347 2706 445 2752 tRieiire
462 2707 497 2743 731
506 2710 542 2755 ss).
560 2728 584 2734 —
599 2709 651 2744 Post
668 2709 823 2746 Tridentinum
839 2711 862 2746 B.
881 2710 940 2746 Bel-

90 2759 226 2795 larminus
245 2760 284 2806 (De
300 2760 369 2805 iustis,
387 2761 401 2797 1,
420 2762 439 2808 5)
459 2762 541 2807 alitque
558 2763 743 2800 controversistae
761 2764 895 2801 catholicam
913 2767 939 2802 de

89 2812 170 2848 merito
197 2812 322 2848 doctrinam
347 2815 437 2850 strenue
456 2815 603 2852 defenderunt
631 2816 726 2862 (Rioiire
747 2816 782 2853 771
790 2817 817 2864 s),
840 2820 939 2856 Suarez

95 2866 132 2911 (De
148 2868 204 2910 proi.
220 2866 234 2902 1.
252 2865 291 2911 12),
306 2867 425 2913 Ripalda
439 2868 477 2914 (Dc
494 2871 541 2905 ento
558 2871 670 2915 supernat.
685 2870 699 2907 1.
716 2871 736 2916 4)
752 2872 773 2907 et
789 2871 828 2908 alii
842 2872 939 2917 theologi

90 2918 218 2955 scholastici
236 2919 320 2955 multas
338 2922 480 2965 quaestiones
500 2924 526 2958 de
543 2924 632 2966 natura,
653 2925 938 2969 condicionibuaohiectis

90 2972 166 3007 meriti
180 2973 232 3008 tuse
243 2972 395 3009 tractaverunt
412 2973 508 3018 (Riniore
523 2975 584 3022 iias),
