2214 3350
250 144 325 180 Thesis
338 144 356 180 ⁸.
371 119 491 190 Dispositio
504 143 600 189 positiva
613 142 634 177 et
647 115 752 186 negativa
889 138 925 175 143

78 252 185 298 provenit,
199 252 237 297 qni
249 253 349 297 gratuita
361 262 402 289 sua
413 251 527 288 voluntat-e
538 259 580 285 nos
592 250 621 286 ad
633 249 673 284 hoo
686 248 791 294 provocat
801 249 836 285 vel
848 248 922 293 flagel-

78 303 106 341 lis
116 303 150 340 vel
161 303 235 349 aliquo
246 303 328 341 auxilio
339 303 467 339 interiori
477 302 517 339 aut
527 300 657 337 exteriori
665 314 683 334 11.
696 301 770 346 Neque
781 301 837 337 haec
846 300 922 336 volun-

78 356 114 392 tas
128 355 161 391 est
175 364 244 391 causa
258 356 350 401 gratiae⁷
368 356 425 392 «sed
440 353 568 400 aliqualiter
584 353 614 389 ad
627 353 701 399 ipsam
715 352 775 387 viam
789 353 856 398 parat
863 365 881 398 o,
897 375 924 381 -.

78 408 108 444 ad
123 408 145 444 i:
164 407 199 443 Ad
215 407 273 443 hanc
288 407 484 454 praeparationem
501 415 546 441 non
562 404 689 441 necessario
706 403 828 449 requiritur
851 404 922 440 tides

78 459 223 495 intentionem
235 459 340 504 dirigens
354 468 406 495 nam
418 464 430 492 ’11
438 458 490 494 finis
502 457 601 500 ultimus,
615 456 660 492 soil¹
675 458 740 499 Deus
754 456 826 502 potest
839 465 885 492 esse
897 458 923 492 111

78 510 201 547 intentione
220 510 267 546 eius
287 511 361 555 etiam,
382 511 419 556 qui
438 510 505 546 fidem
523 518 569 549 non
589 509 661 550 habet,
682 518 722 554 per
742 508 868 553 generalem
887 508 922 544 vel

77 562 232 599 naturalem
246 563 436 607 cognitionem,
453 571 520 607 quam
534 561 561 597 de
574 563 619 597 Deo
633 560 708 604 hahet·
722 560 780 596 unde
795 560 863 596 etiam
876 560 921 603 ille,

78 615 117 660 qui
131 613 196 650 fidem
211 614 342 657 nonhabet,
359 614 430 661 potest
446 624 468 650 se
484 614 513 650 ad
527 612 594 649 fidem
608 613 735 649 hahendam
750 622 885 659 praeparare
902 614 923 649 et

78 667 108 702 ad
123 666 225 711 gratiam,
242 666 398 713 sipsecundum
414 674 479 702 suam
494 665 642 711 cognitionem
651 665 773 711 peccatum
789 665 838 701 sibi,
848 664 923 712 displi-

78 719 127 754 ceat
140 717 161 754 et
175 718 200 753 in
212 719 282 754 Deum
296 718 389 754 aflectus
403 719 451 754 eius
465 718 577 753 teratur.»
592 737 616 743 -
629 717 660 753 Cf.
676 718 704 753 io
717 717 729 752 2
743 717 762 752 d.
778 718 790 754 5
805 727 823 762 q.
841 717 853 753 2
867 726 885 752 a..
904 717 921 752 1.

75 833 130 873 220.
164 832 317 869 Essentialiter
327 834 404 869 eadem
414 832 515 869 doctrina
524 833 619 868 habetur
629 832 654 867 in
666 831 759 874 Quaeso
768 830 827 876 disp.
837 831 866 866 de
876 841 923 867 ver.

76 883 127 929 qd
150 893 169 920 a.
189 883 212 921 2:
235 884 344 920 «Gratiae
362 893 431 921 causa
449 893 495 920 non
511 884 585 930 potest
602 893 649 920 esse
668 883 731 920 actus
751 882 864 919 humanus
882 892 925 929 per
969 895 971 897 ’

75 936 167 972 modum
180 936 260 979 meriti,
277 936 315 972 sed
330 936 445 982 dispositio
460 936 570 972 naturalis
585 935 701 983 quaedam,
718 935 742 971 in
757 935 867 980 quantmn
880 944 921 982 per

77 988 140 1023 actus
162 996 324 1033 praeparamur
341 988 370 1023 ad
386 987 473 1032 gratiae
497 987 685 1033 susceptionem.»
709 1006 733 1012 -
754 996 774 1023 a.
793 988 805 1024 4
823 986 921 1023 admittit

55 1063 56 1066 =
76 1039 184 1075 maiorem
199 1039 327 1074 obiectionis
342 1040 381 1076 2³²³:
401 1039 482 1076 «sicut
497 1038 642 1084 dispositio
657 1037 827 1074 naturalium
842 1039 924 1074 hono-

76 1099 133 1126 rum
146 1091 179 1126 est
190 1090 333 1136 praeparatio
347 1091 375 1126 ad
388 1090 493 1135 gratiam,
507 1090 539 1126 ita
551 1099 591 1136 per
604 1089 701 1135 gretiam
714 1098 877 1136 praeparamur
891 1091 921 1127 ad

75 1142 197 1188 gloriam.»
211 1161 235 1167 -
250 1142 273 1178 Si
287 1141 351 1187 q.>24
365 1151 384 1181 a.
402 1142 424 1179 15
439 1142 582 1187 comparator
595 1151 645 1178 cum
660 1151 680 1178 a.
697 1142 727 1185 14,
743 1141 842 1178 cernitur
856 1142 922 1187 Aqui-

76 1194 151 1230 natem
164 1202 256 1239 prorsus
271 1194 348 1230 eodem
361 1202 429 1230 sensu
443 1194 527 1238 exigere
542 1193 641 1239 aliquam
657 1193 801 1238 «gratiam»,
816 1194 842 1230 ut
855 1194 923 1229 homo

77 1246 107 1283 ad
119 1246 216 1291 gratiam
230 1244 368 1281 habitualem
382 1254 405 1281 se
418 1245 536 1292 praeparet
551 1246 573 1281 et
587 1246 612 1281 ut
625 1246 771 1291 quodcunque
786 1246 869 1282 bonum
884 1247 921 1281 ho-

76 1297 164 1333 nestum
176 1296 235 1342 agat.
247 1297 305 1334 Nam
318 1306 338 1335 a.
353 1296 376 1333 14
387 1297 452 1335 dicit:
468 1297 511 1334 «Si
522 1298 620 1342 gratiam
631 1298 672 1334 Dei
684 1297 777 1334 velimus
791 1298 863 1334 dicere
875 1307 921 1334 non

76 1349 167 1394 aliquod
178 1349 293 1387 habituale
307 1349 397 1394 donum,
412 1350 451 1386 sed
464 1350 536 1396 ipsam
549 1349 726 1386 misericordiam
738 1350 785 1393 Dei,
800 1360 840 1396 per
854 1359 921 1395 quam

75 1402 192 1438 interius
206 1402 290 1437 motum
304 1402 385 1438 mentis
399 1403 504 1448 operatur
518 1402 539 1438 et
554 1402 691 1438 exteriora
703 1401 794 1438 ordinat
808 1403 837 1439 ad
851 1402 922 1438 homi·

75 1453 111 1488 nis
125 1453 226 1496 salutem,
243 1454 274 1489 sic
289 1462 329 1490 neo
344 1453 415 1490 ullum
430 1455 513 1490 bonum
527 1454 592 1490 homo
607 1454 766 1500 potestlfaoere
782 1454 831 1490 sine
845 1454 921 1499 gratia

75 1505 115 1541 Dei
123 1515 141 1548 »3
156 1515 175 1541 a.
192 1504 215 1543 15
227 1514 289 1542 vero:
308 1518 319 1538 c
328 1506 351 1542 Si
364 1506 439 1542 autem
451 1515 491 1552 per
503 1506 601 1551 gratiam
614 1505 685 1550 gratis
700 1506 775 1542 datam
788 1506 920 1552 intellegant

76 1556 196 1593 divinam
215 1557 426 1608 providentiam,
448 1567 492 1603 qua
510 1558 684 1594 misericorditer
703 1558 768 1594 homo
790 1558 819 1594 od
840 1558 920 1594 bonum

76 1607 186 1652 diripitur,
200 1608 236 1644 sic'
243 1617 320 1645 verum
333 1609 372 1652 est,
386 1610 445 1655 quod
457 1610 504 1645 sine
516 1610 592 1655 gratia
603 1610 668 1645 homo
681 1619 727 1645 non
738 1610 810 1656 potest
823 1620 845 1646 se
857 1620 923 1657 prae-

75 1671 155 1707 parare
172 1662 201 1697 ad
217 1661 345 1697 habendum
361 1661 459 1706 gratiam
476 1661 565 1706 gratmn
582 1661 727 1698 facientem.»
744 1662 799 1699 Hoc
816 1662 921 1708 duplici

75 1714 181 1749 ratione
192 1713 277 1759 probat.
290 1713 370 1749 Prior
382 1713 414 1749 est
427 1713 504 1749 eadem
516 1722 541 1749 ac
553 1713 581 1748 111
592 1713 604 1748 2
615 1713 635 1748 d.
649 1712 679 1757 28,
693 1712 811 1759 desumpta
823 1722 849 1750 ex
859 1714 919 1760 prin-

75 1765 132 1810 cipio
157 1764 329 1811 Philosophi:
358 1777 368 1797 c
377 1762 453 1808 Omne,
474 1765 531 1809 quod
550 1765 656 1807 movetur,
678 1766 706 1801 ab
725 1764 770 1800 alio
789 1765 918 1801 movetur.»

76 1829 86 1850 c
95 1817 122 1852 Et
132 1817 164 1853 sio
175 1825 225 1853 cum
235 1816 301 1852 homo
311 1825 335 1852 se
346 1817 374 1853 ad
385 1816 483 1862 gratiam
492 1816 571 1862 incipit
581 1825 723 1863 praeparare,
736 1817 763 1853 de
773 1826 831 1853 novo
842 1817 918 1854 volun-

75 1868 143 1904 tatem
156 1877 220 1904 suam
233 1869 378 1904 convertendo
392 1869 422 1904 ad
433 1869 509 1910 Deum,
524 1868 615 1915 oportet,
629 1869 688 1914 quod
702 1868 731 1905 ad
743 1868 785 1905 hoc
797 1869 922 1906 inducatur·

74 1922 186 1967 aliquibus
203 1921 386 1958 exterioribus
402 1920 533 1964 actionibus,
552 1920 627 1966 utpote
645 1921 748 1961 exteriori
766 1921 921 1958 admonitione

74 1975 114 2009 aut
128 1973 238 2019 corporali
253 1973 392 2018 aegritudine
408 1973 448 2009 aut
463 1972 536 2017 aliquo
552 1973 686 2016 huiusmodi,
703 1973 744 2008 vel
760 1972 836 2019 aliquo
850 1973 922 2010 inte·-

31 2035 34 2040 ·
74 2025 141 2061 riori
156 2025 270 2068 instinctu,
287 2024 409 2061 secundum
425 2024 482 2070 quod
497 2026 556 2060 Deus
571 2025 596 2060 in
610 2025 722 2061 mentibus
737 2025 854 2062 hominum
870 2035 919 2072 ope·

74 2077 144 2121 ratur,
161 2076 203 2112 vel
220 2076 287 2113 etiam
303 2076 418 2122 utroque
433 2077 517 2112 modo.
536 2076 596 2112 Haec
613 2076 689 2113 autem
706 2078 783 2114 omnia
800 2088 825 2115 ex
842 2078 919 2115 divina

74 2128 227 2165 misericordia
245 2128 331 2164 homini
350 2128 499 2174 providentur*
521 2128 550 2164 Et
570 2128 600 2164 sic
621 2139 648 2165 ex
668 2129 744 2166 divina
764 2129 920 2167 misericordia

75 2182 189 2227 contingit,
206 2182 264 2227 quod
279 2183 345 2217 horno
361 2191 384 2217 se
399 2181 428 2217 ad
444 2180 540 2225 gratiam
555 2182 680 2226 praeparet.
690 2194 700 2214 11
718 2180 837 2217 Alteram
852 2182 920 2218 ratio-

74 2241 124 2270 nem
141 2243 200 2270 nunc
218 2233 290 2270 addit:
313 2234 382 2269 «Non
399 2232 559 2278 qualiscunque
577 2233 650 2268 motus
668 2232 791 2270 voluntatis
810 2234 843 2269 est
860 2233 919 2270 suffl-

35 2301 38 2304 ⁴
74 2285 134 2321 ciens
157 2285 300 2332 praeparatio
325 2285 354 2321 ad
377 2284 529 2330 gratiam..„‚
555 2285 594 2320 sed
618 2285 704 2331 oportet
728 2295 775 2321 esse
801 2285 919 2331 aliquem

74 2338 283 2375 determinatum
298 2338 411 2374 modum.
429 2337 471 2380 Qui
487 2337 577 2383 quidem
591 2339 671 2374 modus
687 2338 772 2374 homini
788 2340 853 2375 notus
871 2349 918 2375 esse

74 2400 118 2427 noc
133 2394 211 2438 potest,
227 2402 278 2428 eum
292 2392 366 2439 ipsum
382 2391 465 2427 donum
480 2391 567 2436 gratiae
583 2392 730 2438 cognitionem
745 2392 843 2429 hominis
860 2403 922 2429 exce--

74 2445 117 2481 dat.
128 2459 138 2479 11
152 2447 179 2482 ln
190 2445 232 2481 tali
245 2455 299 2482 casu
313 2453 426 2490 «operans
440 2443 524 2490 indiget
537 2445 676 2490 gubernante
690 2446 710 2481 et
724 2446 839 2490 dirigente.
854 2447 921 2483 Unde
961 2481 962 2484 ,

73 2498 140 2543 patet,
158 2499 216 2545 quod
231 2498 327 2535 liberum
343 2497 462 2534 arbitrium
477 2508 522 2534 non
538 2500 610 2545 potest
626 2509 650 2536 se
667 2500 696 2536 ad
711 2497 815 2544 gratiam
825 2508 918 2547 praepa-

74 2560 130 2595 rare,
145 2553 189 2589 nisi
203 2553 285 2588 adhoc
300 2551 407 2587 divinitus
420 2551 558 2597 dirigatur.»
572 2573 595 2578 —
609 2554 668 2599 opus
682 2553 715 2589 est
730 2553 922 2599 «gubernante

73 2604 97 2639 et
111 2605 273 2651 dirigente»,
290 2614 335 2640 non
351 2617 360 2638 c
370 2604 511 2641 1111111111
527 2606 625 2642 hominis
639 2606 704 2644 vires.
721 2607 779 2651 Ergo
795 2615 865 2652 neque
882 2608 917 2643 hic

74 2658 93 2694 S.
108 2659 203 2695 Thomas
222 2660 296 2695 censet
315 2659 377 2694 aetus
395 2660 575 2705 praeparationis
594 2661 697 2697 excedere
715 2661 775 2696 vires
794 2660 919 2696 naturales

74 2711 214 2748 Solummodo
228 2713 307 2749 modus
321 2712 480 2749 determinatus
493 2723 507 2749 a
521 2714 607 2750 ratione
621 2714 720 2750 naturali
734 2714 858 2759 ignoratur.
876 2715 919 2752 Sed

73 2765 93 2798 ei
108 2774 167 2802 nunc
184 2775 229 2801 non
245 2765 342 2812 amplius
359 2765 458 2801 sufficere
473 2766 568 2811 videtur,
586 2769 645 2812 quod
661 2767 726 2803 homo
743 2769 812 2803 semel
830 2778 854 2805 ec
873 2769 921 2803 totav

73 2818 153 2854 uirtute
168 2820 275 2856 bonitatis
291 2818 403 2855 naturalis
420 2819 473 2863 agat
488 2819 523 2856 vel
539 2828 579 2864 per
595 2820 670 2865 plures
688 2822 750 2856 actos
769 2821 798 2856 ad
814 2821 920 2858 ultimam

75 2870 241 2918 dispositionem
255 2873 376 2920 perveniat,
392 2873 451 2909 sicut
465 2872 551 2910 dixerat
565 2874 591 2909 Io
607 2876 616 2910 1
633 2875 652 2911 d.
670 2874 700 2917 17;
716 2874 784 2920 exigit
799 2875 857 2911 enim
871 2884 918 2921 spe-

74 2924 152 2960 cialem
174 2926 357 2971 gubernationem
374 2936 400 2963 ex
416 2926 480 2972 parte
496 2926 542 2963 Dei.
561 2927 766 2974 praeparationem,
792 2937 848 2973 quae
873 2928 924 2964 diu
