2214 3350
342 226 419 262 Thesis
432 225 461 262 24.
475 225 616 262 Molinismus
673 239 675 241 ·
869 223 904 263 501

59 334 164 382 actuum;
180 347 202 375 v.
220 346 255 385 g.:
276 335 301 375 Si
317 334 387 375 Petro
403 332 526 374 confertur
540 332 600 374 haec
615 333 692 383 gratia
706 345 763 375 vere
778 333 902 381 sufficiens,

59 397 136 450 potest
147 397 251 438 converti
264 398 289 439 et
301 396 378 448 potest
388 407 437 436 non
451 395 562 435 converti.
579 396 640 436 Nam
654 396 767 445 quoniam
782 396 861 446 agitur
875 397 904 437 de

59 460 118 502 acto
135 459 217 509 libero,
241 459 388 510 possibilitas
402 459 433 499 ad
450 459 520 510 pluro
536 459 560 499 et
577 458 686 508 opposito
707 458 850 500 extenditur.
873 462 908 490 -‘

58 525 82 579 b)
98 524 188 563 'Pernen
202 523 221 562 si
234 523 347 573 condicio
354 520 500 570 verificatur,
515 532 563 561 non
578 520 691 561 eveniunt
704 522 775 572 'ptura
787 522 902 573 opposite,

60 586 176 627 sedunus
190 585 362 627 determinatus
376 579 449 625 ectus.
466 584 550 626 Petrus
565 586 609 625 sub
624 584 721 625 influxu
736 584 806 625 istius
820 583 904 625 auxilii

58 660 101 701 pro
115 660 159 689 sua
169 648 277 689 libertate
290 649 332 689 aut
346 648 499 688 determinate
514 659 537 688 se
551 647 678 696 convertet,
694 648 740 697 out
750 646 905 687 determinate

0 739 1 742 =
58 723 107 752 non
120 723 144 751 se
157 711 283 752 convertet.
298 712 419 751 ponamus
432 711 560 761 atiquando
575 709 730 752 determinate
744 704 829 749 verum
843 710 905 749 tutu-

59 787 113 815 rum
130 776 199 828 esses
210 774 295 814 Petrus
310 785 354 824 per
369 774 430 814 hanc
444 773 544 824 gretiam
561 772 752 814 convertitur.
771 773 906 824 Antequam

59 837 181 878 conversio
194 848 275 887 reapse
289 837 325 885 tit,
341 837 389 876 iam
403 848 460 877 vero
471 837 506 878 est
519 837 648 887 propositio
663 837 689 877 in
702 836 809 886 tempore
825 836 911 876 tuturo

0 935 2 937 ,
59 900 198 941 enuntians:
217 900 303 941 Petrus
317 912 361 950 per
376 899 438 940 hano
453 900 555 951 gratiam
572 898 767 940 convertetur.
786 898 835 954 Hoc
848 898 905 939 iihe-

0 998 2 1005 ,,
59 975 113 1013 rum
136 963 241 1003 obsolute
263 964 374 1013 soterum
396 964 460 1003 Deus
481 964 601 1013 cognoscit
624 962 746 1003 scientia
768 962 911 1010 visionis„

0 1049 1 1052 =
58 1025 140 1066 Evasit
150 1026 230 1066 autern
241 1026 348 1066 ehsoiute
360 1025 468 1065 tutorum
481 1037 515 1074 eo,
530 1026 595 1076 quod
606 1025 670 1066 Deus
682 1024 790 1065 obsolute
801 1023 906 1065 decrevit

0 1129 2 1132 ,
59 1100 83 1129 se
100 1088 169 1128 Petro
186 1088 211 1128 in
228 1087 317 1128 talibus
334 1088 452 1128 adiunctis
469 1088 514 1128 tate
531 1088 649 1128 auxilium
667 1087 782 1128 daturum
798 1098 856 1127 esse.
874 1111 906 1117 —

0 1163 2 1165 “
59 1152 79 1202 c)
96 1151 143 1191 Sed
157 1151 227 1191 etiam
243 1147 352 1191 antehoc
368 1150 488 1190 decretum
503 1148 639 1190 absolutum
654 1143 703 1191 iam
716 1162 774 1191 vere
787 1151 839 1191 eret
852 1161 904 1200 pro-

0 1236 2 1260 :
39 1213 144 1266 ,positio
169 1212 346 1260 condicionalis,
373 1212 567 1263 quocontra-sio
594 1211 716 1263 tamquam
742 1212 904 1270 condicionote

0 1281 3 1301 ³
59 1276 141 1316 tuturo
158 1275 307 1316 enuntietur:
337 1275 362 1314 Si
380 1274 449 1315 Petro
468 1275 565 1315 deretur
582 1274 640 1316 hoec
658 1274 741 1326 gratia,
760 1274 905 1316 converte-

0 1336 3 1388 ξ’
59 1338 162 1378 retur¹.

0 1450 3 1490 s
59 1464 113 1505 631.
146 1464 178 1499 Ex
198 1464 251 1499 data
269 1463 414 1509 explicatione
435 1464 527 1508 apparet
548 1462 714 1498 conversionem
734 1464 795 1498 Petri
816 1462 907 1498 condi-

58 1516 166 1564 cionasse
180 1515 300 1550 futuram
314 1515 360 1550 sive
375 1514 548 1549 tuturibilem
563 1523 640 1549 revera
655 1523 703 1549 esse
718 1513 834 1562 mediam
847 1513 906 1549 inter

59 1567 224 1602 conversionem
239 1566 399 1612 possibilem
415 1567 436 1600 et
449 1566 616 1601 conversionem
632 1564 756 1602 absolute
773 1565 905 1607 futurarm

0 1638 5 1666 χ
45 1628 124 1664 >porro
143 1627 192 1654 eam
209 1618 363 1659 scientiam,
383 1618 447 1653 cuius
465 1617 574 1653 obiectum
592 1617 631 1659 est,
650 1626 697 1653 esse
713 1618 829 1653 mediam
847 1617 906 1659 inter

0 1671 6 1718 ’ᾖ
60 1670 176 1706 scientiam
192 1669 299 1715 simplicis
317 1669 481 1714 intellegentiae
500 1669 521 1705 et
539 1668 655 1705 scientiam
672 1668 772 1705 visionis.
791 1688 815 1695 —-
833 1669 910 1717 Obiec-¹

59 1722 107 1756 tum
126 1722 231 1757 scientiae
250 1722 338 1757 mediae
354 1731 405 1757 vere
425 1721 572 1765 distinguitur
591 1723 619 1757 ab
640 1721 730 1757 obiectis
749 1721 847 1757 aliarum
865 1720 906 1757 Dei

60 1773 208 1809 scientiarum.
230 1774 348 1809 Conversio
367 1774 426 1808 eninr
444 1772 601 1808 futuribilis
619 1782 665 1808 non
683 1773 716 1808 est
733 1768 793 1808 idem
812 1783 837 1809 ao
856 1781 906 1808 con-

0 1842 5 1874 s
58 1825 131 1860 versio
144 1824 296 1871 possibilis.
315 1826 358 1861 Sub
373 1825 414 1860 tali
428 1824 510 1860 auxilio
525 1825 593 1860 etiam
606 1825 774 1860 non-conversio
789 1828 822 1860 eet
836 1825 906 1870 possi-

0 1876 3 1906 ἓ
58 1876 116 1920 bilis,
132 1886 267 1921 quamquam
277 1886 303 1912 ex
316 1877 430 1922 supposito
444 1876 492 1912 sola
504 1876 618 1912 conversio
632 1877 664 1912 est
677 1873 807 1913 futuribiiis.
824 1878 866 1914 Sed
879 1887 906 1913 ex

0 1930 2 1944 ³
61 1927 132 1963 altera
150 1929 213 1973 parte
233 1929 332 1963 nondum
353 1928 386 1963 est
406 1928 519 1963 conversio
540 1928 664 1964 absolute
682 1928 787 1971 futura,
810 1929 863 1974 quia
881 1928 907 1963 in

0 1978 5 2026 i¹
59 1979 100 2014 hoc
117 1981 181 2024 signo
198 1980 292 2015 rationis
310 1989 355 2014 non
373 1979 471 2014 decisum
489 1979 527 2022 est,
547 1980 623 2015 utrum
639 1981 698 2016 Deus
717 1980 827 2016 auxiiium
844 1980 906 2016 istud

2 2038 6 2072 ς
60 2030 113 2066 dare
131 2031 183 2066 vetit
199 2040 272 2066 necne,
292 2050 316 2055 —
332 2031 390 2075 Ergo
408 2031 521 2066 conversio
539 2033 580 2066 sub
599 2031 800 2068 condicionetalis
819 2032 905 2076 gratiae

59 2082 137 2117 futura
153 2092 198 2117 non
216 2082 356 2126 cognoscitur
374 2092 388 2118 a
406 2082 499 2118 scientia
523 2082 659 2129 simplicis
682 2084 904 2129 intellegentiae,

0 2136 5 2179 ζ
60 2142 116 2177 quae
133 2134 260 2179 possibilem
277 2134 373 2169 ostendit
389 2134 436 2169 tam
453 2134 626 2178 conversionem,
644 2145 712 2180 quam
730 2136 907 2171 non-conversio-

0 2186 5 2229 }
60 2193 111 2219 nem
126 2187 147 2221 et
163 2186 225 2221 saiva
238 2185 341 2222 iibertate
356 2186 417 2221 Petri
432 2196 477 2221 non
492 2187 565 2232 potest
579 2187 724 2224 determinate
740 2189 907 2224 conversionem

60 2235 85 2269 ut
101 2237 165 2273 unice
181 2237 309 2283 possibilem
327 2235 450 2281 ostendere
467 2247 539 2282 neque
556 2240 697 2283 cognoscitur
714 2240 809 2277 scientia
826 2240 908 2275 visio-

59 2288 112 2331 nis,
138 2291 190 2334 quia
214 2292 273 2326 Deus
296 2290 412 2335 hucusque
429 2292 530 2327 nondum
549 2291 671 2336 quidquam
690 2292 750 2329 circa
766 2293 907 2329 collationem

1 2359 6 2391 33
60 2340 127 2376 huius
146 2343 231 2386 gratiae
249 2343 371 2379 decrevisse
389 2343 485 2388 ponitur.
504 2344 578 2385 Quare
597 2344 659 2380 actus
678 2344 735 2381 liber
754 2346 907 2382 condicionate

61 2393 149 2430 tuturus
164 2395 263 2441 praecise
278 2405 324 2440 qua
337 2395 390 2431 talis
406 2396 439 2432 est
453 2396 563 2432 obiectum
578 2397 673 2432 alicuius
687 2397 794 2434 scientiae
810 2398 906 2441 divinaey

61 2453 117 2488 quae
131 2448 189 2484 inter
201 2448 258 2484 istas
272 2448 329 2484 duas
344 2449 449 2484 scientias
463 2450 552 2485 medie
566 2449 682 2484 intercedit
689 2452 704 2485 2.
720 2469 744 2475 —-
758 2450 905 2492 Possihilites

61 2497 215 2543 imminutas,
228 2501 332 2536 futuritio
343 2500 406 2536 actus
418 2501 481 2537 tiberi
493 2510 572 2538 revera
583 2502 630 2537 hoc
642 2502 736 2538 ordine
748 2503 807 2538 inter
819 2513 841 2539 se
853 2505 909 2539 exci-
923 2542 925 2544 ,

61 2548 131 2592 piunt.
144 2553 284 2589 Possibiiites
296 2554 329 2588 esi
339 2554 419 2599 prima,
432 2563 482 2589 cum
493 2563 565 2599 neque
575 2553 757 2590 iuturihiiitatem
767 2563 838 2600 neque
849 2556 908 2591 tutu-

4 2630 5 2633 *
62 2629 207 2640 —-———-.

0 2688 3 2706 z
122 2666 130 2687 ¹
147 2667 253 2703 Auctores
267 2666 421 2703 condicionate
438 2668 516 2704 futura
533 2670 558 2704 in
573 2669 645 2704 torma
662 2669 822 2715 propositionis
840 2671 909 2717 hypo-

2 2737 7 2748 2
62 2707 156 2748 theticae
178 2714 290 2750 irreaiis
315 2714 436 2760 exprimere
454 2715 533 2758 soient
551 2725 629 2751 sensus
646 2715 722 2751 autem
740 2716 793 2753 talis
811 2720 909 2764 proposi-

0 2772 6 2806 {¹
61 2755 128 2793 tionis
153 2769 198 2795 non
215 2761 359 2806 inteliegrtur,
381 2762 445 2805 quasi
470 2763 617 2806 negaretur
642 2762 742 2807 realitaS,
769 2766 809 2801 sed
834 2766 909 2811 potius

62 2805 277 2845 praescindendo
296 2818 310 2844 a
324 2807 474 2845 verificatione
492 2809 633 2844 condicionis.

122 2867 131 2888 ²
143 2869 176 2904 Ad
189 2870 352 2913 cognoscendos
365 2870 454 2905 eftectus
468 2869 639 2906 necessarios
653 2870 808 2908 condicionate
821 2871 909 2907 futuros

0 2917 8 2964 fs?
63 2917 108 2945 non
122 2916 243 2959 requiritur
257 2916 351 2952 scientia
365 2916 446 2960 media3
462 2926 516 2952 nam
531 2917 580 2953 sota
593 2918 687 2954 scientia
702 2918 811 2964 simplicis
825 2917 909 2953 intelle-

62 2958 150 2998 sentiae
164 2963 270 3000 ostendit:
286 2964 309 3000 Si
322 2965 365 2999 hae
379 2973 459 2999 causae
472 2965 611 3000 necessariae
625 2966 768 3010 ponerentur,
784 2966 910 3001 necessario

64 3006 182 3044 eventurus
197 3011 254 3046 esset
270 3011 306 3047 hic
324 3011 484 3048 determinatus
500 3011 597 3048 eftectus,
