2214 3350
292 165 293 168 Ἴ
338 192 416 230 Thesis
429 191 459 229 26.
476 193 557 229 Verum
570 192 675 239 meritum
687 192 742 229 iusti
756 237 760 240 Ι
929 192 964 230 561

118 300 215 341 liutheri
231 267 358 342 sententies
371 300 433 340 hanc
448 311 542 350 quoque
557 298 674 341 emollivit
688 300 917 342 Melanehthon1.
933 325 965 333 -α

117 356 256 405 Calvinus
266 374 360 415 quoque
371 362 512 404 catholicam
525 363 554 404 de
566 362 658 403 meritis
667 363 800 405 doctrinam
811 363 962 415 impugnata

116 451 148 457 -
162 427 236 478 Saepe
250 425 409 467 Protestentes
423 426 553 468 admittunt
565 426 708 474 mercedem,
723 428 810 477 negant
823 428 962 468 meritem³.

116 512 148 518 —-
161 489 299 530 Hodierni
315 488 394 530 adhuc
409 489 435 529 in
450 488 594 530 catholicum
610 490 741 529 terminum
755 489 834 530 meriti
850 490 962 531 invehere

116 551 200 600 solent,
217 546 258 593 sed
272 552 351 603 quoad
363 563 415 591 rem
428 563 477 593 non
491 553 550 594 adeo
564 553 634 604 longe
648 552 738 593 distant
751 565 766 593 a
779 552 895 594 catholica
909 555 962 594 doe-

117 615 203 656 trina⁴.
221 638 253 644 „-
272 614 504 665 contiguitatem
523 614 602 656 meriti
621 614 683 656 certe
702 626 784 656 omnes
803 616 961 668 Protesientes

117 745 216 793 (Leipzig
232 744 294 790 1895),
312 742 445 789 praesertim
461 754 481 790 p.
500 742 523 779 68
530 752 558 778 ss.
578 742 663 778 Ibidem
677 751 698 788 p.
718 739 813 793 1352213
829 740 960 782 ostenditur,

115 792 225 837 quourodo
239 791 321 827 Luther
335 791 431 835 practice
446 789 536 825 omnino
551 787 679 825 adhibuerit
693 787 777 823 motiva
791 786 898 822 timoris
914 795 962 832 poe-

115 846 197 873 narum
214 837 236 872 et
253 836 310 881 spei
327 836 484 881 praemiorum,
503 835 529 870 ut
545 833 646 880 homines
666 835 695 870 ad
710 833 770 870 bona
788 841 856 878 opera
875 832 959 875 excitet,

115 883 167 919 licet
184 883 299 918 theoretice
316 881 362 917 tam
377 891 443 928 saepe
459 880 574 917 catholicis
590 880 693 916 timorem
709 878 824 925 gehennae
840 880 861 915 et
877 879 962 925 cupidi-

114 929 185 965 tatem
202 928 309 964 mercedis
326 929 407 973 probro
424 927 514 964 dederit.
534 946 557 952 —
575 926 706 962 Considerat
721 925 797 970 itaque
815 926 876 962 bona
893 934 962 971 opera

114 976 140 1010 ut
154 975 260 1018 signum
275 974 295 1009 et
309 974 460 1019 necessarium
473 972 592 1008 fructum
605 972 663 1015 fidei,
678 973 717 1009 sed
731 972 831 1009 valorem
844 980 896 1007 vere
910 979 961 1006 me-

114 1021 241 1056 ritorium
255 1020 284 1055 iis
300 1020 399 1064 denegat.

176 1078 183 1099 ¹
199 1078 288 1122 Apotoe.
308 1077 403 1121 Contere.
421 1078 514 1120 Aliquot,
530 1086 550 1112 a.
567 1075 579 1112 3
594 1085 614 1112 n.
632 1074 677 1113 682.
688 1088 698 1108 (ι
707 1075 763 1112 Sunt
779 1077 839 1112 enim
854 1075 959 1111 iacienda

40 1134 41 1137 ¹
113 1132 182 1169 opere
201 1124 290 1169 propter
307 1123 441 1158 mandatum
460 1122 506 1165 Dei,
527 1121 580 1157 item
597 1122 627 1157 ad
647 1121 791 1157 exercendam
809 1120 883 1163 fidem,
905 1120 959 1156 item

113 1170 203 1215 propter
218 1169 378 1204 contessionem
393 1169 414 1203 et
429 1168 554 1213 gratiarum
569 1167 726 1209 actionenn...
750 1176 806 1211 quae
822 1174 959 1212 quamquam

112 1216 170 1252 fiunt
181 1217 207 1250 in
219 1214 284 1250 carne
297 1214 397 1250 nondum
409 1222 501 1258 prorsus
513 1214 626 1256 renovata,
642 1222 698 1258 qliae
711 1214 812 1250 retardat
823 1214 898 1249 motus
912 1212 958 1259 Spi-

62 1291 64 1297 ,
113 1262 171 1297 ritus
183 1260 258 1297 Sancti
272 1260 293 1296 ei-
307 1259 421 1305 adspergit
435 1258 520 1304 aliquid
534 1258 560 1293 de
574 1268 616 1295 sua
629 1257 777 1302 immunditie,
791 1259 867 1294 tamen
881 1268 959 1305 prop-

112 1307 154 1347 ter
170 1306 251 1342 iidem
270 1305 323 1341 sunt
341 1314 409 1351 opera
426 1304 531 1348 sancta,
552 1304 675 1340 divinae
693 1323 717 1330 „
734 1314 755 1341 n.
776 1304 810 1342 73:
828 1306 958 1340 uDocemus

111 1353 172 1389 bona
186 1360 253 1397 opera
266 1351 410 1387 meritoria
425 1359 478 1392 esse,
494 1359 540 1386 non
554 1350 693 1386 remissionis
707 1350 854 1395 peccatorum,
871 1351 958 1394 gratiae

113 1399 153 1434 aut
167 1397 332 1434 iustificationis
350 1397 412 1442 (haec
428 1396 488 1433 enim
500 1396 588 1432 tantum
602 1395 645 1432 fide
661 1396 834 1441 consequimur),
851 1398 892 1433 sed
907 1396 959 1433 aiio-

112 1453 163 1479 rum
177 1443 329 1489 praemiorum
343 1442 492 1488 corporalium
509 1443 530 1478 et
545 1442 698 1488 spiritualium
712 1443 737 1478 in
752 1442 794 1479 hac
809 1444 857 1479 vita
873 1444 894 1479 et
909 1442 959 1488 post

112 1491 170 1525 hane
186 1490 260 1525 vitam.
271 1502 281 1521 >1
297 1500 321 1514 ·-
335 1498 356 1524 n.
373 1488 408 1525 it:
429 1501 439 1521 u
448 1489 519 1524 Erunt
534 1489 604 1533 igitur
619 1488 739 1525 dissimilia
749 1489 852 1534 praemia
868 1488 958 1535 propter

111 1535 232 1571 dissimiles
246 1535 352 1571 lahoresn
370 1535 465 1579 (Miller,
483 1535 555 1580 Symb.
573 1535 597 1570 B.
614 1545 634 1580 p.
653 1534 702 1581 120).

173 1592 265 1628 ²Instit.
279 1592 293 1627 l.
305 1591 317 1628 3
329 1602 375 1637 oap-
392 1591 425 1629 15:
443 1592 522 1634 «Quae
535 1593 561 1627 de
575 1601 666 1638 operum
678 1592 763 1627 meritis
776 1592 896 1637 iactantur,
910 1593 958 1628 tam

110 1639 151 1675 Dei
164 1638 253 1675 laudem
267 1638 292 1673 in
304 1638 440 1674 conterenda
453 1637 540 1674 iustitia
554 1647 620 1683 quam
635 1637 715 1674 salutis
729 1638 886 1674 certitudinem
899 1647 957 1675 ever-

111 1684 163 1720 tere.
174 1697 184 1716 n
200 1703 223 1709 -
240 1693 261 1719 n.
281 1684 303 1720 2:
327 1684 448 1719 «Primum
463 1684 489 1720 de
507 1682 598 1719 meriti
617 1684 724 1720 nomine
742 1684 766 1720 id
779 1685 839 1719 mihi
857 1684 957 1730 praefari

111 1739 199 1766 necesse
219 1730 262 1767 est:
286 1729 419 1774 quicumque
437 1730 523 1775 primus
542 1728 599 1766 illud
619 1729 722 1775 operibus
742 1729 848 1767 humanis
869 1732 898 1767 ad
916 1731 956 1766 Dei

110 1776 219 1812 iudicium
235 1775 369 1820 comparatis
387 1775 478 1821 aptarit,
494 1785 544 1811 eum
559 1774 610 1811 fidei
628 1776 751 1812 sinceritati
767 1775 863 1821 pessime
880 1785 957 1812 consu-

109 1821 185 1857 luisse.
196 1834 206 1854 n
220 1840 244 1846 —-
256 1830 278 1856 n„
294 1820 317 1858 3:
336 1834 346 1854 «
355 1821 414 1864 Quid
427 1821 597 1866 promereantur
611 1823 687 1858 omnia
702 1830 769 1867 opera
784 1823 868 1864 nostra,
886 1824 956 1869 Scrip-

109 1867 162 1902 tura
180 1866 281 1910 ostendit
301 1876 351 1902 cum
369 1868 410 1903 Dei
428 1866 570 1911 conspectum
587 1867 645 1903 terre
664 1876 728 1912 posse
748 1867 821 1911 negat,
840 1868 956 1912 (111111111-

110 1912 261 1949 munditiae
277 1912 322 1947 sint
337 1912 429 1957 plena.
439 1939 457 1948 ..
475 1914 582 1949 Dominus
597 1914 679 1956 tamen,
696 1915 791 1958 quaein
807 1924 847 1950 uos
862 1914 956 1951 contulit

109 1959 169 1994 bona
190 1967 262 2003 opera,
281 1959 301 1993 et
317 1958 395 1994 nostra
417 1958 515 2003 appellat
532 1959 553 1995 et
569 1968 615 1994 non
629 1959 718 1995 tantum
741 1962 831 2006 accepte
848 1961 891 1996 sibi
907 1970 954 1997 esse

109 2004 210 2047 testatur,
228 2004 266 2040 sed
283 2005 531 2040 remunerationem
548 2005 616 2040 etiam
633 2004 749 2042 habitura.
760 2035 778 2043 ..
799 2007 952 2043 Bonorum...

109 2058 201 2095 operum
213 2049 303 2084 laudern
315 2058 360 2084 non
374 2051 407 2096 (ut
420 2050 531 2095 sophistae
545 2051 639 2096 faciunt)
653 2051 712 2087 inter
724 2053 794 2087 Deum
807 2054 829 2088 et
841 2053 954 2089 hominem

108 2095 225 2141 partimur,
236 2096 278 2130 sed
289 2095 359 2131 totam
369 2096 480 2140 integram
493 2106 518 2132 ee
530 2096 642 2132 illibatam
654 2097 747 2133 Domino
760 2107 882 2134 servamus.
898 2100 954 2135 Tan-

28 2166 32 2173 .
108 2142 155 2177 tum
170 2141 211 2176 hoc
225 2140 311 2176 homini
325 2141 474 2186 assignamus,
491 2143 549 2187 quod
564 2151 590 2178 ea
604 2142 661 2187 ipsa,
678 2152 735 2187 quae
750 2144 809 2180 bona
824 2145 895 2187 erant,
912 2153 954 2181 sua

108 2186 237 2232 impuritate
249 2186 329 2232 polluit
341 2189 362 2223 et
375 2187 518 2225 contaminet.
532 2188 594 2225 Nihil
607 2190 666 2226 enim
680 2190 708 2227 ab
720 2190 809 2226 homine
821 2191 872 2233 exit,
886 2200 954 2235 quan-

107 2233 307 2322 ἒῌόῑέῗεὸὣεὲξῖοω,
322 2234 381 2278 quod
393 2242 439 2269 non
452 2234 481 2269 sii
495 2233 571 2279 aliqua
583 2235 673 2272 macula
685 2236 829 2281 inquinatum
837 2250 847 2271 n
866 2237 910 2284 (CR
922 2237 952 2281 30,

169 2337 178 2357 ³
197 2336 337 2389 Confessio
361 2336 497 2391 helvetica
520 2339 657 2391 posterior
681 2338 831 2386 (zwingliana)
859 2350 877 2377 a.
899 2332 952 2383 1562,

106 2390 155 2449 ⁰³¹³·
175 2380 199 2435 2⁶
215 2391 240 2463 t
256 2381 417 2464 fiittmttitt
428 2383 930 2474 stittbltieittifttiattsffliumimi·
942 2398 952 2418 '‘

108 2428 387 2518 Hfflffigessmfiehenffls
400 2474 463 2511 Lohn
475 2459 537 2511 kann
549 2486 593 2511 nur
605 2461 697 2513 ⁷deshalb
711 2442 746 2513 dile¹
759 2433 954 2521 Red{)'setn,“w(e³ii

52 2522 54 2525 '
103 2519 157 2554 ⁴Gott
167 2519 192 2554 in
203 2519 359 2556 seineranade
367 2520 407 2555 das
415 2521 484 2565 ewige
495 2522 567 2557 Leben
578 2522 792 2560 vorherverheissen
802 2525 850 2568 hat;
864 2524 952 2561 ›1Lohnu

107 2564 209 2601 bedeutet
220 2564 269 2600 hier
280 2565 342 2600 nieht
354 2566 389 2601 die
402 2566 545 2612 Auszahlung
557 2577 601 2604 von
614 2569 681 2604 etwas
694 2569 841 2614 Verdientem,
857 2572 953 2607 sondern

107 2610 142 2646 die
160 2609 309 2655 Entrichtung
325 2620 370 2646 von
388 2612 456 2648 etwas
473 2614 661 2660 Versprochenem
669 2629 679 2648 1)
702 2615 741 2660 (W.
762 2617 868 2660 Woither,
887 2618 952 2654 Lehr*

106 2654 164 2691 buch
176 2655 215 2691 der
226 2657 341 2701 symbolik
353 2666 373 2702 p.
389 2656 439 2703 123).

167 2713 177 2734 ¹¹
195 2713 225 2748 Ct.
246 2713 475 2761 Krogh-Tonning
490 2717 522 2762 (n.
540 2717 584 2762 315)
604 2717 626 2753 et
643 2718 697 2763 Aug.
716 2718 892 2765 Dieckmann,
912 2722 951 2758 Die

105 2758 239 2794 11111111
255 2767 298 2794 con
316 2760 355 2794 der
374 2760 449 2796 Gnade
467 2763 489 2799 ΙΙ
507 2762 524 2799 7.
545 2775 556 2796 u
565 2763 641 2801 Gnade
658 2765 706 2800 und
723 2764 887 2808 memoriane
904 2767 951 2803 und

101 2804 184 2848 §egem
198 2804 275 2840 Gnade
290 2806 336 2841 und
349 2806 466 2843 Verdienst
475 2821 485 2842 b
503 2808 531 2854 (p.
548 2807 571 2844 91
579 2809 616 2853 ss).
635 2822 645 2842 u
653 2812 697 2846 Der
712 2811 812 2849 absolute
826 2812 951 2850 Verzicht

27 2890 28 2893 Ἴ
102 2850 153 2885 aui
164 2849 232 2886 Ehre
244 2851 298 2886 und
310 2852 454 2888 Verdienst
466 2854 494 2889 in
506 2854 593 2898 jedem
607 2855 688 2893 Sinne
702 2858 824 2904 entspricht
839 2859 950 2895 durchaus

104 2895 167 2931 nicht
184 2895 234 2931 dem
250 2897 363 2933 wahrhait
381 2898 524 2936 christlichen
541 2901 639 2937 Geiiihln
660 2901 688 2948 (p.
707 2903 745 2950 91).
761 2925 785 2930 —
801 2906 832 2941 De
851 2905 951 2941 doctrina

105 2940 288 3031 ξρὲπξέἷῆ-ηγῖὲὅῗη,
302 2943 398 2980 maxime
412 2944 518 2989 veterum,
531 2946 603 2983 multe
618 2948 682 2984 affert
696 2949 783 2986 Rioicre
799 2951 821 2995 (l.
839 2960 855 2986 c.
872 2951 908 2987 110
921 2952 951 2987 ad

148 3066 207 3096 Linou,
218 3067 242 3092 De
253 3067 313 3093 (trotio.
