2214 3350
218 214 254 251 118
375 216 430 253 secr.
445 215 529 252 11111.
545 216 573 252 11.
588 214 711 261 explicatio
723 203 809 260 gratiae
823 204 918 251 efficacis

218 327 260 370 sui,
273 327 328 373 quin
339 328 364 363 in
375 327 489 365 voluntate
503 328 611 374 operetur,
625 328 664 363 sed
676 327 730 372 quia
741 325 879 363 voluntati
892 325 989 362 hominis
1002 325 1062 361 dedit

218 380 342 416 dominium
355 380 391 417 sai
404 382 473 424 actas,
488 382 513 417 ut
526 390 571 417 non
584 380 641 417 esset
654 381 752 425 obliqata
763 381 792 416 ad
805 380 900 416 alteram
912 379 1000 426 partem
1012 388 1062 416 con-

217 434 363 470 tradictionis.
378 435 442 479 Quod
454 435 543 480 quidem
556 433 679 469 dominium
691 433 806 469 naturae
819 441 865 469 nou
879 432 944 475 dedit,
959 442 1010 469 cum
1022 442 1062 478 per

217 495 282 522 suam
296 487 393 523 formam
409 488 438 523 sit
454 488 601 523 determinata
617 486 646 522 ad
660 495 737 523 anam.
748 500 758 520 n
776 486 850 523 Gratis
865 485 975 523 diceretur
990 485 1061 522 solam

216 539 376 584 obligationem
394 541 531 577 habitualem
548 549 588 586 per
606 541 701 575 termam
720 537 826 584 aliquam,
845 549 891 575 non
908 548 960 575 vero
979 539 1062 584 obliga-

216 594 300 630 tionem
318 596 471 630 transeuntem
493 603 534 639 per
556 594 820 639 praedeterminationcm
843 592 960 639 physicam
984 592 1061 628 tollere

217 648 342 684 dominium
358 648 427 684 actus.
444 667 468 673 -
485 648 515 683 ad
534 645 567 684 13:
591 647 718 683 «Voluntas
737 646 817 683 dicitur
836 646 918 683 habere
937 646 1061 682 dominium

217 702 253 737 sui
273 702 335 738 actus
349 696 401 737 'non
419 710 458 747 per
478 701 626 736 exclusionem
645 710 726 736 causae
746 699 838 746 primae,
860 700 899 736 sed
919 699 972 744 quia
992 708 1061 735 causa

216 755 291 801 prima
305 764 351 790 non
366 755 399 791 ita
414 754 460 799 agit
474 755 500 789 111
514 753 635 797 voluntate,
651 755 677 789 ut
692 763 743 790 eam
758 754 784 789 de
800 754 931 789 necessitate
946 754 975 789 ad
990 762 1060 789 anam

218 807 354 850 determinet,
371 808 428 843 sicui
445 807 578 847 determinat
593 807 706 850 naturam3
723 808 744 844 et
759 808 809 843 ideo
826 807 981 843 determinatio
997 806 1060 843 actus

217 861 350 905 relinquitur
370 860 395 896 in
414 861 522 906 potestate
540 861 635 908 rationis
653 862 674 896 et
694 860 843 896 voluntatis.»
863 861 885 896 Θ.
909 859 1004 896 Thomas
1023 859 1061 895 hie

217 924 269 950 nou
296 914 375 950 statuit
402 913 537 959 duplicem
564 913 820 953 determinationem
848 914 877 949 ad
906 920 982 955 unum,
1012 911 1058 947 scil.

216 967 316 1010 alteram,
336 976 392 1011 quae
410 965 439 1002 sit
457 966 599 1009 necessitans,
620 967 640 1001 et
658 965 759 1009 alteram,
778 975 835 1011 quae
851 965 977 1001 libertatem
994 965 1060 1001 relin-

216 1021 276 1065 quat;
289 1020 328 1055 sed
340 1020 459 1065 distinguit
469 1019 580 1065 duplicem
591 1019 743 1066 operationem
756 1029 837 1056 causae
849 1020 935 1065 primae
947 1019 973 1055 in
985 1020 1060 1055 causis

216 1074 325 1116 secundis,
346 1073 447 1116 alteram,
466 1082 523 1118 quae
541 1073 673 1109 determinet
691 1082 784 1108 causam
802 1072 923 1109 secundam
941 1073 970 1109 ad
988 1081 1060 1108 unum

216 1127 237 1163 et
252 1127 411 1171 consequenter
427 1135 476 1162 eam
490 1127 614 1171 necessitet,
631 1126 732 1171 alteram,
751 1136 806 1172 quae
821 1126 932 1163 voluntati
947 1126 1059 1171 relinquat

216 1180 340 1216 dominium
358 1180 393 1215 sui
412 1180 475 1216 actus
492 1181 513 1215 et
527 1181 686 1225 consequenter
704 1189 754 1216 eam
772 1181 800 1216 ad
818 1189 889 1216 unum
906 1188 952 1215 non
969 1180 1060 1226 praede-

215 1233 324 1270 terminet.
340 1234 373 1269 Ex
387 1233 463 1269 multis
479 1234 538 1269 enim
552 1234 648 1270 textibus
662 1235 763 1270 videmus
777 1235 799 1271 S.
817 1233 925 1269 Thomam
940 1234 970 1270 ad
984 1233 1059 1269 actum

214 1288 310 1323 liberum
327 1287 447 1332 requirere,
465 1297 493 1323 ne
509 1287 536 1323 ab
553 1288 599 1323 ailo
618 1288 662 1323 atio
682 1287 846 1332 determinetur,
872 1288 930 1332 quod
955 1286 1059 1322 voluntas

215 1342 361 1377 determinate
376 1342 438 1377 exeat
453 1341 478 1376 in
492 1342 551 1376 hunc
567 1340 641 1376 actum
656 1341 691 1375 vel
706 1341 731 1376 in
746 1340 810 1375 illum
823 1340 861 1386 (ci.
878 1340 974 1377 maxime
990 1348 1059 1386 supra

215 1395 266 1431 1112
279 1395 367 1439 1139111».
383 1396 393 1432 1
407 1403 427 1429 a.
442 1393 468 1440 1).
483 1394 557 1429 Etiam
570 1394 595 1428 in
607 1394 683 1428 nostro
696 1393 758 1428 textu
770 1393 956 1439 operationem
969 1393 1057 1439 quidem

214 1448 239 1483 in
254 1447 368 1483 voluntate
384 1447 486 1483 attribuit
502 1449 552 1491 Deo,
570 1447 609 1482 sed
624 1447 879 1483 determinationem
896 1447 958 1483 actus
975 1446 1058 1493 simpli

214 1501 269 1536 citer
283 1500 389 1545 relinquit
406 1511 416 1532 1(
424 1500 449 1535 in
462 1500 571 1545 potestate
586 1500 680 1535 rationis
695 1501 716 1535 et
730 1499 852 1536 voluntatis
861 1514 878 1536 11.
896 1501 1004 1536 Debemus
1020 1510 1058 1536 au-

213 1554 259 1589 tem
274 1562 398 1599 supponere
415 1553 435 1589 S.
454 1553 568 1596 Thomam,
586 1554 675 1598 quando
690 1553 789 1597 loquitur
806 1554 832 1589 de
849 1553 925 1598 aliqua
941 1554 1057 1599 potestate,

214 1615 264 1642 eam
280 1615 331 1641 oum
348 1606 457 1649 amnibus,
476 1607 513 1651 qui
529 1606 643 1642 vocabulis
661 1615 726 1642 suam
742 1606 842 1642 nativam
858 1608 904 1642 vim
921 1606 1057 1651 relinquunt,

149 1670 154 1675 ·
212 1660 341 1704 intellegere
352 1660 484 1706 potestatem
496 1670 545 1696 cere
559 1660 697 1704 actaabdem,
712 1660 802 1696 minime
815 1660 890 1696 autem
901 1660 983 1697 miram
994 1660 1058 1696 illam

215 1726 225 1746 a
233 1713 356 1759 potentiam
364 1727 383 1757 11,
396 1722 464 1758 quam
477 1714 598 1749 Baiieziani
612 1714 640 1750 ad
653 1713 720 1749 fidem
734 1713 866 1750 catholicam
878 1716 903 1758 in
917 1714 1058 1750 concordiam

213 1766 248 1805 sui
262 1765 391 1809 systematis
403 1765 548 1810 redigendam
561 1766 695 1802 invenerunt
712 1767 746 1812 (et.
763 1775 784 1802 n.
802 1766 837 1803 588
845 1768 881 1812 ss).
899 1786 922 1792 —-
944 1766 978 1802 De
997 1765 1057 1802 malo

213 1827 232 1863 q,
247 1817 259 1854 3
271 1827 290 1853 a.
305 1817 318 1854 3
329 1818 423 1863 inquirit
434 1819 460 1854 in
471 1828 564 1854 causam
575 1820 665 1865 peccati.
682 1832 693 1852 «
701 1819 760 1855 iliud
772 1828 824 1864 ergo
838 1829 877 1865 per
890 1830 912 1856 se
925 1821 997 1866 potest
1009 1829 1057 1855 esse

213 1880 282 1907 causa
303 1871 395 1917 peccati,
419 1872 477 1916 quod
498 1873 570 1918 potest
590 1872 692 1908 directe
714 1881 818 1909 movere
840 1873 1008 1918 voluntatem
1028 1872 1058 1908 ad

213 1927 288 1962 actum
309 1927 420 1972 peccati.»
441 1926 514 1970 Quare
536 1926 630 1962 ulterius
652 1926 752 1972 inquirit,
769 1928 849 1972 quibus
865 1928 937 1964 modis
952 1927 1057 1963 voluntas

212 1981 282 2026 possit
295 1980 401 2016 inclinari
415 1980 443 2016 ad
457 1980 549 2025 aliquid,
565 1982 592 2017 ab
607 1980 710 2016 exteriori
723 1981 744 2017 et
757 1982 785 2016 ab
798 1980 905 2017 interiori.
923 1994 934 2014 (1
943 1981 1058 2017 Obiectam

212 2042 258 2068 non
273 2043 299 2069 ex
309 2034 446 2069 'necessitate
463 2035 535 2069 movet
551 2034 695 2077 voluntatem,
714 2036 735 2070 et
751 2035 801 2070 ideo
818 2035 882 2070 nulla
897 2036 1012 2079 persuasio
1031 2045 1057 2070 ex

212 2087 343 2122 necessitate
358 2087 430 2122 movet
446 2086 560 2123 hominem
578 2087 607 2122 ad
624 2088 741 2131 agendum.
760 2088 901 2132 Relinquitur
919 2097 978 2132 ergo,
997 2088 1056 2133 quod

212 2148 282 2175 causa
292 2138 409 2185 perficiens
421 2139 442 2174 et
454 2140 545 2186 propria
557 2140 678 2175 voluntarii
692 2141 755 2176 actus
767 2142 796 2176 sit
808 2141 881 2176 solum
892 2142 921 2185 id,
937 2142 994 2186 quod
1007 2150 1056 2186 ope,

212 2194 276 2229 ratur
288 2194 389 2228 interius.
404 2194 450 2229 Hoc
464 2193 538 2228 autem
551 2192 608 2227 nihil
621 2192 742 2229 aliudesse
754 2192 826 2239 potest
839 2203 906 2238 quam
919 2194 1057 2240 1111101111-

213 2249 247 2282 tas
264 2247 322 2282 sicut
339 2255 410 2282 causa
425 2246 523 2282 secunda
540 2247 562 2281 ei
578 2247 636 2282 Deae
655 2246 712 2282 siout
730 2255 798 2282 causa
816 2247 929 2293 prima...
949 2248 985 2285 Sic
1004 2257 1056 2293 ergo

211 2301 285 2336 motus
306 2299 429 2336 voluntatis
451 2300 532 2335 directe
555 2299 654 2346 procedit
670 2310 684 2336 a
697 2300 811 2337 voluntate
829 2302 850 2337 et
867 2311 881 2337 a
897 2303 948 2346 Deo,
967 2303 1005 2347 qui
1023 2301 1056 2338 est

211 2354 333 2389 voluntatis
352 2362 427 2397 causa,
447 2354 485 2399 qui
503 2353 563 2389 solus
581 2354 606 2389 in
623 2353 737 2390 voluntate
756 2354 861 2400 operatur
880 2356 900 2392 et
917 2355 1056 2391 voluntatem

210 2407 319 2442 inclinare
330 2407 409 2453 potest,
422 2407 446 2443 in
458 2408 602 2453 quodcunque
614 2408 715 2444 voluerit.
729 2410 788 2445 Deus
800 2410 876 2445 autem
886 2411 974 2446 nonest
986 2418 1055 2445 causa

210 2461 301 2506 peccati.
311 2473 322 2493 11
337 2461 396 2505 Ergo
410 2460 458 2496 sola
470 2460 617 2497 voluntas-
631 2462 712 2498 Obiect.
728 2463 750 2499 5:
768 2475 779 2495 a
788 2464 863 2505 Omne,
879 2464 938 2508 quod
952 2463 1055 2500 sehabet

211 2514 240 2550 ad
254 2514 391 2556 utrumlibet,
407 2514 492 2559 indiget
504 2515 579 2559 aliquo
594 2514 755 2551 determinante
771 2517 800 2552 ad
815 2517 862 2560 hoc,
880 2517 938 2562 quod
954 2518 1016 2553 exeat
1031 2517 1056 2552 in

211 2568 291 2603 actum.
311 2568 356 2603 Sed
374 2567 469 2604 liberum
488 2568 606 2603 arbitrium
624 2568 722 2605 hominis
741 2570 770 2605 ad
789 2569 919 2607 utrumlibet
938 2579 962 2607 se
980 2571 1054 2611 habet,

210 2620 255 2655 scil.
271 2620 300 2655 ad
314 2621 398 2656 bonum
412 2621 432 2656 et
445 2620 536 2657 malum.
553 2621 611 2666 Ergo
626 2622 717 2666 adhoc,
733 2623 791 2667 quod
805 2623 868 2658 exeat
879 2623 904 2659 in
918 2623 992 2660 aetum
1006 2633 1055 2670 pec-

210 2672 260 2714 cati,
281 2673 372 2717 indiget,
395 2673 459 2717 quod.
473 2674 500 2709 ab
521 2673 596 2718 aliquo
617 2674 775 2711 determinetur
795 2676 825 2712 ad
844 2676 935 2713 malum.
958 2677 1054 2713 Maxime

210 2725 285 2761 autem
296 2726 336 2761 hoc
347 2726 434 2762 videtur
443 2725 491 2762 fieri
502 2736 516 2762 a
527 2727 620 2764 diabolo.
632 2741 642 2761 »
654 2729 795 2764 Baiteriaaas
807 2730 940 2774 respondere
952 2730 1051 2766 deberet:

209 2778 268 2814 Deus
286 2779 419 2815 determinat
438 2780 467 2816 ad
483 2780 599 2816 materiale
616 2782 707 2827 peceati,
728 2792 778 2818 cum
796 2791 838 2827 quo
857 2783 951 2820 formale
969 2783 1053 2830 peccati

210 2832 335 2867 necessario
350 2832 499 2878 coniungitur.
518 2834 613 2881 Thomas
629 2843 681 2869 vero
697 2836 814 2881 respondet
831 2837 860 2872 ad
875 2838 897 2874 5:
919 2837 1052 2878 «Voluntas,

210 2893 261 2921 oum
278 2884 308 2920 sit
325 2886 354 2921 ad
368 2886 503 2930 utrumlibet,
522 2896 562 2932 per
580 2888 665 2932 aliquid
684 2889 845 2925 determinatur
863 2891 891 2926 ad
908 2899 985 2936 unum,
1005 2890 1052 2926 scil.

209 2947 249 2983 per
266 2938 384 2974 constitum
401 2940 500 2976 rationis.
522 2941 567 2976 Nee
586 2942 671 2987 oportet
690 2942 731 2978 hoc
750 2952 798 2979 esse
817 2952 857 2989 per
874 2944 965 2990 aliquod
984 2954 1053 2989 aperis

210 2991 362 3027 extrinsecam.
373 3004 383 3025 11
396 3011 419 3018 —«
429 2994 509 3030 Obiect.
525 2994 547 3030 11
559 2995 643 3040 proteri
655 2996 731 3031 notam
743 2997 960 3041 argumentationem
971 2999 1054 3045 Aristo
