2214 3350
268 151 379 188 Scholium
391 152 407 188 1.
422 151 520 187 Virtutes
532 150 627 186 morales
640 150 729 186 infusae
815 143 816 146 '
885 147 923 185 343

75 259 113 300 oio
130 258 173 300 ete.
192 248 345 301 sublimiores
365 258 465 301 effectus
489 247 607 300 exclusive
632 257 733 309 Spiritui
752 258 837 299 Sancto
856 257 921 299 attri-

74 321 152 362 buunt
161 321 203 362 aut
212 332 267 362 cum
276 323 378 373 Ripalcla
387 323 411 364 et
421 323 480 363 Vivo
490 322 565 362 solam
575 320 782 372 participationem
793 321 920 361 formalem

0 425 2 428 ,
75 385 124 425 sive
146 384 368 426 similitudinariam
388 385 488 425 naturae
512 384 606 425 divinae
629 382 767 431 admittunt,
791 394 840 423 uon
864 384 921 424 satis

75 447 195 488 servantes
208 447 343 489 testimonia
356 448 494 499 Scripturae
508 447 532 488 et
544 447 650 495 Parrum,
668 446 757 497 quihus
770 446 920 496 participatio

0 564 2 567 y
74 522 118 561 per
131 510 289 561 praesentiam
304 511 327 551 et
341 511 514 561 possessionem
531 511 554 551 S.
572 509 677 559 Spiritus
692 508 819 549 indicatur.

70 612 72 614 ’
135 603 166 637 In
190 602 387 645 controversia,
415 610 472 647 quae
498 601 525 636 de
549 599 585 635 his
611 598 779 644 quaestionibus
798 599 843 635 fuit
862 599 921 635 inter

74 654 112 690 Th.
130 653 270 697 Granderatn
286 654 306 691 S.
314 655 332 690 J.
351 654 424 700 (ZkTh
438 654 450 691 5
465 653 477 689 7
491 654 502 689 8
518 651 575 699 [1881
583 652 615 697 ss]
633 652 655 688 et
669 652 698 687 M.
715 652 828 688 Sebeeben
845 651 918 698 (Katb.

0 736 1 739 ,
74 705 99 741 63
109 706 120 741 Ι
132 706 162 748 Π;
172 704 197 741 64
209 706 219 741 Ι
232 703 326 751 [1883s],
339 705 400 751 prior
411 705 473 741 ultra
485 704 576 740 modum
588 704 653 748 urget
666 702 818 738 definitionem
831 702 922 739 Triden-

75 756 116 791 tini
129 756 156 791 de
168 756 250 791 unica
263 765 345 792 causa
357 755 468 791 formali
480 753 653 796 iustificationis,
668 762 684 789 s.
699 753 712 790 6
724 763 771 799 cap.
787 752 799 788 7
814 753 853 799 (Dz
866 752 918 798 799),

73 816 130 852 quae
154 808 230 843 tamen
253 808 314 843 facta
331 808 365 843 est
382 807 461 843 contra
486 807 610 842 doctrinam
633 805 789 850 imputationis
816 807 919 841 externae

73 858 195 895 secundum
204 859 301 895 mentem
310 859 582 904 Protestantiumjnecnon
590 857 758 894 poloniensium
770 859 797 905 (v.
810 866 831 894 n.
843 857 879 894 359
890 858 920 893 ad

72 911 124 957 362),
136 911 175 947 sed
184 911 276 946 minime
287 920 313 947 ea
322 910 452 953 intentione,
463 910 489 946 ut
499 910 680 955 distingueretur,
693 910 747 954 quid
758 910 833 954 gratia
844 909 921 945 creata

73 971 118 1007 qua
132 971 171 997 ens
186 962 313 997 absolutum
327 971 353 998 ex
367 962 429 998 nuda
443 962 538 1007 physica
550 962 685 1007 perfectione
700 970 743 997 sua
757 961 848 1006 valeret,
865 961 919 1006 quid

72 1023 124 1050 vero
138 1023 164 1050 ex
175 1015 258 1049 unione
271 1022 322 1049 cum
335 1014 355 1050 S.
369 1014 463 1059 Spiritu,
478 1023 546 1058 quam
559 1023 604 1058 qua
618 1023 657 1049 ens
670 1013 791 1049 relativum
803 1013 927 1059 importat«

72 1066 148 1101 Minus
165 1066 224 1101 recte
243 1065 383 1101 Granderutb
400 1065 501 1101 absolute
520 1065 579 1101 vetat
598 1065 684 1110 gratiae
709 1064 823 1112 increatae
847 1065 919 1100 ullam

61 1125 154 1163 ‚causae
171 1116 273 1152 formalis
289 1116 399 1152 rationem
415 1117 490 1152 tribui.
509 1116 620 1152 Soheeben
638 1115 713 1152 autem
730 1117 757 1152 de
772 1116 855 1152 unione
872 1125 919 1161 my-

5 1192 13 1213 a
72 1168 129 1204 stica
147 1168 168 1205 et
185 1168 292 1213 organica
308 1168 342 1203 ita
359 1168 464 1213 loquitur,
484 1168 582 1213 ut‘quae
600 1168 675 1214 potius
694 1163 775 1213 tropice
795 1168 856 1204 dicta
874 1167 919 1203 sint

73 1220 164 1266 oportet,
185 1220 251 1255 facile
270 1219 328 1255 falso
347 1219 447 1263 intellegi
466 1220 552 1265 possint
571 1229 639 1256 sensu
658 1220 749 1266 proprio
769 1220 790 1255 et
810 1221 916 1265 rigoroso.

72 1273 141 1307 Porro
155 1271 231 1306 minus
244 1272 302 1307 recte
315 1271 414 1316 gratiam
427 1271 551 1307 increatam
564 1272 590 1307 ut
603 1280 686 1307 novum
701 1272 801 1316 favorem
814 1271 917 1317 concipit,

72 1323 158 1368 gratiae
173 1323 261 1358 creatae
275 1322 397 1359 liberaliter
412 1333 426 1359 a
439 1324 484 1359 Deo
500 1323 675 1369 superadditum,
691 1333 734 1368 quo
748 1323 825 1358 favore
839 1322 919 1359 filiatio

72 1374 184 1420 adoptiva,
198 1374 274 1420 utpote
286 1383 325 1420 per
337 1373 409 1410 solam
421 1374 519 1418 gratiam
531 1375 629 1410 creatam
641 1375 716 1419 quoad
729 1375 858 1410 essentialia
871 1374 919 1410 tan-

72 1427 121 1461 tum
132 1426 153 1461 et
164 1426 262 1472 instatu
272 1426 337 1470 quasi
349 1425 510 1461 rudimentario
523 1426 636 1467 exsistens
651 1426 680 1462 ad
692 1424 788 1461 idealem
797 1425 919 1474 'plenitudi-

70 1486 122 1526 nem
132 1478 153 1512 et
164 1476 327 1512 abundantiam
336 1477 472 1523 perducatur
485 1476 519 1522 (cf.
528 1486 549 1512 n.
558 1477 614 1514 4051)
627 1487 649 1521 α;
660 1476 697 1514 422
704 1476 733 1523 a).
745 1495 769 1502 -
778 1476 859 1514 Melius
871 1486 921 1522 gra-

54 1540 56 1553 =
71 1529 104 1565 tia
115 1528 257 1565 sanctificans
268 1528 289 1564 et
300 1528 396 1574 Spiritus
408 1527 538 1564 inhabitans
550 1528 706 1574 concipiuntur
716 1529 741 1564 ut
752 1537 824 1564 unum
836 1529 919 1565 donum

73 1580 147 1623 totale,
163 1580 254 1615 omuino
268 1579 424 1626 inseparabile,
442 1581 481 1615 sed
495 1581 617 1616 secundum
633 1580 720 1625 duplex,
738 1581 797 1625 quod
812 1581 917 1622 continet,

72 1631 206 1676 elementum
219 1631 329 1676 duplicem
341 1632 450 1676 praebens
460 1633 582 1676 aspectam.
596 1632 699 1678 Spectari
712 1633 772 1667 enim
784 1633 857 1678 potest
870 1633 918 1668 tam

72 1693 98 1719 ex
114 1683 177 1729 parte
194 1683 247 1718 doni
265 1682 333 1717 creati
350 1685 370 1718 et
387 1683 484 1718 absoluti
501 1692 568 1728 quam
585 1684 689 1728 exparte
709 1684 797 1719 termini
815 1685 915 1720 increati.

72 1736 99 1771 In
116 1736 156 1771 hoc
174 1735 231 1770 dono
249 1734 312 1770 totali
329 1735 386 1771 recte
404 1735 486 1771 dicitur
501 1735 600 1781 Spiritus
618 1736 714 1772 Sanctus
734 1734 918 1771 «nobilissimum

72 1786 206 1823 elementum
219 1787 240 1822 et
255 1785 388 1822 altissimum
401 1786 518 1831 fastigium
532 1787 621 1823 nostrae
635 1787 800 1824 iustificationis
816 1789 837 1823 et
851 1789 926 1834 adop-¹

71 1838 145 1881 tionis,
164 1838 198 1873 ita
215 1839 240 1873 ut
256 1838 303 1873 tota
320 1838 426 1883 perfectio
444 1838 533 1874 nostrae
552 1838 735 1874 sanctificationis
754 1839 825 1875 multo
843 1840 916 1884 magis

72 1890 180 1935 appareat
192 1890 292 1935 exparte
304 1889 402 1934 Spiritus
415 1890 492 1927 Sancti
504 1890 658 1932 inhabitantis,
672 1892 741 1935 quam
753 1901 779 1927 ex
791 1892 854 1937 parte
868 1900 918 1936 gra-

71 1942 115 1978 tiae
132 1941 238 1978 creatae»
258 1942 283 1987 (P
299 1940 379 1985 116763
395 1942 422 1977 ci.
441 1943 460 1977 V
475 1942 512 1978 342
527 1943 548 1978 et
564 1943 609 1977 duo
625 1943 711 1979 scholia
727 1943 749 1979 II
766 1942 876 1990 tilii—684).
894 1962 918 1969 -

73 1994 182 2036 Suarez,
197 1993 282 2037 Protea.
298 1993 316 2035 3,
330 1993 349 2036 3,
364 1993 388 2030 12
404 1994 429 2039 (P
445 1993 523 2041 11675)
538 1995 622 2040 profert
637 1995 786 2040 exemplum
800 1996 918 2031 beatitu-

72 2045 154 2088 dinis‚
174 2045 200 2080 in
217 2054 262 2089 qua
280 2044 382 2081 similiter
400 2045 514 2081 invenitur
532 2047 616 2082 donum
634 2047 781 2092 compositum
800 2056 826 2083 ex
845 2047 918 2092 forma

71 2096 161 2131 interna
176 2096 268 2132 luminis
284 2096 368 2141 gloriae
385 2097 407 2132 et
425 2097 518 2132 termino
535 2099 624 2133 externo
641 2099 750 2134 essentiae
768 2099 863 2136 divinae.

72 2295 201 2337 SGHOLIA
213 2297 252 2336 DE
265 2296 344 2337 ALIIS
357 2297 449 2338 DONIS
463 2298 596 2338 GRATIAE
610 2299 742 2339 GRATUM
755 2299 916 2339 FACIENTIS

71 2431 126 2474 456.
156 2432 306 2477 Scholium
327 2434 348 2477 l.
369 2431 405 2473 De
421 2432 546 2474 virtutibus
563 2433 691 2475 moralibus
707 2433 801 2475 inlusis.

132 2548 150 2583 P
164 2548 217 2583 vui
230 2557 262 2593 pr.
278 2546 295 2583 2.
310 2566 334 2572 -
346 2547 394 2582 uer.
409 2545 451 2582 rea
466 2534 578 2592 -louzz,
594 2548 648 2583 virt.
664 2557 685 2583 11.
702 2547 777 2584 ris-57.
793 2567 817 2573 -
832 2548 915 2590 aena,

70 2597 131 2633 Grai,
153 2607 174 2634 n.
195 2598 237 2635 202.
258 2618 281 2624 -
297 2598 370 2641 Billot‚
392 2598 446 2634 Virt.
468 2598 498 2635 th.
520 2600 537 2635 2.
556 2619 580 2624 —
600 2600 648 2635 Van
668 2600 707 2634 der
725 2600 832 2643 Meersch,
854 2601 914 2636 Grat.

71 2657 91 2683 n.
111 2648 211 2686 231-233.
474 2657 476 2663 ⁴

140 2728 285 2771 Sententiae.
303 2728 472 2771 Exsistentiam
488 2731 575 2772 horum
591 2730 718 2772 habituum
735 2732 840 2782 negant
855 2733 916 2772 Hen-

71 2793 134 2833 ricus
147 2794 317 2843 (landavensis,
332 2794 468 2843 liprandus,
483 2795 574 2844 Scarus,
589 2796 659 2836 multi
672 2796 787 2837 Scotlsfae
801 2797 824 2838 et
836 2797 917 2837 Nomi

71 2856 144 2906 noles,
162 2858 315 2899 affirmant
330 2859 504 2907 bonaventura,
523 2858 634 2907 Thomas,
654 2858 797 2907 Themistae,
816 2862 917 2901 Iesutfae

72 2919 120 2961 fere
134 2933 223 2963 omnes.
240 2922 319 2970 Pauci,
336 2922 397 2962 inter
412 2933 472 2972 quos
487 2924 614 2974 Capreolus
630 2924 652 2965 et
667 2925 772 2973 Medina,
790 2925 917 2976 negantem
