2214 3350
311 226 423 263 scholium
436 226 453 262 2.
469 227 499 261 De
513 215 764 261 condicionibus'meriti
926 223 965 261 585
986 205 988 209 ὗ

115 334 243 375 dentalia
258 335 323 386 (Lala.
343 335 402 385 348).
415 360 447 365 —-
458 336 478 374 4.
490 333 564 373 Actus
572 331 695 374 ordinatus
710 330 733 373 in
750 332 890 385 obsequium
906 330 960 378 Dei;

117 409 182 439 secus
198 411 213 439 a
227 400 275 440 Deo
291 400 375 450 nequit
387 399 450 449 exigi
465 397 608 449 praemium.
632 395 695 436 Haec
718 407 772 436 vero
796 395 915 436 ordinatio
934 396 962 435 in

115 458 181 504 omni
194 470 248 503 acta
261 454 358 504 nonesto
372 464 395 504 et
407 463 485 514 quoad
498 461 658 502 moralitatem
672 460 746 501 libero
760 460 856 502 videtur
870 472 895 500 eo
908 461 964 511 ipro-

115 527 206 568 haheri.
226 528 298 569 Actus
314 527 378 568 enim
396 527 463 576 liber,
484 526 525 578 qui
543 524 610 566 nullo
628 525 700 565 modo
716 524 818 565 refertur
837 526 867 565 ad
885 525 962 565 tinem

115 591 236 638 ultimum,
255 591 338 632 saltem
356 591 489 632 naturalem
515 591 554 642 (ct.
573 601 597 630 n.
616 588 693 638 1298),
718 599 767 628 non
790 589 825 629 est
848 589 965 629 honestus-

115 666 192 706 neque
207 654 348 695 ordinabilis
364 655 484 696 adfinem
499 654 614 695 ultimum
631 652 838 702 supernaturalem
846 653 862 691 1.
878 678 910 683 —
925 652 962 691 Mt

114 722 135 767 6,
152 722 176 759 1;
197 719 341 768 «Attendite,
359 731 388 760 ne
403 719 518 760 iustitiam
533 718 637 760 vestram
653 716 748 758 faciatis
763 727 844 777 coram
859 716 964 757 homini-

114 784 166 832 bus,
177 784 203 825 ut
213 784 342 824 videamini
354 785 383 825 ah
394 785 435 832 eis;
447 783 554 834 alioquin
562 783 697 824 mercedem
708 792 755 822 non
766 778 887 822 habebitis
896 780 961 832 apud

115 847 210 889 Patrem
224 848 336 897 vestrum,
353 849 394 899 qui
408 849 433 888 in
447 848 519 889 caelis
532 848 593 888 est.»
608 873 640 878 -
654 850 707 896 632:
727 846 887 897 «receperunt
900 855 961 885 mer-

116 913 196 954 cedem
210 924 306 953 suam».
319 937 350 942 -
361 916 381 953 5.
395 913 467 953 Actus
479 912 674 965 supernaturalis,
690 912 705 951 i.
720 922 739 951 e.
755 910 806 961 ipse
820 910 888 952 actus
900 910 965 951 liber

115 977 275 1018 voluntatis
299 977 344 1029 (vel
364 976 430 1018 actus
451 975 619 1017 intellectus
640 988 655 1016 a
675 975 797 1016 voluntate
820 973 963 1025 imperatus,

114 1054 137 1081 v.
152 1052 173 1091 g.
188 1041 255 1084 actus
268 1041 334 1092 fidei)
351 1041 419 1081 debet
432 1051 482 1081 esse
496 1041 617 1080 caritativa
632 1039 806 1090 ersirroplr'aa'ter
820 1039 964 1090 supernata¹>

115 1104 180 1153 ralis;
197 1105 264 1145 aetus
283 1105 419 1144 externus
443 1104 512 1144 dehet
528 1116 543 1143 a
559 1103 601 1143 tali
618 1105 672 1144 actu
689 1103 819 1144 voluntatis
837 1103 958 1153 imperari.

116 1169 176 1209 Nam
189 1168 256 1208 actus
269 1168 405 1208 meritorius
417 1167 453 1207 est
465 1166 532 1207 actus
545 1167 656 1207 salutaris
670 1167 693 1207 et
706 1167 813 1207 eiusdem
827 1166 920 1207 ordinis
933 1178 960 1207 ac

116 1232 249 1282 praemium
264 1231 364 1271 visionis
375 1230 499 1270 beatificae
516 1231 547 1280 (v.
563 1230 596 1270 th.
613 1231 657 1279 10).
672 1256 704 1261 -
716 1234 736 1270 6.
752 1230 826 1271 Actus
837 1242 867 1271 ex
881 1229 964 1281 gratia

95 1291 97 1297 ’
116 1293 227 1335 effective
243 1293 382 1347 procedens.
401 1294 456 1334 Sola
472 1294 537 1333 enim
553 1293 701 1344 diqnlslcalr'o
716 1305 832 1344 personae
848 1294 961 1334 merentis

115 1357 272 1409 pergratiam
286 1357 474 1398 sanct'tioantem
488 1358 619 1398 tontibus
632 1368 680 1398 non
692 1358 807 1399 satisfacit
823 1360 855 1410 (n.
870 1361 911 1399 300
925 1359 959 1408 b).

116 1421 224 1461 Christus
245 1421 314 1461 iustis
335 1421 421 1472 iugiter
442 1422 555 1461 virtutem
575 1421 659 1469 influit
681 1422 712 1462 ad
732 1422 854 1471 operanda
877 1420 965 1462 merita.

118 1486 206 1537 (Trid.
220 1497 238 1526 s.
253 1489 328 1536 ceap.
344 1488 377 1533 163
392 1487 415 1526 lo
429 1486 473 1536 15).
488 1485 565 1533 Quare
577 1485 643 1526 actus
655 1485 789 1526 meritorios
801 1498 830 1526 ea
842 1487 961 1537 principio

115 1551 292 1600 supernaturali
313 1550 398 1602 [gratia
418 1550 588 1598 sanctificante,
610 1550 698 1591 virtute
718 1550 806 1600 intusa,
828 1550 906 1602 gratia
924 1562 965 1591 ac-

115 1615 183 1666 tuali)
203 1615 328 1665 procedere
346 1626 439 1656 necesse
457 1615 498 1655 est.
521 1641 553 1646 -
575 1615 740 1664 Quaeritur,
764 1612 878 1666 quando
902 1616 960 1656 haec

115 1679 235 1730 principia
249 1679 440 1730 supernaturalia
454 1681 479 1719 in
495 1678 644 1720 efficiendum
660 1679 739 1720 actum
754 1679 895 1720 influant.
912 1680 963 1720 Hoc

114 1743 165 1784 loco
182 1744 286 1785 occurrit
300 1744 404 1784 maxime
422 1743 465 1784 illa
481 1743 613 1794 quaestio
628 1743 757 1795 practica
775 1744 825 1785 sive
841 1745 964 1785 moralis

116 1808 144 1849 de
161 1807 308 1849 necessitate
323 1808 404 1849 motivi
421 1807 616 1860 supernaturalis,
635 1819 708 1858 quam
726 1820 750 1848 n.
770 1811 811 1850 304
829 1808 961 1850 transmisi-

114 1884 176 1913 mus.
190 1897 222 1903 —-
234 1872 298 1913 Deus
311 1871 461 1913 condiciones
474 1871 554 1913 meriti
568 1872 757 1924 supernaturalis
770 1873 844 1914 libere
859 1873 961 1914 statuere

115 1937 198 1987 potuit.
211 1938 273 1987 Ergo
285 1936 362 1987 potuit
373 1936 444 1977 etiam
456 1937 517 1977 hanc
530 1936 606 1988 legem
619 1936 689 1986 ferre,
702 1938 729 1978 ut
740 1936 860 1989 principia
871 1938 961 1989 gratiae

115 2000 229 2041 elevantis
246 2012 293 2040 non
309 2000 415 2042 influant
432 2001 458 2041 in
476 2001 555 2041 actum
572 2001 664 2042 bonum
683 2002 705 2042 et
723 2003 893 2052 consequenter
912 2014 961 2042 non

115 2064 228 2105 efficiatur
247 2065 313 2106 actus
332 2065 453 2106 entitative
471 2064 661 2116 supernaturalis
680 2066 702 2107 et
720 2067 829 2114 praemio
848 2076 964 2118 superna-1

115 2128 186 2169 turali
204 2128 298 2179 dignus,
315 2129 363 2169 nisi
380 2129 422 2169 iste
439 2128 505 2170 actus
522 2131 634 2180 procedat
651 2142 683 2171 ex
699 2130 807 2171 motivo
824 2141 961 2182 superna-

115 2192 215 2242 turali,
228 2205 257 2234 ex
267 2193 364 2242 motivo,
377 2194 403 2234 ut
412 2194 502 2243 dicunt,
515 2194 597 2244 fidei,
611 2196 626 2235 i.
639 2206 660 2235 e.
673 2206 702 2235 ex
711 2193 854 2237 revelatione
866 2195 961 2245 hausto,

114 2258 152 2298 vel
170 2259 269 2309 insuper
286 2269 314 2298 ex
333 2258 421 2299 motivo
440 2258 572 2300 caritatis
589 2258 741 2309 theologicae.
762 2261 795 2301 De
814 2259 959 2311 quaestione,

115 2332 145 2362 an
160 2322 224 2361 Deus
240 2333 290 2363 rem
306 2322 335 2362 de
351 2322 412 2363 tacto
426 2322 460 2363 ita
474 2321 604 2364 instituerit
619 2323 643 2363 et
657 2324 715 2374 quid
732 2322 818 2365 sentiat
833 2324 877 2365 hac
893 2325 920 2365 in
936 2336 961 2365 re

116 2385 139 2425 S.
157 2386 288 2434 Thomas,
306 2385 399 2425 ultimis
415 2386 536 2426 decenniis
550 2386 637 2426 acriter
653 2385 801 2436 disputatum
817 2387 859 2427 est.

115 2531 169 2574 725.
203 2532 332 2577 Theologi
352 2533 483 2569 ultimorum
505 2534 645 2570 saeculorum
667 2534 790 2579 generatim
812 2536 981 2570 necessita-2

114 2587 166 2621 tem
180 2585 258 2620 motivi
273 2585 325 2621 fidei
341 2586 361 2621 et
377 2586 478 2623 caritatis
495 2587 540 2623 sive
562 2589 648 2623 bonae
670 2586 836 2623 intentionis
857 2588 882 2624 in
905 2597 961 2634 opus

115 2638 190 2683 aliquo
205 2639 271 2674 modo
287 2639 401 2675 influentis
416 2639 585 2677 asserebant.
605 2640 780 2677 Controversiam
798 2640 824 2677 in
840 2641 960 2678 Germania

115 2692 218 2728 excitavit
232 2692 273 2728 Iul.
289 2692 467 2728 Mullendortl
481 2694 502 2730 S.
518 2693 544 2737 J.,
559 2694 596 2739 qui
610 2694 675 2730 ZkTh
688 2693 700 2730 9
714 2693 778 2739 (1885)
795 2693 852 2731 1-le
866 2695 963 2731 aot-240

114 2745 208 2782 423-471
225 2747 251 2782 de
266 2747 406 2782 ordinatione
423 2756 515 2793 operiam
530 2749 555 2784 in
569 2749 641 2785 Deum
657 2756 776 2792 eorumque
791 2750 870 2785 merito
885 2759 962 2785 secun—

176 2871 184 2891 1
199 2870 325 2906 Sententias
339 2870 571 2908 scholasticorum
583 2882 602 2908 v.
618 2872 679 2917 apud
690 2872 735 2908 Art.
751 2872 900 2916 Landgraf,
916 2875 960 2909 Das

116 2919 195 2953 Weaen
208 2917 246 2952 der
258 2917 377 2953 lassltrhan
388 2919 462 2954 Sdnda
474 2919 499 2953 in
512 2919 549 2955 dar
561 2919 686 2956 scholastria
700 2920 732 2955 bis
746 2920 841 2956 Thomas
855 2930 872 2955 v.
888 2921 962 2965 Aquln

117 2965 235 3010 (Bamberg
250 2964 304 3011 1923)
320 2966 336 3001 Ι.
353 2966 398 3001 Teil
411 2966 421 3010 ἓ
434 2965 450 3002 3,
465 2966 505 3002 Die
518 2967 658 3010 notwendige
672 2967 823 3012 Hinordnung
837 2968 891 3004 aller
906 2969 961 3003 Akte

116 3012 218 3048 aureola
231 3015 259 3058 [p.
274 3011 370 3058 35-125).
