2214 3350
176 146 218 184 3352
257 148 311 184 sect.
329 149 368 184 III.
384 148 428 184 Art.
445 149 485 184 ΙΙΙ.
502 151 537 185 De.
548 148 667 206 amissione
682 148 703 184 et
718 149 838 192 augmento
851 148 951 185 iustitiae

179 254 236 296 465.
272 258 293 296 4.
309 255 469 306 Qualiticatio.
485 258 543 297 Pars
556 259 584 304 1³,
600 255 762 296 amissibilitas
776 256 879 297 iustitiae
892 257 918 297 in
931 267 1025 307 genere,

175 318 204 358 11
217 329 273 369 pars
286 322 315 367 2³,
331 319 427 360 amissio
440 330 567 370 peremne
582 324 604 358 et
618 318 695 358 solum
709 325 834 369 peecatum
847 320 954 369 mortale,
971 320 1027 361 sunt

176 382 288 422 deiide
303 382 436 423 delinita.
452 382 534 432 Quoad
549 382 643 431 singula
657 380 720 422 'dona
733 381 836 433 perna
851 382 1022 424 examinanda:

182 444 311 485 duritatem
325 446 348 486 et
360 446 558 486 inhabitationem
572 456 620 485 non
634 456 731 485 manere
746 445 797 486 sine
811 445 893 496 gratia,
909 444 965 487 licet
978 457 1027 486 nou

178 519 291 559 expresse
308 509 339 549 sit
354 508 490 555 definitum,
508 507 587 548 tamen
604 509 639 549 est
655 507 848 549 certissimum
865 510 893 550 et
904 508 1026 550 ordinario

181 571 320 622 magisterio
339 571 442 612 docetur.
464 570 513 611 Etsi
533 582 581 610 non
601 571 631 611 sit
650 570 742 611 certum
762 572 860 611 virtutes
881 573 991 612 11111111
1003 573 1027 613 11

177 634 285 676 1111118.
303 635 406 685 Spiritus
423 645 472 675 esse
488 633 585 674 habitus
600 634 699 682 infusos,
718 635 825 675 eertum
842 635 922 675 tamen
939 635 974 675 est
990 647 1024 684 ea,

177 698 202 737 si
218 697 273 737 1111
286 696 383 738 habitus
398 695 596 748 supernaturales,
613 707 661 737 non
675 697 780 747 relinqui
795 697 934 738 abscedente
950 697 1028 749 gratia

177 760 205 800 <et
222 759 327 808 caritate,
345 761 409 811 quod
426 758 522 800 ridetur
539 759 661 800 moraliter
678 759 769 800 eertum
788 770 837 800 esse
856 759 928 800 etiam
947 761 1027 811 quoad

178 834 221 863 eos
241 822 337 863 habitus
356 822 472 863 virtutum
492 822 627 871 moralium,
650 822 678 863 de
698 822 787 873 quibus
806 822 896 864 veteres
915 823 1027 863 nonnulli

182 886 331 927 dubitabant¹
351 911 382 916 —
399 886 483 925 Fidem
501 885 607 935 litiosam
626 896 673 925 non
692 885 799 936 quolibet
817 885 911 935 peccato
930 885 1027 927 mortali

177 948 233 989 'tolli
258 948 293 989 est
317 948 472 989 definitum
498 948 579 1004 (quam
603 948 744 1003 certumsit
761 959 814 989 eam
832 960 881 989 esse
899 949 1027 999 physicum

177 1011 300 1059 habitum,
317 1024 339 1052 v.
356 1022 379 1050 n.
396 1011 485 1061 stass).
502 1012 561 1051 Eam
577 1010 718 1052 infidelitate
736 1011 824 1052 destrui
841 1012 924 1053 saltem
941 1022 1027 1063 suppo-

177 1073 249 1114 nitur
265 1073 388 1124 obiterque
406 1074 494 1115 dicitur
511 1072 525 1113 a
541 1073 682 1115 Tridentino
699 1074 722 1115 et
739 1074 811 1115 etiam
828 1074 925 1125 propter
941 1076 1026 1115 unani-

181 1147 246 1177 mem
264 1136 428 1188 theologorum
446 1136 579 1177 doctrinam
597 1137 631 1177 est
648 1137 766 1177 certum.
786 1136 845 1178 Item
864 1148 892 1178 ex
910 1148 1026 1178 consensu

177 1198 347 1250 ‘theologorum
362 1199 452 1239 certum
467 1200 502 1240 est
516 1210 583 1250 spem
597 1211 645 1240 non
659 1199 746 1249 expelli
761 1200 807 1240 nisi
822 1200 923 1251 peccetis
938 1201 1026 1241 directe

177 1263 233 1313 spei
252 1263 289 1303 vel
310 1262 369 1303 fidei
388 1262 510 1313 oppositis.
532 1262 645 1314 Reliquae
666 1262 794 1304 sententiae
815 1263 838 1304 et
858 1263 1027 1314 explicationes

177 1325 239 1365 :sunt
254 1325 363 1365 liberae
380 1325 403 1365 et
419 1324 475 1375 plus
490 1324 598 1364 minusve
615 1324 757 1373 probabiles.

176 1456 237 1496 466.
280 1455 368 1500 Proh.
400 1456 427 1495 Α.
446 1454 540 1496 11111111
557 1454 580 1496 iu
597 1456 736 1508 perpetuum
754 1455 831 1497 1111111
847 1456 936 1508 potest.

251 1541 270 1582 1.
287 1532 401 1583 Ecclesia
426 1540 588 1581 'tridentinum
603 1553 623 1582 s.
642 1541 656 1581 6
673 1532 735 1593 cup(
746 1542 774 1581 12
792 1542 834 1593 (Dr
851 1543 900 1593 805)
919 1541 1025 1590 damnat,

184 1605 266 1656 «quod
281 1604 425 1645 iust'ficatus
438 1604 481 1644 aut
494 1604 599 1654 amplius
611 1615 708 1660 peecare
724 1599 772 1644 non
787 1604 862 1654 possit
875 1604 922 1653 aut,
940 1605 960 1644 si
975 1615 1027 1654 pec-

176 1667 277 1715 caverit,
303 1666 391 1708 certam
416 1667 462 1707 sibi
487 1667 674 1717 resipiscentiam
698 1666 835 1718 promittere
860 1665 971 1723 debeata.
996 1692 1028 1698 -

177 1741 233 1781 cap.
246 1732 272 1770 13
285 1730 327 1782 (Dr
337 1729 401 1779 806).-
418 1747 428 1766 «
435 1730 470 1770 De
480 1731 668 1779 perseverantiae
680 1740 817 1770 munere...
830 1741 901 1771 nemo
911 1729 957 1770 sibi
969 1729 1019 1771 cert

177 1792 274 1844 aliquid
291 1792 400 1833 absoluta
415 1791 556 1833 certitudine
572 1792 719 1843 polliceatur.
729 1810 738 1829 »
756 1818 787 1823 —
802 1803 852 1843 cap.
871 1794 897 1834 14
911 1794 958 1845 ,lDz
974 1792 1024 1843 807)

178 1855 297 1911 supponit
311 1855 391 1906 lapsos
406 1856 435 1895 ab
452 1856 548 1905 accepta
564 1854 741 1896 iustificationis
757 1855 840 1904 gratia
858 1855 915 1896 item
932 1854 981 1896 tota
997 1855 1026 1896 de

126 1970 128 1974 ἲ
182 1917 328 1969 poenitentia
351 1918 459 1959 doctrina
482 1929 500 1957 s.
520 1920 553 1965 14,
571 1930 593 1958 v.
612 1929 634 1967 g.
654 1929 704 1968 cap,
725 1922 736 1958 1
756 1918 803 1968 (Du
821 1918 880 1968 894).
903 1944 935 1949 -
959 1918 1027 1960 Clare

177 1981 337 2022 definitores.
358 1981 372 2021 6
392 1991 443 2022 can.
465 1981 495 2021 23
516 1981 558 2031 (Dr
577 1982 640 2031 833):
663 1981 741 2022 Semel
760 1980 903 2022 iustificatos
922 1982 1026 2032 amplius

181 2054 278 2095 peecare
291 2049 313 2083 et
324 2044 427 2094 prolium
439 2044 546 2083 amittere
558 2043 640 2093 potest.
654 2044 735 2084 Potuit
746 2055 796 2085 esse
807 2056 861 2085 vere
874 2044 1025 2094 iustificatus,

182 2109 225 2159 qui
240 2108 321 2159 postea
337 2107 427 2148 labitur
442 2108 466 2148 11
481 2106 568 2157 peccat.
591 2133 622 2138 —
645 2107 680 2147 df.
705 2106 875 2155 viennense,
898 2108 950 2148 Ε11.
969 2108 1025 2158 Bep.

183 2175 195 2212 1
208 2172 232 2212 et
244 2175 257 2212 2
273 2172 315 2223 (ΒΖ
328 2171 405 2221 4711).
419 2196 451 2201 -
465 2170 650 2210 Innocentius
663 2170 701 2217 XI,
717 2170 769 2209 Ε11.
784 2170 886 2210 Melinos
899 2172 927 2211 52
941 2173 966 2211 61
985 2169 1027 2222 [Dr

184 2236 238 2274 1272
253 2234 324 2284 1281).
339 2259 371 2264 —-
385 2233 514 2274 Clemens
527 2233 565 2281 XI,
581 2233 633 2273 Etr.
650 2232 771 2280 Quosnettt
785 2235 811 2273 43
827 2233 869 2284 (Dz
884 2233 956 2284 1393).

178 2358 238 2399 417.
274 2357 305 2399 11.
319 2357 440 2410 Scriptura
452 2369 520 2408 saepe
532 2357 599 2398 docet
610 2357 700 2410 iustum
712 2367 780 2408 posse
792 2356 899 2398 amittere
911 2357 1028 2398 iustitiam

183 2422 358 2472 reprobumque
374 2421 435 2461 lieri.
451 2420 528 2462 Ezecb
543 2420 580 2468 33,
599 2420 656 2461 lis:
673 2437 684 2456 «
692 2420 771 2461 Iustus
785 2431 833 2461 non
848 2420 934 2471 poterit
947 2420 1027 2462 vivere

179 2485 209 2524 vin
223 2484 313 2525 iustitia
328 2496 378 2531 sua,
394 2484 419 2523 in
435 2494 576 2534 quacunque
592 2483 629 2524 die
644 2482 802 2534 peccaverit.»
821 2484 846 2524 Si
862 2483 987 2523 «confisus
1001 2482 1028 2522 in

178 2547 274 2588 iustitia
290 2559 332 2587 sua
349 2547 431 2588 iecerit
447 2545 604 2597 iniquitatem,
624 2557 707 2587 omnes
723 2545 826 2587 iustitiae
844 2546 894 2586 1111
912 2545 1027 2587 oblivioni

183 2610 314 2659 tradentur,
338 2611 361 2652 et
383 2612 408 2650 in
430 2610 555 2659 iniquitate
578 2620 663 2650 sua...
688 2608 830 2649 morietur».
853 2634 884 2639 -—
906 2607 966 2655 Rom
990 2608 1026 2655 11,

185 2674 286 2715 19-23:
303 2674 372 2714 Rami
389 2673 465 2714 olivae
482 2672 550 2713 fracti
569 2671 630 2712 sunt.
649 2675 688 2712 22:
718 2689 728 2707 r<
736 2671 795 2713 Vide
818 2682 873 2721 ergo
897 2671 1028 2712 bonitatem

178 2736 206 2777 11
218 2736 366 2777 severitatem
379 2737 430 2784 Dei,
445 2737 470 2775 11
484 2747 523 2776 eos
536 2735 640 2788 quidem,
655 2735 697 2786 qui
711 2733 853 2781 oeciderunt,
870 2733 1026 2782 severitatem

183 2801 209 2840 11
222 2799 243 2840 te
256 2799 335 2839 autem
347 2799 477 2840 bonitatem
488 2798 539 2846 Dei,
553 2798 572 2838 si
585 2797 744 2848 permanseris
757 2798 783 2837 in
794 2797 907 2845 bonitate,
920 2796 1028 2847 alioquin

178 2863 207 2903 11
224 2862 249 2903 11
266 2861 407 2901 excideris.»
426 2887 458 2892 -
475 2861 509 2901 Gi.
529 2861 637 2901 monita
653 2862 684 2901 ad
702 2859 798 2901 Galatas
816 2861 846 2912 (v.
865 2871 887 2909 g.
906 2862 927 2908 5,
946 2859 977 2910 4),
997 2860 1028 2900 ad

179 2926 304 2966 ,Hebraeos
323 2925 353 2975 (1.
371 2936 394 2974 g.
413 2927 433 2972 6,
454 2923 528 2973 4-8),
548 2923 573 2962 11
591 2923 640 2973 Ape
661 2924 691 2975 (v.
711 2935 733 2973 g.
752 2925 773 2971 3,
793 2926 830 2963 11;
855 2922 943 2971 «Tene,
963 2923 1028 2973 quod
