2214 3350
146 183 183 220 530
353 184 408 220 sect.
427 183 462 219 VI.
480 184 512 220 De
528 183 685 220 distributione
702 182 788 228 gratiae

70 281 72 283 ’
145 292 242 343 proprie
255 273 324 341 dicta,
340 291 447 342 interior,
465 292 606 344 beneplaciti
621 293 661 345 (ci.
676 294 695 333 P
708 292 729 333 II
742 302 779 343 pr.
794 292 839 344 48).
856 290 897 332 Est
910 291 994 332 volun-

108 366 109 370 *
146 355 182 396 tes
195 355 256 395 serta
268 354 404 406 et'sincere3
418 367 466 396 non
479 366 522 406 per
534 356 633 396 modurn
647 353 764 405 simplicis
777 354 880 396 effecius
890 354 994 406 compla-

145 418 236 459 centiae
259 417 369 459 versatur
386 419 449 459 circa
464 418 567 460 salutem
590 416 826 459 hominis-absolute
850 415 992 459 considerati

148 481 224 532 (mora
243 481 370 532 venetias),
388 483 429 523 sed
444 493 486 533 per
500 481 600 522 modum
620 480 716 521 solliciti
734 480 848 522 desiderii
869 480 946 522 tendit
966 481 993 520 in

146 544 247 585 salutem
265 544 372 585 hominis
389 546 433 585 sub
451 543 566 585 concretis
582 543 714 594 praesentis
731 542 793 584 vitae
811 542 992 584 condicionibus

146 606 288 649 exsistentis.
304 608 358 648 Non
372 608 407 649 est
420 606 517 648 omnino
532 605 627 656 sterilis,
642 606 684 648 sed
698 617 803 657 operosa,
819 605 922 656 actuosa,
939 605 954 646 i.
970 617 1001 646 es

146 670 286 712 sufficientia
303 670 407 721 praestat
425 668 502 710 medie
523 668 613 709 salutis.
639 695 672 701 —
696 669 731 710 Ex
755 668 831 710 altera
849 669 992 720 parte-naec

146 733 258 774 voluntas
271 733 314 774 Dei
328 734 364 774 est
377 733 547 781 condicionum,
561 743 610 773 non
625 732 741 781 absoluta
757 743 814 773 nam
830 732 912 773 utrum
928 732 993 773 selus

146 807 160 852 a
170 796 219 837 Deo
229 796 302 838 volita
312 795 383 836 etiem
394 806 474 846 reapse
485 794 622 835 conferatur
631 806 712 844 necne,
724 796 813 846 pendet
823 807 853 836 ex
862 807 897 843 eo,
910 794 992 836 utrum

145 870 160 899 a
177 859 285 900 creatura
300 858 374 899 libare
391 857 524 908 acceptetur
542 869 573 898 an
590 858 719 899 recusetur.
738 858 799 899 Hinc
814 858 904 900 dicitnr
920 858 992 900 etiam

145 921 256 962 voluntas
269 921 416 969 antecedens,
432 931 479 961 non
494 931 648 971 consequens.
665 922 732 972 Quae
743 922 774 963 sit
787 920 902 971 condicio,
919 931 993 971 quam

144 984 269 1035 impletam
286 984 323 1024 vel
341 994 390 1024 non
407 983 531 1035 impletam
549 983 673 1025 antecedet
688 984 799 1025 voluntas
816 983 925 1025 salvifica
939 982 992 1024 uni-

144 1046 250 1094 versalis,
267 1046 426 1097 consequatur
439 1045 550 1087 voluntas
563 1046 673 1088 absoluta
688 1048 782 1088 salvans
796 1047 839 1088 aut
853 1048 991 1099 reprobans,

144 1121 174 1150 ex
185 1110 246 1151 thesi
258 1109 342 1151 elucet:
355 1110 437 1151 utrum
446 1109 503 1151 ante
516 1108 592 1150 finem
605 1110 682 1151 status
692 1110 743 1152 viae
754 1110 836 1151 debita
847 1110 991 1161 poenitentia
1021 1164 1023 1168 y

145 1172 190 1212 fiat
202 1183 283 1213 necne.

207 1244 303 1281 Celebris
327 1243 441 1280 distinctio
465 1242 618 1279 voluntatis
644 1244 832 1280 antecedentis
856 1245 877 1281 et
901 1253 992 1280 conse·

144 1296 253 1340 quentis
265 1296 364 1341 primum
377 1295 486 1341 expressis
499 1296 573 1331 verbis
586 1295 672 1332 statuta
685 1297 717 1332 est
730 1306 744 1333 e
758 1298 778 1334 S.
792 1298 893 1333 Ioanne
907 1298 988 1339 Dein,

143 1348 175 1383 De
188 1348 233 1392 fide
247 1348 303 1384 ortt.
317 1348 336 1391 2,
350 1347 376 1384 29
390 1347 417 1394 (R
429 1346 498 1394 2358):
514 1348 584 1384 Nosse
597 1347 683 1393 oportet
703 1344 731 1391 ὠς
747 1344 758 1386 ὁ
777 1348 826 1391 θεὸς
842 1347 991 1395 προηγουμέ-

143 1412 191 1441 νως
211 1398 266 1435 θέλει
278 1398 363 1451 πάντας,
376 1400 502 1446 σωθῆναι..
516 1395 692 1444 ,Ἄμορτιὶνοντιις
711 1399 732 1436 δὲ
750 1399 806 1436 θέλει
824 1398 946 1445 κολάζεσθαι
964 1395 992 1442 ὦς

144 1450 226 1493 δίκαιος.
239 1450 324 1496 Λέγεται
338 1453 374 1487 οὐν
387 1449 410 1488 ro'
423 1450 459 1496 μὲν
472 1451 552 1495 πρῶτον
564 1449 752 1497 προηγούμενον
767 1450 896 1499 θέλημαγκιιὶ
911 1448 991 1487 εὐδοκία

145 1501 333 1547 (beneplacitum),
359 1501 380 1544 ἐξ
397 1498 457 1539 alred
473 1497 503 1548 ὃν,
519 1500 542 1539 τὸ
563 1502 585 1539 δὲ
603 1501 696 1547 caiana
717 1498 841 1548 ἑπόμενον
861 1503 939 1549 θέλημα
957 1505 991 1539 καὶ

142 1550 284 1599 παραχώρησις
299 1553 433 1599 (permissio)
450 1552 472 1595 ἐξ
484 1550 580 1600 ᾗμετὲρσις
593 1554 663 1596 αἰτίας.
681 1573 703 1579 -
715 1555 764 1590 Iam
775 1554 928 1600 praeformata
941 1555 988 1590 erat

144 1604 200 1641 haec
214 1605 315 1640 doctrina
326 1613 341 1640 a
353 1605 375 1641 S.
390 1605 491 1641 Ioanne
503 1604 608 1650 Chrys„
623 1605 651 1641 In
663 1605 713 1650 Eplt
726 1606 783 1641 hom.
800 1605 809 1641 1
823 1614 845 1641 n.
860 1606 872 1642 2
887 1605 914 1650 (R
927 1604 990 1649 1202),
1058 1612 1060 1616 ’

143 1657 294 1702 distinguente
307 1656 385 1703 θέλημα
397 1653 476 1703 πρῶτον
491 1660 513 1695 et
527 1657 605 1704 θέλημα
619 1657 719 1702 δεύτερον.
730 1677 754 1684 *-
768 1657 875 1695 Similiter
888 1656 993 1695 Tertul-

142 1708 246 1752 lianus
261 1708 314 1745 Ado.
331 1709 399 1745 Marc.
415 1709 434 1751 2,
449 1708 471 1745 11
488 1709 576 1755 (Ochier
590 1709 619 1753 ΙΙ,
634 1708 665 1753 98;
681 1709 715 1745 CV
728 1708 758 1753 47,
773 1708 831 1754 350);
849 1710 903 1745 «Ita
916 1708 992 1755 prior

141 1760 231 1795 bonitas
249 1760 290 1796 Dei
309 1761 432 1796 secundum
450 1761 562 1804 naturam,
584 1759 691 1797 severitas
710 1760 847 1807 posterior
867 1762 989 1796 secundum

142 1820 242 1855 causam
260 1811 301 1847 illa
315 1812 423 1856 ingenita,
443 1812 497 1848 haec
516 1812 681 1848 accidens...»
699 1832 723 1838 -
741 1812 817 1849 Simile
837 1814 890 1857 quid
907 1812 991 1856 legitur

142 1863 204 1909 apud
218 1864 411 1908 angustinum,
426 1864 460 1900 De·
473 1864 525 1910 spir.
543 1866 563 1900 ct
578 1864 619 1901 litt.
636 1864 666 1908 33,
683 1865 706 1902 58
723 1864 758 1909 (ct.
776 1874 797 1901 n.
814 1864 865 1911 547).
882 1884 906 1890 —
920 1864 989 1899 Plura

143 1915 170 1950 de
181 1915 328 1952 divisionibus
341 1916 430 1952 divinae
442 1915 565 1952 voluntatis
576 1926 596 1952 v.
610 1918 629 1953 P
642 1918 664 1953 ΙΙ
677 1926 709 1962 pr.
723 1917 754 1960 483
767 1918 798 1953 De
811 1917 858 1954 San
870 1917 892 1953 Π
905 1926 926 1953 n.
942 1916 989 1957 iss:

142 1966 268 2011 Passaplla,
283 1968 313 2003 De
328 1967 449 2013 partitione
464 1968 553 2004 divinae
568 1968 697 2004 voluntatis.

143 2064 198 2105 667.
235 2065 259 2116 b)
276 2066 341 2106 Deus
356 2064 431 2115 igitur
443 2077 473 2106 ex
485 2066 531 2106 hac
543 2065 665 2107 voluntate
680 2065 788 2107 salvifica
803 2064 933 2106 universali
950 2066 990 2106 dat

143 2126 233 2177 gratias
250 2127 363 2168 omnibus
380 2127 469 2169 adultis
485 2128 658 2178 peccatoribus
675 2154 706 2161 -
723 2128 867 2177 omnibus,
886 2129 935 2179 qui,
954 2127 989 2169 uti

143 2202 187 2242 per
197 2202 221 2232 se
232 2191 303 2242 patet,
315 2192 395 2232 adhuc
405 2190 532 2231 versantur
541 2192 568 2230 ιἰι
579 2197 642 2231 statu
652 2191 704 2231 eloe
715 2191 764 2232 sive
773 2190 929 2241 probationis;
941 2192 990 2232 Deo

143 2254 231 2301 autern,
245 2264 341 2293 summo
351 2253 414 2294 ritae
426 2253 537 2304 necisque
548 2253 653 2302 domino,
668 2264 760 2305 semper
772 2253 885 2304 competit
897 2254 935 2295 ius
946 2265 988 2305 pro

143 2327 188 2357 sno
198 2316 269 2358 libitu
281 2316 420 2358 huicstatui
430 2316 505 2372 tinem
517 2316 666 2368 imponendi;
679 2317 719 2358 sed
731 2317 795 2358 hisce
807 2316 927 2366 omnibus,
941 2328 990 2357 non

143 2379 200 2420 solis
212 2379 395 2431 praedestinatis
406 2381 444 2420 vel
457 2378 579 2429 fidelibus
591 2405 624 2411 -
636 2379 755 2429 adul-tis,
770 2380 785 2420 i.
799 2392 820 2421 e.
834 2381 876 2431 qui
889 2381 920 2421 ad
934 2390 988 2421 eum

142 2456 215 2485 risum
225 2444 324 2485 racionis
336 2443 502 2495 pervenerunt,
514 2443 542 2484 ut
552 2443 576 2484 et
586 2443 683 2485 actuum
694 2443 836 2484 salutarium
846 2444 870 2484 et
879 2443 990 2494 gravium

142 2507 293 2559 peccatorum
307 2506 470 2559 personalium
485 2506 533 2547 sint
547 2516 645 2557 capaces
660 2507 698 2558 (de
708 2505 820 2558 ¹perculis
832 2518 854 2546 v.
871 2517 895 2546 n.
911 2508 950 2546 661
959 2504 989 2555 s);

141 2595 173 2601 —-
187 2570 389 2622 peccatoribus
404 2569 451 2611 sive
467 2569 493 2610 in
509 2568 571 2610 statu
586 2569 676 2620 peccati
688 2568 797 2609 mortalis
811 2568 990 2617 exsistentibus;

141 2659 173 2666 —-
186 2635 272 2676 etiarn
285 2633 438 2675 obduratis
450 2633 478 2674 et
491 2631 668 2673 infidelibus
681 2631 838 2683 negativis3
854 2642 914 2683 quas
929 2631 991 2671 duas

142 2698 292 2748 peccatorum
309 2697 396 2738 classes
413 2695 511 2748 propter
529 2695 644 2746 speciales
662 2694 811 2737 difficultates
830 2694 855 2735 in
874 2694 936 2736 thesi
954 2694 990 2735 di-

142 2760 226 2802 stincte
237 2760 386 2811 respicimus

213 2832 370 2874 Obduretio
391 2832 440 2873 sive
460 2829 589 2879 induratio,
610 2830 745 2880 obstinatio,
765 2831 902 2889 σκληρότης,
920 2831 992 2884 culp»

141 2894 266 2950 ροκαρὸἰα,
289 2897 399 2949 πώρωσις
418 2896 505 2949 (capos
529 2915 548 2930 =
577 2893 676 2945 callum)
702 2894 737 2935 est
758 2891 883 2944 dispositio
905 2892 991 2932 volun-

141 2958 205 3006 tatis,
223 2970 271 3010 qna
288 2958 343 3010 quis
360 2957 393 2999 ite
410 2958 517 2999 inhaeret
534 2958 605 3006 malo,
625 2963 652 2998 ut
668 2957 728 2997 nolit
745 2956 824 3008 redire
841 2956 872 2997 cd
891 2955 989 2995 tonum.
