2214 3350
93 204 95 209 ’
172 217 209 254 434
244 217 298 254 Sect.
313 218 337 253 V.
351 217 397 252 Art.
412 218 429 252 Ι.
444 217 550 253 Doctrina
562 216 620 253 cath.
635 217 662 252 de
675 215 731 261 grat.
745 214 813 251 suffic.
828 215 849 250 et
862 214 945 251 efficaci

172 316 313 376 simpliciter
334 324 491 366 tribuendum
507 325 549 373 est,
565 325 593 365 ut
608 323 681 379 homo
702 322 826 371 perveniat
846 323 876 363 ad
891 321 1017 363 iustitiam

169 388 237 436 fidei,
256 399 306 428 non
322 399 378 429 vero
396 389 513 429 voluntati
531 393 553 427 ct
570 386 651 427 cursui
673 385 749 436 ipsius
772 385 878 426 hominis
904 385 932 436 (9,
953 385 1017 436 itis).

171 452 242 500 Deus,
262 450 324 491 sicut
340 462 370 491 ex
388 451 482 492 duobus
505 450 606 502 pernicis
630 449 701 500 plene
723 448 863 506 aequalibus
888 448 937 489 iam
962 448 1019 489 anic·

171 525 254 555 eorum
278 514 433 556 ‘nativitatem
460 513 581 554 liberrimo
611 512 711 552 consilio
736 513 800 552 hunc
830 509 958 553 destinavit
984 511 1017 552 ad

171 577 330 628 regnandum,
361 578 432 618 illum
464 578 494 618 ad
526 575 685 624 serviendum,
719 574 823 616 aiterum
853 575 927 626 igitur
958 586 1019 626 prae

172 640 245 681 altero
262 636 352 690 dilexit,
371 642 404 682 sic
421 640 491 681 etiam
508 641 534 680 in
551 635 740 689 ordineprotiue'
753 638 847 689 aliquos
863 637 965 689 gratuito
982 637 1017 679 ita

170 704 239 745 vocat
256 705 287 744 ad
304 704 404 754 salntem
421 702 571 751 messianam,
590 702 618 743 ut
633 701 750 743 vocationi
768 702 924 751 obsequentes
941 701 1016 742 iidem

147 782 149 784 ’
171 767 294 818 acceptent
309 767 332 808 et
346 765 513 815 iustificantur,
533 765 593 805 aiios
609 764 689 805 antem
707 765 740 805 sic
757 765 832 813 vocat,
849 765 876 806 ut
891 764 1016 806 vocantem

171 830 292 880 respuant.
309 830 386 878 Quare
401 839 469 870 vasa
483 828 711 876 misericordiae,
728 839 788 879 quae
804 828 855 879 ipse
871 829 935 869 Deus
949 839 1016 879 prae-

171 893 265 943 pararit
277 894 307 933 ad
322 892 422 932 salutem
435 891 525 942 gratiae
538 891 562 933 et
575 891 671 942 gloriae,
687 891 813 941 specialem
825 891 850 931 in
864 884 895 931 iis
908 891 1017 942 benigni-

170 956 242 996 tatem
255 956 279 996 et
291 954 480 995 misericordiam
491 954 675 1003 manifestando,
690 953 932 995 discriminantur
944 952 1016 995 elec·
1034 1007 1036 1012 ¹

170 1018 246 1058 tione
258 1018 285 1058 et
296 1017 443 1069 proposito
455 1018 505 1058 Dei
517 1017 648 1058 vocantis
660 1030 674 1058 a
685 1017 763 1057 vasis
775 1018 845 1067 irae,
860 1029 920 1069 quac
931 1029 947 1058 a
956 1019 1014 1066 Deo,

170 1080 350 1132 denegata'ista
369 1080 465 1131 speciali
485 1080 655 1129 misericordia,
677 1080 854 1130 occasionaliter
874 1080 897 1123 et
915 1081 1016 1132 permis·

169 1143 218 1184 sire
232 1144 381 1183 obdurantur
394 1143 464 1194 atque
479 1143 511 1185 sic
526 1143 605 1194 aptata
619 1145 675 1185 sunt
685 1144 711 1183 in
724 1143 850 1192 interitum
864 1145 893 1196 (9,
909 1146 935 1185 18
949 1145 1012 1196 22s).

169 1207 273 1258 —Ergo
286 1207 350 1247 Deus
360 1206 397 1255 iis,
412 1218 514 1258 quornm
527 1206 579 1248 vult
592 1208 706 1255 misereri,
721 1208 819 1258 speciali
831 1208 1017 1258 praeditatione

169 1270 261 1310 confert
276 1270 421 1311 beneficium
438 1270 543 1321 efficacis
559 1270 688 1310 vocationis
704 1271 735 1311 ad
752 1270 853 1312 salutem
869 1270 935 1320 tidei⁷
950 1270 1014 1321 quod

169 1332 315 1380 beneficium
329 1333 461 1384 gratuitum
476 1332 530 1373 aliis
545 1332 653 1384 denegat.
1034 1332 1038 1336 ’

169 1457 224 1498 563,
261 1458 323 1498 Rom
340 1460 360 1506 8,
380 1460 477 1498 28-33:
500 1457 631 1507 Diligentes
648 1457 725 1498 Deum
745 1458 800 1499 sunt
823 1459 883 1500 nuri
899 1458 1017 1513 πρόθεσιν

168 1520 254 1575 κλητοί.
281 1520 329 1560 Hcs
351 1521 416 1561 Deus
437 1520 570 1571 praescivit,
595 1519 780 1570 praedestinavit
803 1521 937 1561 conformes
959 1520 1014 1561 iieri

140 1632 141 1636 Ἰ
168 1583 282 1634 imaginis
309 1583 364 1623 Filii
393 1582 438 1631 sui,
467 1583 566 1632 vocarit,
596 1582 742 1633 iustificavit,
770 1582 921 1635 glorificavit.
952 1584 1014 1625 Sunt

167 1646 273 1688 ἐκλεκτοὶ
292 1646 353 1688 θεοῦ
382 1647 421 1697 (ci.
440 1658 463 1687 n.
481 1646 540 1697 655).
559 1672 591 1677 -—
608 1648 660 1697 Eph
679 1650 699 1695 2,
720 1649 759 1688 10:
781 1648 809 1687 In
827 1647 910 1688 ordine
930 1647 1015 1688 salutis

168 1722 251 1752 sumus
270 1717 358 1770 ποίημα
375 1712 426 1759 Dei,
445 1710 516 1751 creati
533 1711 559 1751 in
578 1711 670 1752 Christo
688 1712 741 1751 Iesu
757 1712 787 1752 ad
804 1713 926 1762 operanda
942 1724 1013 1763 opero

169 1774 236 1823 bona,
260 1785 320 1825 quae
341 1774 406 1813 Dens
428 1779 496 1814 unico
516 1774 618 1825 parauit,
635 1774 703 1814 utin
718 1774 777 1824 ipsis
798 1774 951 1816 ambulemus
971 1775 1011 1826 (ci.
1083 1819 1084 1822 ,

167 1848 192 1877 n.
207 1837 252 1889 43).
267 1860 299 1868 -fl
313 1838 368 1877 Phil
383 1840 403 1885 i,
419 1839 444 1877 6:
461 1837 525 1878 Deus
539 1838 624 1888 incipit
639 1843 661 1877 et
674 1838 771 1889 perficit
785 1838 811 1878 in
826 1837 941 1879 iidelibus
953 1849 1014 1888 opus

167 1900 266 1941 bonum.
282 1926 313 1931 —
327 1904 348 1948 2,
367 1903 405 1941 13:
425 1900 462 1941 Ad
478 1901 656 1950 exsequendum
672 1911 743 1941 suurn
760 1902 892 1952 prationem
906 1902 1015 1953 proposi-

167 1969 219 2003 tam
234 1964 303 2017 (ὑπὲρ
325 1968 366 2018 τῆς
390 1963 504 2015 εὐδοκίας)
529 1963 594 2004 Deus
616 1963 739 2005 efficaciter
761 1971 873 2015 operatur
894 1965 921 2005 in
943 1966 1014 2006 nobis¹
1083 2003 1085 2006 .

167 2027 227 2067 veile
237 2032 262 2067 ct
273 2027 367 2077 operari
380 2027 412 2078 (n.
427 2027 472 2078 42).

235 2112 296 2153 Nota
320 2112 359 2152 his
385 2111 489 2152 textibus
515 2112 608 2152 nullam
632 2112 734 2153 indicari
760 2113 923 2155 differentiam
951 2114 1014 2154 inter
1037 2118 1038 2121 ’

167 2186 240 2278 Zplelrlal
254 2174 362 2278 ssalcgssiora
378 2175 402 2215 et
417 2174 564 2225 difficiliora
578 2186 633 2226 ergo
649 2175 815 2216 universatim
831 2176 915 2224 ualere!
926 2187 1012 2227 suppo-

166 2361 221 2403 564.
257 2361 300 2403 111.
318 2354 403 2403 Patres
418 2362 481 2403 ante
497 2362 690 2413 Augustinurn
706 2362 767 2403 hanc
785 2362 918 2406 doctrinam
935 2366 1012 2416 magis

165 2426 268 2476 practice
280 2436 354 2477 qnam
365 2425 490 2466 theoretice
503 2426 623 2475 exhibent,
637 2438 664 2467 eo
677 2426 736 2475 scil„
750 2428 814 2479 quod
828 2427 915 2469 honam
928 2428 1012 2470 volun-

166 2489 245 2537 tatem,
263 2488 345 2537 iidem,
362 2488 492 2537 caritatem,
508 2488 615 2538 virtutes,
632 2489 696 2531 bona
710 2500 781 2539 opera
797 2503 812 2531 a
826 2492 874 2532 Deo
889 2491 1013 2542 postulant

165 2551 261 2602 Deoquc
273 2563 315 2603 pro
328 2552 413 2592 iisdem
423 2551 513 2603 gratias
523 2552 604 2602 agunt.
617 2553 861 2594 —Tertullianus
874 2556 905 2607 (v.
918 2566 942 2595 n.
956 2554 1006 2606 49):

167 2614 254 2663 Gratia,
267 2614 386 2665 potentior
395 2626 468 2665 quam
479 2615 571 2663 natura,
586 2616 715 2658 subiectam
728 2617 773 2659 sibi
784 2618 857 2659 habet
866 2619 937 2660 liberi
948 2618 1012 2660 arhi-

166 2677 206 2718 trii
222 2677 369 2727 potestatem.
386 2703 418 2708 --
434 2676 582 2729 Augustinus
607 2679 628 2730 a)
654 2678 845 2730 Simpliciano
870 2681 894 2733 (l.
915 2685 926 2722 1
945 2694 967 2733 q.
986 2682 1008 2733 2)

166 2739 325 2790 interpretans
335 2741 397 2781 Rom
410 2743 431 2788 9,
447 2741 555 2789 ili—291,
571 2741 674 2783 maxime
689 2754 718 2783 ex
730 2755 754 2784 v.
769 2746 796 2784 lc
811 2744 931 2795 cognouit:
948 2746 1011 2797 Apo-

228 2872 235 2893 1
253 2871 283 2907 Cf.
302 2872 335 2907 Tr.
352 2871 475 2914 Solqueirn
492 2873 523 2907 La
539 2871 637 2907 doctrine
653 2871 679 2907 de
694 2880 710 2906 s.
726 2869 839 2915 Augustin
853 2879 892 2905 sur
906 2869 931 2905 la
945 2871 1012 2914 grace

167 2916 261 2962 d‘apres
275 2917 295 2952 le
311 2917 411 2954 Traite'a
428 2917 556 2962 Simplicien
573 2916 725 2962 (Port01925),
743 2926 754 2952 e
777 2917 929 2953 Scholastica
946 2915 1009 2961 (1927)

164 2962 268 3055 {iz-8455&
284 2972 349 3008 porro
366 2963 413 2999 Cim
431 2965 455 2999 Ε.
472 2963 588 3006 natuerat,
611 2964 651 2999 Die
673 2962 743 2999 Lehre
763 2971 814 2997 vom
836 2963 907 2998 ireien
929 2962 1011 2999 Willen
