2214 3350
172 241 208 277 aba
328 276 331 296 y,
361 242 432 277 sectio
449 242 483 277 IV.
501 243 532 278 De
547 242 630 278 natura
645 241 731 286 gratiae
749 240 843 277 actualis

171 350 288 396 1111111111.
302 350 334 396 5);
349 350 490 395 «theotonice
502 352 586 386 certa».
599 369 623 375 —
633 351 713 386 Maza.
729 350 769 396 (pr.
783 350 794 386 8
806 359 826 386 n.
840 350 897 396 atam
910 349 1018 386 Fontibus

163 401 183 434 'a
191 401 264 445 maqis
277 402 433 447 consentanea,
447 403 542 439 tenenda
554 402 643 437 omnino
656 401 769 438 videtur».
783 421 806 427 -
817 403 901 438 Pesch
914 402 943 448 (n.
959 400 1014 446 ton:

172 453 279 499 Opposita
290 454 403 490 sententia
417 467 427 488 «
437 454 614 490 communissima
626 454 647 489 et
659 454 738 489 merito
751 463 765 489 a
777 452 886 499 theologis
899 452 990 489 reicitur
998 465 1017 497 »3

174 505 269 551 (comp.
283 506 324 542 111
343 515 365 542 n.
385 506 443 552 253):
465 506 579 542 «Plurimi
596 505 694 550 theologi
713 505 843 541 censent..
864 505 954 550 requiri.
965 519 974 538 »ι
995 525 1018 531 -

171 557 195 593 G.
214 566 267 593 van
283 556 367 593 Noort
386 560 425 605 (De
440 560 495 602 arat.
514 557 545 593 ed.
564 557 577 593 2
593 566 614 592 n.
633 557 678 603 39J:
693 558 783 593 '«...et
801 558 941 594 communius
959 557 1017 592 tene-

171 609 208 644 tur
225 618 239 644 a
254 609 366 655 theologis
382 610 404 646 et
422 608 557 645 documentis
581 609 736 657 ecclesiasticis
760 609 894 645 conformior
911 610 969 646 est».
995 628 1018 634 —

171 661 195 696 E.
211 661 308 706 Hugon
322 662 368 708 (11⁵
383 672 402 707 p.
421 661 461 707 139)
478 661 586 706 approbat
600 661 671 697 Pesoh
683 661 704 696 et
718 661 785 696 Maza.
800 681 824 686 -
837 662 894 697 Ber.
913 661 941 707 (n.
958 662 1014 707 218):

172 713 334 749 «Probabiltns
348 714 476 749 videtur...
487 725 504 748 1).
521 732 544 737 —
558 712 687 758 Diekamp
705 712 751 757 (Π1
766 715 776 758 ξ
792 712 815 748 11
831 723 851 758 p.
869 712 925 760 394t:
946 726 957 746 a
966 713 1017 748 Sen-

170 764 243 800 tentia
262 766 426 800 commanior.»
443 783 466 789 —-
483 765 507 800 V.
529 765 548 800 d.
570 765 691 800 Meersch
712 764 740 809 (n
762 763 818 811 338):
842 766 911 801 «Noa
930 765 1017 801 videtur

171 816 256 863 requiri
273 817 348 861 gratia
366 816 461 852 actualis
479 816 567 862 proprie
585 817 685 852 diota...
706 817 767 852 Haec
785 816 914 863 propositio,
933 816 985 853 licet
1003 827 1017 852 a

170 868 274 914 pluribus
289 866 397 913 theologis
414 868 512 912 negetur,
529 868 684 913 propugnatur
699 868 776 904 tamen
792 878 806 905 a
822 868 927 913 gravibus
944 869 1017 904 aucto-

171 921 240 965 ribus,
252 921 311 957 inter
323 930 377 966 quos
388 920 473 956 citandi
485 921 536 956 sunt
550 916 748 965 caietanus,‘soto,
762 921 853 965 Melina,
866 921 1017 957 Bellarminns

172 974 193 1008 et
204 973 262 1009 inter
273 973 406 1022 recentiores
420 974 516 1015 Terrien,
529 973 603 1016 atuor,
616 974 746 1017 Pinnetem,
760 973 886 1018 11111111.»
899 994 923 999 -
934 973 1017 1009 Billot

172 1027 233 1071 (Virt.
250 1036 270 1072 p.
287 1026 343 1072 itin:
362 1039 385 1061 c.
395 1054 414 1061 ..
431 1027 553 1062 secundum
567 1026 706 1070 sententiam,
723 1036 779 1072 quae
794 1027 857 1072 lonae
873 1027 946 1062 verior
958 1027 1016 1062 vide-

171 1080 214 1121 tur,
230 1079 313 1123 absque
327 1079 373 1114 ullo
388 1080 463 1114 addito
478 1079 564 1124 gratiae
579 1079 716 1114 adiutorio».

170 1190 225 1233 532.
263 1193 298 1232 Ex
312 1192 378 1243 parte
391 1192 449 1232 haee
464 1192 569 1243 quaestio
585 1193 620 1233 est
635 1193 667 1233 de
682 1193 741 1234 solo
758 1193 882 1241 nomine,
899 1193 1017 1244 quatenus

169 1255 220 1296 scil.
236 1256 366 1307 quaeritur,
382 1257 464 1297 11111111
479 1256 597 1296 auxilium
610 1269 624 1297 a
638 1256 685 1297 Deo
700 1258 871 1298 conferendum
885 1257 936 1298 iure
951 1268 1016 1298 voce-

169 1321 210 1361 tur
222 1331 314 1360 nonum
327 1320 447 1361 1111111111
460 1322 599 1371 9111111111.
614 1321 656 1361 Ad
670 1322 761 1371 ipsam
773 1331 833 1361 rem
845 1322 909 1372 qnod
924 1321 1014 1369 attinet,

169 1384 228 1425 haec
242 1384 356 1425 videntur
370 1384 479 1425 dicenda.

238 1473 259 1510 1.
272 1471 372 1511 Ratione
385 1471 522 1511 elevationis
535 1470 602 1512 actus
613 1471 725 1511 salutaris
737 1482 785 1511 non
798 1471 928 1521 requiritur
940 1471 1016 1521 gratia

169 1534 277 1594 actualis.
296 1535 383 1574 Anima
400 1534 464 1575 enim
481 1534 536 1575 iusti
550 1541 718 1585 permanenter
736 1535 825 1575 elevata
842 1536 877 1576 est
893 1535 1015 1575 habitibus
1058 1573 1060 1577 .

168 1599 263 1647 infusis,
274 1598 298 1639 et
307 1598 404 1639 elevans
414 1598 491 1650 gratia
501 1597 601 1639 actualis
611 1599 704 1639 homini
716 1598 838 1639 habitibus
848 1599 938 1640 carenti
949 1609 1015 1649 prae-

168 1662 216 1703 cise
230 1663 261 1703 ad
275 1662 319 1702 hoc
333 1663 411 1710 datur,
427 1663 454 1703 ut
467 1662 573 1702 defectus
586 1662 714 1703 habituum
729 1661 875 1712 suppleatur.
899 1689 909 1700 i

237 1751 257 1789 2.
281 1748 449 1798 Psycheiopice
472 1749 542 1789 homo
565 1747 688 1789 habitibus
710 1748 844 1788 instructus,
861 1748 945 1789 eadem
967 1749 1013 1805 via,

168 1823 216 1862 qua
231 1811 279 1859 ille,
296 1811 338 1862 qui
353 1811 384 1850 iis
398 1811 468 1859 caret,
484 1811 609 1852 adactum
625 1810 754 1851 salutarem
766 1811 881 1861 pervenit,
898 1809 1015 1862 quatenus

168 1874 218 1914 scil.
234 1874 302 1914 aetus
314 1873 460 1915 deliberatus
473 1874 626 1924 praevenitur
639 1874 662 1915 et
675 1873 791 1914 excitatur
804 1874 964 1919 indeliberata.
974 1875 1015 1926 pia

168 1936 309 1988 cogitatione
328 1937 352 1978 et
368 1937 503 1977 affectione.
522 1928 554 1968 ’-
570 1936 768 1977 lrrationabiliter
787 1938 931 1978 assereretur
948 1936 1015 1978 actus

168 1999 226 2040 istos
243 1991 420 2047 indeliberatos,
438 2002 481 2051 qui
498 1999 577 2040 actum
595 1999 725 2040 salutarem
742 2000 892 2050 praeparant,
912 2000 937 2040 in
953 1999 1014 2041 iusto

168 2073 217 2103 esse
241 2063 346 2103 entitatis
368 2062 518 2113 ignobilioris
534 2074 607 2112 quarn
624 2063 650 2102 in
666 2061 770 2110 homine,
790 2063 831 2113 qui
854 2063 961 2113 primum
983 2064 1014 2103 ad

168 2126 363 2167 iustificationem
375 2125 511 2176 disponitur
524 2125 673 2176 (praesertim
685 2138 740 2166 curn
752 2126 783 2166 ad
796 2126 875 2167 aetum
886 2125 1013 2166 salutarem

168 2188 229 2228 nihil
243 2188 350 2238 amplius
362 2189 442 2229 deesse
455 2187 572 2236 videatur,
586 2188 633 2228 nisi
647 2189 711 2239 quod
725 2188 770 2228 ista
783 2188 939 2229 indeliberata
954 2189 1014 2240 cogi-

168 2250 225 2292 tatio
243 2251 267 2291 et
283 2250 380 2291 affectio
403 2249 525 2291 accedente
550 2250 718 2291 deliberatione
743 2250 817 2291 libere
840 2251 970 2292 retineatur
992 2251 1015 2292 et

168 2313 295 2364 foveatur).
314 2315 375 2364 Ergo
393 2313 465 2353 etiarn
482 2314 507 2353 in
521 2312 592 2353 iustis
609 2311 746 2354 invenimus
763 2319 828 2353 aetas
845 2315 1013 2355 indeliberatos

170 2377 292 2417 caritative
314 2376 514 2427 supernaturales,
539 2377 581 2426 qui
605 2375 737 2417 secuudum
758 2375 844 2416 thesim
868 2377 893 2415 in
916 2376 1011 2418 homine

167 2440 291 2481 habitibus
312 2439 405 2490 privato
424 2439 497 2480 totam
515 2439 642 2480 essentiam
667 2438 756 2490 gratiae
782 2439 882 2480 actualis
899 2439 1014 2481 elevantis

167 2502 321 2544 constituunt.
338 2526 369 2531 -
385 2502 467 2542 Manet
482 2500 561 2543 autern
577 2502 690 2552 quaestio,
708 2500 791 2542 utrum
807 2513 843 2542 res
858 2503 1013 2543 materialiter

167 2566 270 2606 taeniiea
285 2565 357 2606 etiam
372 2565 398 2605 in
413 2565 474 2605 iusto
488 2565 575 2606 habeat-
589 2565 715 2615 formalem
730 2567 847 2605 rationem
863 2566 947 2606 anxilii
962 2579 1013 2617 qra-

168 2628 222 2669 tm'ti
236 2639 309 2669 necne
325 2629 356 2679 (v.
371 2639 395 2667 n.
410 2628 469 2679 535).

167 2764 222 2806 533.
259 2767 280 2804 3.
296 2765 362 2806 Unde
374 2765 400 2805 hi
412 2764 479 2805 actus
490 2764 640 2805 indeliberati
653 2765 679 2804 in
691 2763 760 2805 iustis
773 2775 840 2804 suam
854 2765 942 2805 habent
955 2766 1013 2805 enti-

168 2827 267 2868 talioam
286 2827 546 2878 supernaturalitatem?
572 2827 710 2868 Secundum
731 2825 893 2868 Themistas
911 2840 939 2867 ea
960 2839 1013 2867 eon-

167 2901 239 2930 enrsa
253 2889 350 2940 praevio
363 2889 547 2940 supernaturali
565 2890 696 2931 secundum
714 2891 807 2930 Tarmer
822 2890 845 2930 et
859 2890 919 2931 alios
934 2901 1013 2931 couse-

167 2952 274 3004 quenter'
289 2952 320 2993 ad
344 2952 485 2994 sententiam
508 2952 705 2993 suareaianam
727 2965 770 3003 per
793 2953 868 2998 salam
891 2959 1013 2993 externam

167 3014 327 3056 assistentiam
359 3015 384 3056 S.
410 3015 520 3066 Spiritus
555 3016 687 3056 seeundum
718 3013 866 3064 Mohnam,
901 3016 1011 3067 Ripalda
1059 3020 1061 3022 ’
