2214 3350
273 155 306 199 ¹De
324 163 431 209 conceptu
448 162 504 199 entis
521 142 701 207 supernaturalis
878 154 921 192 nia·

67 272 168 308 versione
183 271 274 308 Ioannis
290 271 423 309 Damasceni
440 272 489 307 «De
505 269 548 306 fide
564 267 705 304 orthodoxa»
723 276 737 302 a
752 265 918 310 Bcrquodtone

68 325 168 361 coniecta
179 324 200 359 et
210 333 265 360 saec.
278 325 329 360 XIII
341 324 401 370 apud
411 324 532 360 liebertum
544 321 679 356 Grossetestc
693 319 716 364 (†
730 318 783 365 1253)
796 319 821 354 in
831 319 913 353 versio-

67 385 95 412 ne
107 376 128 412 et
139 376 296 412 commentario
310 389 321 409 «
329 376 437 422 Mysticae
449 373 582 418 Theologiac
590 385 600 405 1³
614 370 722 419 Dionysii.
735 389 758 395 -
769 370 796 406 ln
808 370 918 416 operibus-

68 427 243 464 scholasticis
263 428 354 464 interim
372 426 494 462 manebant
514 424 604 461 termini
624 422 735 460 consueti:
760 431 829 468 supra
848 422 912 457 natu-

67 488 123 522 ram,
141 488 212 525 supra
226 479 358 525 potestatem
373 479 475 521 naturae,
495 486 565 523 supra
581 474 703 516 naturalia,
723 483 791 519 supra
809 473 918 509 naturale

67 530 252 577 complementum
262 531 357 568 naturae
370 531 408 567 etc.
423 530 525 567 Albertus
537 529 576 573 M„
590 527 679 573 quando
691 525 851 572 interpretatur
863 525 920 561 Dio-n

67 583 158 629 nysium
175 582 211 618 vel
229 582 282 619 citat
300 585 469 626 Damascenum‚
490 580 607 626 aliquoties
627 578 760 615 vocabulum
787 586 913 623 «superna-

66 634 139 670 turale
147 647 158 667 a
172 634 243 670 habet.
257 636 278 671 S.
291 635 451 671 Beneventum
463 633 598 670 creationem
611 631 665 668 dicit
677 630 825 666 mutationem
838 638 919 675 super-›

68 686 195 723 naturalem
208 687 263 732 (Ion
274 687 294 722 d.
307 689 318 724 1
329 697 350 733 p.
363 685 372 722 1
385 696 405 722 a.
419 686 429 721 1
441 696 460 731 q.
473 685 525 723 2ad
537 685 555 727 1;
567 695 586 721 a.
600 684 643 729 3q.
657 682 668 719 1
680 683 709 719 ad
720 683 747 729 4).
761 684 782 719 S.
797 682 915 718 Thomas

66 747 118 774 vero
134 738 312 783 frequentissimo
329 748 372 774 usu
388 738 429 774 hoc
445 737 579 774 vocabulum
595 738 619 772 in
637 736 738 779 titianum
756 734 919 770 scholasticam,

67 789 199 832 introducit*
214 799 233 825 v.
251 799 271 835 g.
289 791 315 825 in
330 799 375 826 uno
392 799 412 826 a.
430 789 442 826 7
459 798 478 834 q,
498 788 521 825 12
537 789 568 824 De
586 797 629 823 ocr.
648 787 715 823 vicies
732 788 753 823 et
770 787 805 822 bis
822 785 910 831 legitur.

67 841 191 888 Opponitur
209 842 386 877 «connaturati»
407 841 428 878 et
446 840 564 877 adhibetur
583 836 659 877 eodem
677 848 744 875 sensu
763 849 788 875 ac
806 838 908 874 termini:

66 894 172 929 naturam
187 892 233 929 sive
247 893 412 939 proportionem
427 893 522 929 naturae
539 892 651 936 excedens
669 901 715 927 non
731 890 856 936 attingibile
872 899 918 936 per*

67 944 178 991 principia
192 945 293 988 naturae,
311 954 379 991 supra
395 944 522 980 naturalem
537 944 669 979 facultatem
685 942 791 979 exsistens
809 942 844 988 (cl.
864 943 880 986 1¹,
899 942 918 978 2*

67 1006 86 1042 q.
104 996 129 1033 62
145 1005 164 1032 a.
184 996 210 1042 1).
228 997 348 1042 Nunquam
365 996 418 1033 dicit
434 997 534 1041 Aquinas
553 997 678 1032 «excedens
696 995 830 1039 erepentium
847 995 910 1030 natu-

66 1057 105 1084 rae
113 1061 130 1084 u.
155 1048 260 1084 Nostrum
285 1048 474 1094 «supernaturale
492 1048 640 1092 simpliciter»
660 1048 732 1092 quoad
750 1056 797 1082 rem
815 1047 911 1083 habetur

66 1109 84 1135 v.
100 1109 120 1144 g.
136 1098 146 1135 1
161 1109 180 1145 q.
196 1099 220 1136 12
232 1109 252 1139 a.
266 1100 289 1137 4:
308 1112 318 1132 (ι
327 1099 468 1145 Relinquitur
482 1108 541 1144 ergo,
557 1099 615 1144 quod
629 1108 759 1144 cognoscere
773 1098 848 1145 ipsum
863 1108 916 1134 esse·

67 1152 189 1197 subsistens
204 1151 233 1187 sit
247 1151 392 1188 connaturale
407 1151 449 1186 soii
462 1151 585 1186 intellectui
600 1150 674 1186 divino
690 1152 710 1186 et
725 1151 783 1196 quod
798 1151 827 1186 sit
842 1160 918 1197 supra.

65 1203 195 1239 facultatem
211 1203 338 1239 naturalem
354 1203 472 1239 cuiuslibet
487 1202 612 1239 Intellectus
630 1203 705 1239 creati.
715 1216 725 1236 o
744 1203 818 1238 Aliam
834 1204 911 1238 notam

67 1255 230 1292 distinctionem
242 1255 328 1292 indicat
341 1254 350 1290 1
364 1264 383 1300 q,
398 1253 434 1292 105
447 1264 466 1291 a.
480 1254 492 1291 7
505 1255 535 1291 ad
547 1255 570 1291 2:
587 1268 598 1288 «
607 1255 681 1301 Supra
693 1255 824 1291 facultatem
836 1256 916 1291 autern«

66 1308 160 1342 naturae
177 1307 257 1342 dicitur
273 1307 358 1351 aliquid
373 1316 420 1342 non
435 1307 507 1342 solum
523 1306 613 1352 propter
629 1307 854 1350 constantiensem,
872 1308 917 1343 sed,

66 1358 133 1394 etiam
145 1359 234 1404 propter
245 1359 337 1394 modum
349 1359 369 1395 et
382 1359 482 1395 ordinem
494 1359 597 1395 faciendi,
608 1372 618 1392 n
631 1379 655 1384 -
666 1359 750 1394 Abhinc
762 1368 804 1395 vox
818 1372 828 1392 «
837 1369 917 1405 super-v

65 1410 195 1446 naturalis»
208 1410 312 1455 frequens
325 1411 363 1453 est,
375 1419 394 1446 v.
408 1420 429 1455 g.
442 1411 502 1456 apud
513 1411 636 1446 Hearicum
648 1410 817 1447 (landavensem
828 1412 849 1447 et
860 1413 917 1449 Sco-⁴

66 1464 153 1498 tuna„
169 1481 195 1494 η
209 1463 235 1498 In
251 1462 419 1498 documentis
435 1462 573 1499 Ecclesiae
589 1472 604 1499 a
617 1464 648 1499 Dz
664 1463 760 1499 collectis
777 1464 854 1500 eadem
868 1472 915 1500 vox

65 1514 137 1559 primo
149 1514 244 1549 occurrit
253 1515 278 1549 in
289 1514 432 1550 damnatione
442 1516 492 1550 Ruit
505 1516 543 1561 (ΒΖ
555 1515 601 1552 1021
613 1516 634 1552 et
646 1515 710 1562 1023);
722 1516 774 1552 dein
784 1517 809 1551 in
820 1515 910 1561 satiabo

65 1565 101 1600 Pit
112 1565 142 1601 IX
156 1566 193 1611 (Dz
205 1565 268 1612 1714);
281 1567 306 1601 in
319 1566 436 1601 Vaticano:
451 1567 630 1612 supernaturalis
641 1567 700 1612 finis,
713 1568 826 1613 revelatio,
839 1568 917 1603 virtus

68 1618 105 1663 (Dz
120 1617 184 1654 naas
200 1617 263 1664 lituu
277 1618 302 1653 in
315 1618 430 1654 Schemate
445 1620 579 1665 praeparato
596 1620 638 1666 (CL
652 1619 669 1662 7,
685 1619 738 1657 557s
752 1620 795 1666 566)
805 1622 820 1657 1.

178 1838 217 1877 DE
236 1837 395 1878 CONCEPTU
412 1837 500 1878 nuris
520 1836 793 1879 SUPERNATURALIS

65 1961 119 2004 254.
158 1963 218 2003 Cum
233 1962 412 2014 supernaturale
428 1962 491 2003 dicat
505 1962 662 2003 elevationem
676 1962 774 2004 naturae
788 1963 916 2015 inferiores

65 2028 95 2068 ad
108 2027 278 2078 perfectionem
292 2027 390 2068 naturae
405 2026 540 2078 superioris,
558 2028 587 2068 ad
601 2028 667 2069 bunc
681 2027 822 2079 conceptum
835 2028 911 2080 expli-

65 2092 169 2133 candum
182 2093 308 2143 procedere
321 2103 447 2143 possumus
460 2093 477 2132 l.
492 2104 506 2132 u
520 2092 621 2144 termino
635 2105 649 2134 c
663 2105 716 2144 quo,
731 2092 746 2133 i.
762 2105 782 2134 e.
797 2105 812 2134 a
824 2093 913 2134 natura.

65 2156 177 2197 inferiore
191 2156 313 2206 elevanda
328 2157 356 2197 ΙΙ.
371 2169 385 2197 c
398 2156 498 2197 termino
511 2157 542 2197 cd
556 2168 635 2209 quent,
650 2157 666 2197 i.
681 2168 701 2198 e.
715 2170 730 2198 a
742 2158 828 2199 natura
842 2169 913 2209 supe-v

65 2221 134 2270 riore,
152 2222 182 2262 ad
199 2222 267 2262 cuius
283 2221 451 2272 perfectionem
468 2220 498 2261 iit
513 2220 621 2264 elevatio.

134 2309 152 2349 I.
177 2307 362 2359 Supernaturale
385 2306 514 2357 opponitur
536 2308 656 2349 naturae
681 2309 719 2360 (ct.
739 2309 832 2358 Titum,
851 2309 909 2350 lot

65 2373 88 2413 d.
104 2376 130 2414 43
145 2385 168 2424 q.
184 2376 195 2413 t
211 2384 231 2413 a.
249 2376 259 2413 1
274 2384 310 2424 qc.
326 2372 356 2422 3),
373 2371 463 2412 Nature
477 2371 501 2413 et
515 2372 624 2414 naturale
639 2373 757 2423 permulta
773 2372 915 2424 significare

64 2438 171 2488 possunt,
187 2437 250 2488 quod
265 2436 340 2478 elucet
354 2435 453 2476 erariis
466 2436 664 2487 oppositionibus,
680 2450 741 2490 quoe
756 2438 810 2479 lieri
825 2439 908 2480 solent.
980 2468 981 2471 ,

64 2502 155 2543 Natura
178 2502 243 2542 enim
268 2500 397 2552 opponitur
422 2499 591 2552 accidentibus,
613 2502 765 2551 substantiae,
786 2514 908 2554 personas,

64 2566 137 2615 casui,
154 2565 284 2617 acquisitis,
301 2564 352 2613 arti,
370 2564 472 2615 spiritui,
490 2566 541 2607 Deo
555 2567 607 2616 etc,
624 2566 733 2616 naturate
747 2578 805 2608 vero
819 2567 915 2609 contin*

64 2630 136 2681 genti,
157 2631 261 2679 fortuito,
288 2628 435 2678 accidentali,
461 2631 602 2680 adventicio,
628 2630 751 2682 acquisito,
778 2631 911 2680 artificiali*

63 2695 175 2743 violento,
192 2695 276 2743 elicito,
294 2692 387 2742 morali,
404 2693 486 2744 libero,
505 2695 632 2746 spirituali,
650 2696 800 2746 miraculoso,
818 2696 908 2737 divino.

63 2782 94 2789 —-
109 2758 214 2799 Maxime
230 2757 363 2799 cavendum
380 2757 421 2805 est,
438 2768 469 2798 ne
484 2758 594 2800 sumatur
610 2758 690 2800 noster
705 2759 833 2811 conceptus
847 2759 915 2800 entis

131 2906 139 2927 ¹
163 2906 296 2942 Germanica
313 2913 354 2940 vox
374 2905 551 2942 «Uehernatur»
571 2906 667 2943 invaluit
685 2907 783 2954 tempore
802 2907 915 2953 professo*

64 2958 115 2986 rum
130 2961 149 2988 v.
168 2951 270 2988 Schazler
286 2951 307 2987 et
323 2950 439 2988 Scheeben.
