2214 3350
243 135 245 137 V
285 154 363 190 Thesis
379 154 407 190 14.
425 153 565 191 Consortium
581 153 669 189 divinae
684 153 778 190 naturae
919 150 955 187 311
986 150 987 153 ’

111 262 176 297 modo
191 262 266 306 imago
281 261 320 298 Dei
335 261 446 297 tentaretis
462 270 512 297 vere
527 261 549 296 et
564 261 652 306 proprie
668 261 721 295 iam
737 260 814 305 adest
829 269 869 306 per
883 260 955 296 solam

110 317 217 350 naturam
239 314 379 359 rationalem,
403 315 532 351 radicaliter
556 314 638 360 aptam,
652 323 713 358 -quae
737 315 808 350 Deum
824 314 848 349 in
865 313 954 360 speculo

110 369 265 404 creaturarum
285 369 410 413 cognoscat,
427 368 495 404 etiam
509 368 534 402 iu
549 368 649 412 parvulo,
662 368 710 411 ,qui
732 366 846 412 hucusque
862 365 954 411 'nnllam

109 422 260 470 cognitionem
281 421 454 461 ,intellectualem
477 421 563 464 babuit;
587 420 734 466 perficitur
757 419 839 464 autem,
865 420 953 465 quando

109 475 206 511 facultas
223 475 314 521 ponitur
330 476 355 511 in
372 476 424 512 actu
440 476 512 521 primo
529 474 629 520 proximo
647 474 668 510 et
686 474 738 509 dein
756 474 874 510 actualiter
891 474 953 509 intel-

111 529 170 574 legit.
189 548 212 555 -
228 529 306 574 Itaque
323 529 348 565 iu
363 530 420 565 vita
437 529 549 565 aeterna
566 538 723 574 cognoscemus
741 528 812 564 Deum
830 528 953 572 counitione

110 583 159 618 eius
175 583 266 626 ordinis,
284 592 327 628 quo
343 582 394 629 ipse'
408 593 431 619 se
445 582 567 628 'cognoscin
585 582 743 627 consequenter
761 583 887 618 amabimus
904 591 955 617 eum

111 644 185 671 (liltore
197 637 245 672 eius
256 637 346 679 ordinis,
359 646 402 682 quo
413 647 436 673 se
447 637 522 683 ipsum
532 636 594 672 amat
604 638 669 680 Deus,
682 636 748 680 atque
759 636 860 671 fruemur
873 636 954 681 quadie
1018 676 1019 679 Ἴ

111 690 159 725 eius
172 690 263 733 ordinis,
278 699 322 735 quc
335 692 394 727 Deus
408 700 433 727 ex
446 691 531 726 visione
545 691 567 726 et
581 699 655 726 amore
669 691 704 726 sui
718 691 766 735 ipse
780 690 865 726 beatur.
881 690 954 725 Huius

110 743 266 789 perfectissimi
291 745 397 780 consortii
423 745 512 780 divinae
539 745 634 779 naturae
659 740 787 782 ,formalis
814 742 954 779 inchoatio

110 796 204 832 habetur
216 806 256 842 per
270 797 418 843 aptitudinem
431 799 460 834 ad
474 798 532 834 hanc
546 798 616 833 vitam
629 798 729 833 divinam
743 798 871 842 gerendam,
887 806 954 843 quam

110 850 184 895 gratia
198 850 326 887 radicaliter
340 852 432 895 confert;
447 861 500 887 nam
514 861 554 897 per
569 861 618 887 eam
632 851 697 886 honio
712 851 811 896 primam
825 852 915 896 ponitur
930 851 954 886 iri

110 905 151 939 hac
166 904 237 949 specie
253 904 340 940 divinae
356 905 560 941 intellectualitatis.
602 913 619 932 υ

109 1029 163 1070 418.
200 1030 235 1070 Ex
250 1030 304 1071 data
318 1030 463 1081 expositione
479 1031 554 1071 elucet
570 1030 833 1071 «intellectualitatem»
851 1031 953 1071 hicnon

109 1091 228 1132 exclusive
244 1092 306 1132 suini
324 1094 352 1133 de
368 1093 451 1133 ordine
468 1085 632 1144 cognoscitivo,
651 1094 691 1134 sed
708 1088 800 1134 includi
818 1104 953 1144 correspon-

72 1174 74 1180 >
110 1155 192 1195 dentes
211 1155 405 1205 perfectiones
425 1155 536 1196 ordinis
556 1155 672 1196 volitivi
693 1157 716 1197 et
737 1156 881 1197 aiiectiri.
904 1157 952 1197 Hoc

109 1219 180 1257 modo
203 1218 360 1266 admittimus,
387 1229 541 1268 quaecunque
566 1219 668 1269 nepetae
687 1219 715 1260 de
735 1218 813 1260 ethica
838 1219 964 1268 assimila,

109 1279 173 1320 tione
195 1281 226 1320 ἃᾶ
250 1281 378 1321 radicalem
395 1282 437 1321 Dei
454 1281 585 1322 bonitatem
602 1281 716 1322 moralem
735 1282 837 1322 disserit.
864 1281 952 1330 Gratia,

109 1344 205 1393 quando
223 1354 271 1383 non
289 1344 393 1394 praecise
416 1344 443 1384 ut
467 1344 585 1402 inchoatio
603 1344 699 1394 gloriae,
719 1346 760 1385 sed
778 1346 805 1386 ut
823 1345 912 1385 donam
931 1352 954 1385 et

109 1405 315 1446 restituerentur
332 1407 393 1446 vitae
411 1406 535 1456 spectatur,
555 1419 568 1447 a
585 1407 714 1448 fontibus
732 1419 787 1448 sane
805 1408 952 1459 ,frequentias

63 1517 65 1519 ῃ
109 1469 154 1508 sub
173 1468 217 1509 isto
236 1469 342 1519 respectu
360 1469 458 1510 moralis
476 1470 507 1510 ad
525 1470 602 1511 Deum
621 1470 801 1521 assimilationis
819 1470 951 1511 exhibetur.

109 1531 136 1571 Id
153 1531 201 1572 iam
216 1532 323 1572 indicant
338 1534 390 1582 ipsa
406 1533 519 1573 nomina
535 1532 624 1583 gratiae
641 1533 793 1585 iustitie-antis
810 1535 834 1575 et
849 1534 953 1584 sanctisi-

66 1591 71 1596 ”’
109 1595 191 1643 cantis,
207 1595 394 1645 supernaturalis
406 1597 509 1636 iustitiae
523 1597 572 1637 sive
585 1596 741 1645 rectitudinis,
756 1597 886 1638 habitualis
900 1609 953 1637 eon-

110 1660 224 1699 versionis
243 1660 273 1699 ad
292 1661 376 1709 Deum.
397 1685 428 1690 —
446 1659 507 1700 Haec
526 1660 615 1709 optime
635 1660 779 1700 concordant
798 1672 853 1700 cum
873 1660 954 1700 nostra

109 1721 271 1772 explicatione.
292 1722 379 1762 Divina
396 1723 460 1770 enim
479 1722 563 1763 natura
582 1722 714 1772 concipitur
732 1722 803 1763 etiam
822 1723 849 1764 ut
867 1722 953 1763 ultima

109 1785 178 1825 radix
198 1785 306 1825 omnium
327 1784 495 1826 attributorum
515 1783 677 1825 moralium.
701 1785 739 1825 Sic
759 1784 853 1834 gratia
874 1797 952 1826 sanc-

109 1847 229 1888 tificans
246 1859 294 1899 qua
310 1847 352 1888 Dei
371 1848 449 1897 imago
467 1847 604 1887 estodium
622 1848 740 1897 quaedam
759 1848 874 1898 superior,
894 1849 952 1889 tam-

109 1922 182 1961 quam
197 1912 315 1960 potentias
331 1911 427 1961 exigens
444 1910 541 1951 habitus
558 1911 689 1961 operativos
705 1911 823 1952 virtutum
841 1922 953 1962 superna

108 1973 232 2013 turalium.
248 1974 316 2014 Hisce
330 1974 410 2014 autem
423 1973 582 2015 virtutibus
597 1974 704 2014 infusis
718 1974 848 2015 certissime
865 1985 954 2015 «nemo
971 2004 972 2009 ,

108 2038 171 2079 male
184 2038 260 2080 utitur
266 2052 286 2087 »3
301 2037 445 2079 concurrunt
458 2037 521 2077 enim
535 2038 566 2078 ad
580 2037 629 2077 sola
641 2047 713 2086 opera
725 2028 788 2077 bona
801 2037 877 2077 divini
891 2037 953 2078 ordi-

109 2101 154 2149 nis,
173 2101 243 2152 atque
260 2112 315 2141 cum
333 2112 415 2141 earum
433 2099 596 2150 cooperatione
614 2110 683 2140 omne
701 2111 762 2150 opus
780 2101 872 2139 malum
890 2111 952 2141 snm-

108 2175 204 2214 mopere
219 2164 344 2214 discrepat.
362 2164 400 2204 Sic
414 2163 490 2214 gratia
504 2164 531 2204 ut
545 2162 658 2204 ultimum
674 2163 820 2213 principium
836 2163 952 2203 virtutum

109 2227 245 2267 infusarum
262 2226 369 2267 animam
385 2232 484 2267 naturae
500 2227 544 2266 Dei
561 2225 723 2266 sanctissimae
741 2226 953 2277 supernaturaliter

109 2290 232 2337 assimilat,
252 2290 341 2340 quippe
359 2301 418 2340 quae
436 2289 472 2329 est
489 2288 558 2329 radix
575 2289 653 2329 omnis
677 2288 791 2330 bonitatis
814 2288 912 2330 moralis
930 2289 953 2329 et

108 2352 174 2392 omni
187 2352 251 2393 malo
264 2353 349 2392 morali
364 2352 535 2392 inimicissima¹
551 2353 614 2392 Deus
628 2363 670 2402 per
683 2352 745 2392 hanc
759 2362 828 2392 suam
842 2352 952 2392 naturam

109 2426 202 2466 semper
221 2415 256 2455 est
274 2426 402 2455 conversus
421 2414 451 2454 ad
472 2426 494 2454 se
515 2414 594 2465 ipsum
614 2415 641 2455 ut
659 2415 689 2455 ad
710 2425 833 2455 summum
848 2415 951 2462 bonum,

107 2478 233 2528 omnisque
245 2479 274 2518 ah
285 2479 329 2518 hoc
340 2478 402 2518 bono
414 2477 504 2517 aversio
516 2478 538 2517 ei
550 2488 623 2528 quam
634 2477 737 2518 maxime
749 2477 873 2526 repugnat.
888 2478 952 2518 Hane

109 2541 275 2581 rectitudinem
295 2540 410 2581 moralem
429 2540 453 2580 et
471 2540 619 2581 salictitatem
638 2540 736 2581 naturae
757 2539 851 2581 divinae
872 2541 952 2581 anima

61 2634 63 2639 ,
106 2603 171 2643 iusta
189 2615 233 2654 per
251 2603 353 2654 gratiam
380 2602 568 2643 sanctificantem
594 2603 726 2652 formaliter
751 2603 886 2654 participat.
914 2603 952 2644 Sic

111 2666 214 2714 «omnis,
233 2666 275 2717 qui
292 2665 363 2707 natus
379 2665 459 2706 estex
475 2665 530 2713 Deo,
550 2666 672 2716 peccatum
690 2677 737 2706 non
756 2665 819 2715 iacit,
839 2666 953 2717 quereiam

109 2740 189 2770 semen
204 2731 280 2781 ipsius
295 2731 320 2770 in
335 2741 361 2771 eo
376 2729 463 2779 manet;
479 2730 501 2770 et
515 2741 564 2770 non
579 2730 655 2780 potest
669 2741 773 2781 peccare,
790 2731 846 2781 qnia
861 2742 890 2772 ex
904 2731 952 2771 Deo

109 2795 179 2835 natus
191 2795 243 2836 estu
260 2797 281 2848 (1
295 2795 320 2836 lo
332 2798 353 2843 3,
367 2796 398 2846 9).
413 2794 492 2835 Iustus
504 2807 548 2847 per
560 2795 709 2835 nativitatem
722 2807 750 2835 er:
762 2796 811 2835 Dee
826 2797 953 2847 opponitur

109 2865 212 2907 peccate.
232 2860 319 2908 Gratia,
337 2860 409 2911 prout
425 2859 461 2900 est
477 2870 557 2900 semen
575 2860 624 2907 Dei,
644 2860 678 2901 est
701 2859 771 2900 radix
795 2860 874 2901 omnis
896 2861 953 2901 boni

109 2922 243 2974 resistitque
255 2926 321 2965 omni
334 2923 404 2965 malo.
419 2925 466 2965 Sed
478 2925 521 2965 hoc
535 2935 628 2975 quoque
641 2925 666 2964 in
678 2924 728 2965 vita
740 2925 844 2966 terrestri
858 2925 953 2965 nonnisi
