2214 3350
186 217 224 254 416
262 218 332 255 sectio
343 219 366 254 V.
382 218 426 253 Art.
442 219 458 254 Ι.
473 199 579 254 Doctrina
591 218 647 253 cath.
663 217 689 253 de
703 217 759 262 grat.
774 216 842 252 suffic.
857 217 877 252 ei
891 216 972 252 efficaci

188 325 314 374 sufficiens;
326 337 383 366 nam
397 326 490 367 fructus
502 338 516 366 a
528 327 575 366 Deo
588 323 734 376 exspectatos
746 335 794 364 non
807 324 920 372 tulerunt;
933 326 954 364 2.
968 334 1033 364 vere

188 388 313 437 sufficiens3
330 399 399 429 narn:
419 389 442 440 a)
462 388 621 429 Mult'lariam
637 381 769 428 affirmetur
787 399 815 427 ec
829 381 956 438 parte'Dei
971 387 1034 427 nillil

188 452 301 503 defuisse·
312 451 384 503 elegit
395 452 461 493 enirn
473 451 552 492 locum
563 450 681 501 optimum
695 451 719 492 et
731 449 843 499 fertilem3
856 451 951 491 vineam
965 444 1032 497 fodit,

187 514 306 565 purgarit,
323 514 436 564 munima
454 513 572 566 quidquid
589 514 669 554 obesse
687 513 786 563 poterat,
805 513 913 562 removit
931 513 1034 565 optimas

187 577 260 628 elegit
275 577 342 619 vites.
366 579 398 609 ὲ-
419 578 444 629 b)
464 577 599 618 Certissima
614 579 757 627 exspectavit
774 576 874 625 tructus,
893 578 965 628 idque
982 577 1034 617 iure

187 641 286 691 optimo.
305 642 357 682 Non
374 641 452 682 solum
468 639 535 681 dedit
551 640 685 680 absolutam
704 639 867 680 fructificandi
886 639 1032 689 potestatem,

188 703 230 744 sed
247 704 374 744 relativam
390 714 491 754 quoque,
511 714 571 753 quae
590 703 615 742 in
633 703 698 744 hisce
717 702 833 743 concretis
850 701 1035 743 circumstantiis

188 766 214 805 in
229 766 309 807 actum
324 766 401 816 potuit
414 766 503 806 reduci.
519 767 586 817 -01
604 766 758 806 Provocando
773 766 804 806 ad
819 766 928 817 ipsorum
941 766 1034 806 Israeli-

188 835 269 869 tarum
284 830 400 878 iudiciuin
417 828 558 879 interrogat:
587 829 668 877 «Quid
688 828 766 879 potuit
787 827 851 869 ultre
867 828 929 878 fieri,
946 830 970 870 et
985 840 1034 869 non

188 892 265 933 iecit»
285 893 312 931 In
328 891 522 932 adversariorum
537 891 654 932 sententia
669 892 740 932 facile
756 891 950 941 responderetur:
972 892 1034 932 «De-

187 954 261 995 buisti
278 954 334 995 dare
350 953 453 1004 gratiam
469 965 590 1005 mannam,
609 965 669 1005 quae
686 954 759 995 etiam
776 956 873 995 relative
890 954 1012 995 sufficeret
1022 972 1032 990 n

170 1056 173 1062 ,
187 1040 218 1046 —-
231 1018 255 1068 d)
270 1016 360 1057 Iniuste
374 1017 438 1057 Deus
451 1016 571 1057 israelitas
584 1018 730 1067 vituperaret
743 1017 767 1070 01
779 1027 867 1067 poenas
881 1017 1034 1068 gravissimas

187 1080 327 1127 minaretur,
343 1081 362 1120 si
375 1091 419 1131 pro
432 1079 550 1130 praesenti
563 1080 702 1121 condicione
715 1091 763 1120 non
775 1081 915 1121 habuissent
927 1080 991 1122 vires
1003 1081 1034 1121 ad

188 1142 299 1183 meliores
312 1143 424 1183 ferendos
437 1142 552 1182 fructus1.
1047 1135 1048 1138 ’

189 1267 244 1309 544.
281 1269 318 1308 Mt
334 1271 367 1316 11,
385 1271 443 1309 ers:
465 1268 546 1308 Gratia
564 1268 670 1319 (externa
687 1269 710 1308 et
725 1267 836 1317 interna),
855 1280 915 1319 quae
933 1267 1034 1309 dabatur

188 1330 274 1371 incolis
293 1330 417 1372 civitatum
438 1330 576 1371 Coronain
595 1331 619 1372 et
637 1331 808 1379 Bethsaida,
826 1331 876 1372 erat
894 1342 955 1382 pure
973 1330 1034 1371 suffi-

188 1393 260 1441 ciens,
278 1393 334 1444 quia
350 1405 393 1444 per
407 1405 461 1434 cam
476 1394 582 1434 conversi
598 1405 646 1434 non
662 1394 726 1442 sunt3
741 1395 792 1434 erat
807 1394 964 1435 nihilominus
980 1405 1034 1434 aare

189 1456 314 1505 sufficiens,
333 1467 390 1497 nam
408 1456 515 1497 deiectus
531 1456 689 1506 poenitentiae
705 1458 765 1507 ipsis
783 1458 914 1508 imputatur
932 1458 956 1498 et
973 1456 1034 1497 iudi-

188 1521 253 1561 cium
272 1520 443 1572 gravissimum
466 1520 630 1561 annuntiatur.
659 1520 728 1569 Quod
753 1519 843 1570 gratiae
863 1520 924 1560 nihil
945 1520 1032 1567 deerat,

188 1583 260 1624 etiam
275 1583 352 1624 elucet
363 1595 392 1624 ex
406 1594 441 1631 οο,
458 1583 522 1634 quod
538 1584 604 1634 Tyrii
619 1589 641 1623 et
656 1583 752 1623 Sidonii
766 1594 821 1623 cum
838 1583 922 1624 iisdem
937 1584 1035 1624 auxiliis

188 1646 290 1686 inissent
302 1646 417 1686 conversi.
432 1671 463 1677 -
476 1646 513 1687 Mt
526 1648 560 1694 23,
574 1647 631 1686 37s:
651 1645 759 1686 Christus
774 1647 834 1686 serio
850 1646 925 1686 ualuit
938 1657 1034 1697 congre-

187 1719 243 1760 gare
259 1709 341 1749 iiiios
355 1708 523 1757 ierusalem3
538 1720 595 1760 ergo
609 1709 691 1750 omnia
706 1708 796 1750 auxilia
811 1709 842 1749 ad
857 1709 1034 1750 conversionem

141 1771 143 1774 ’
188 1773 301 1825 requisita
320 1773 393 1813 dedit.
415 1773 505 1813 Tamen
524 1783 572 1812 non
592 1772 647 1813 sunt
665 1771 808 1822 congregati,
829 1772 886 1822 quia
904 1772 1034 1812 Ierusalem

187 1836 271 1885 noluit,
289 1835 450 1886 etpropterea
471 1833 531 1875 iuste
553 1834 654 1886 punitur
677 1835 717 1886 (ci.
739 1835 823 1875 eadem
845 1835 986 1885 argumenta
1008 1835 1034 1874 in

188 1900 222 1949 tn.
240 1902 268 1940 22
283 1910 307 1939 n.
325 1899 383 1950 586).
407 1924 439 1929 -
461 1900 487 1952 Io
504 1901 537 1947 15,
555 1901 652 1939 22-25:
675 1897 784 1939 Christus
799 1897 871 1946 venit,
889 1898 984 1939 loeutus
1000 1897 1035 1939 est

188 1962 290 2009 Iudaeis,
312 1961 430 2002 miracula
451 1971 531 2002 curam
554 1961 612 2011 ipsis
631 1960 742 2012 patravit
765 1972 838 2011 quare
859 1961 1051 2001 excasationem*

187 2038 237 2066 non
249 2026 337 2066 hahent
348 2026 376 2066 de
388 2024 483 2076 peccato
497 2037 546 2066 suo.
560 2051 591 2056 -
603 2026 647 2066 Act
657 2027 678 2073 7,
693 2028 731 2065 51:
750 2024 884 2076 Stephanus
897 2026 956 2066 dicit
968 2037 1034 2078 syne-

189 2090 281 2130 dristis:
305 2090 371 2130 «Vos
390 2100 484 2139 semper
507 2089 608 2140 Spiritui
632 2088 719 2139 Sancto
743 2089 858 2137 resistitis,
877 2089 938 2131 sicut
955 2088 1035 2140 patres

188 2153 268 2201 vestri,
281 2153 313 2193 ita
325 2153 349 2194 01
357 2164 407 2193 vos.
416 2170 426 2188 n
439 2178 471 2183 -
481 2154 541 2193 Rom
552 2156 573 2201 2,
586 2155 629 2193 45.
645 2152 747 2193 Divitiae
757 2153 870 2193 bonitatis
880 2153 923 2194 Dei
935 2153 1035 2203 possunt

189 2217 317 2265 contemni·
331 2217 363 2257 sic
379 2217 511 2257 secundum
526 2216 640 2257 duritiam
655 2217 678 2257 et
692 2216 851 2267 impoenitens
864 2228 904 2257 cor
919 2217 1034 2258 thesauri-

188 2281 360 2322 1011111111-
373 2281 434 2321 Rom
449 2283 483 2329 10,
499 2282 538 2320 21:
559 2297 569 2316 t<
577 2280 635 2320 Tota
650 2280 689 2321 die
704 2280 808 2330 expandi
823 2291 909 2322 manus
923 2292 989 2323 meas
1003 2282 1034 2322 ad

188 2344 304 2396 populum
321 2356 369 2384 non
384 2344 518 2385 credentem
534 2344 558 2385 et
572 2342 791 2385 contradicentem»
811 2344 849 2395 (ci.
867 2344 890 2385 Is
905 2348 938 2395 65,
956 2346 987 2397 2).
1005 2370 1036 2375 —-
1085 2340 1086 2343 ’

189 2410 212 2449 15
228 2411 262 2457 28,
277 2411 321 2449 .12;
344 2409 495 2449 «Nolueruni
513 2408 623 2449 audire.»
643 2434 675 2439 -
693 2410 727 2456 65,
748 2411 786 2448 12:
812 2409 923 2457 «Vocari,
944 2409 968 2451 01
986 2420 1035 2450 non

188 2472 370 2523 respondistis.»
384 2473 497 2521 -1017,
513 2474 550 2513 13:
570 2490 579 2509 «
587 2473 675 2512 Vocari
688 2484 737 2522 vos,
753 2472 776 2513 et
788 2482 837 2513 non
850 2473 1012 2524 respondistis,
1022 2491 1031 2508 n

188 2537 386 2584 ΜΡ1011,21;
409 2553 419 2572 «
427 2536 521 2584 Vocari,
539 2536 562 2577 et
577 2535 717 2577 renuistis.»
733 2562 765 2568 —
780 2540 793 2577 2
810 2535 854 2577 Cor
869 2540 890 2586 6,
908 2540 932 2577 1;
953 2537 1035 2593 Gratia

189 2600 232 2641 Dei
248 2601 325 2650 potest
339 2602 364 2640 in
381 2611 483 2640 caeuiim
498 2600 579 2650 recipi,
596 2595 634 2641 rel
652 2600 784 2641 secundum
799 2600 889 2641 textum
905 2612 1030 2651 graecum:

188 2663 282 2713 recepta
293 2674 342 2703 0550
356 2663 450 2715 (saltem
462 2675 476 2703 a
488 2663 607 2714 plerisque
619 2663 726 2713 antiquis
737 2664 761 2704 et
772 2662 909 2704 iunioribus
923 2663 1036 2715 δέξασθαι

188 2727 218 2767 de
233 2726 338 2776 tempore
352 2726 478 2776 praeterito
493 2725 647 2778 intellegitur;
662 2739 685 2767 v.
703 2726 803 2777 Gornelp
816 2725 841 2766 in
856 2727 919 2768 hunc
934 2726 1032 2778 iocum).

252 2862 259 2882 1
275 2861 295 2897 S.
312 2862 492 2905 Hieronymus
506 2861 531 2895 in
545 2870 584 2896 suo
600 2861 629 2896 ad
643 2861 702 2896 hunc
715 2861 799 2896 textum
813 2862 970 2897 commentario
987 2860 1035 2905 (ML

166 2909 173 2911 “’
189 2908 220 2950 ei,
237 2907 281 2951 76);
302 2908 412 2948 «Cuncta,
430 2917 486 2952 quae
503 2908 607 2942 dicuntur
623 2908 650 2943 de
666 2907 738 2950 vinea,
756 2909 849 2952 possunt
865 2908 886 2943 et
903 2909 932 2944 ad
947 2908 1035 2943 animae

190 2955 303 2990 humanae
315 2955 394 2990 reterri
406 2955 496 2999 statum,
510 2963 573 2999 quae,
585 2964 599 2990 a
610 2956 656 2990 Deo
668 2954 771 2999 plantata
783 2954 907 2997 iubenum,
922 2964 968 2990 nou
980 2964 1036 2990 uvas

189 3002 295 3044 attulerit,
312 3001 351 3037 sed
367 3001 509 3037 labruscas.»
