2214 3350
218 220 220 223 f
263 241 264 244 ,
325 202 402 239 Thesis
416 201 445 238 25.
461 202 549 250 Verum·
557 200 662 252 meritum
674 199 729 237 iusti
916 197 957 235 bid

105 310 198 351 labores
212 310 367 361 perferendos
381 308 505 359 operarius
520 306 620 358 quisque
636 307 734 356 paratus
747 307 788 356 est,
805 308 825 348 si
840 307 951 347 laborum

24 371 26 373 ’
105 373 241 424 praemium
254 371 410 424 prospexerit3
429 371 460 411 iis
475 381 539 421 vero,
559 371 601 420 qui
618 369 686 410 nulla
704 371 825 420 proposita
843 369 955 410 mercede

104 435 220 485 laborant,
240 436 336 476 animus
352 445 401 475 una
418 434 474 474 cum
492 443 589 483 corpore
606 432 661 473 ante
679 432 788 474 concidit.
796 451 806 470 a
825 459 864 480 -,
874 432 952 473 Basi-

103 498 172 548 lius,
188 500 257 540 Hom.
273 501 295 547 7,
311 501 324 539 8
342 498 371 549 (R
386 497 449 547 966);
472 512 482 532 (ε
490 495 592 536 Ostende
608 505 681 545 opera
695 496 718 536 et
734 505 828 545 reposce
843 506 956 536 remane*

105 562 248 603 rationem.»
268 587 300 592 -
314 560 493 608 Ambrosius,
512 559 586 610 Epist.
606 562 627 608 2,
647 561 674 600 16
695 560 724 611 (R
742 560 819 609 1247):
844 576 853 595 1<
861 559 957 599 Pendet..

105 624 206 676 singulis
222 623 358 664 nostrorum
376 622 462 663 statera
477 622 626 670 meritorum,
644 620 715 673 atque
732 621 825 670 exiguis
840 622 878 661 vel
894 621 955 662 honi.

104 687 182 738 operis
191 687 230 727 vel
241 686 364 737 degeneris
374 685 461 737 flagitii
470 685 598 726 momentis
608 686 655 726 huc
666 684 736 735 atque
744 683 802 723 illuc
809 694 879 734 saepe
886 683 956 723 incli-

66 785 68 787 ,
105 750 203 790 natur.»
218 775 250 780 -
264 749 465 799 Hieronymus,
481 749 541 789 Ado
557 750 642 798 locta,
657 752 679 797 2,
695 751 723 790 32
740 750 769 800 (R
785 748 862 798 1383);
883 747 952 787 «Iam

105 813 179 853 nostri
192 812 283 853 laboris
296 811 338 860 est,
353 823 396 863 pro
412 811 547 853 diversitate
561 812 679 853 virtutum
695 811 789 851 diversa
802 809 873 850 nobis
886 821 953 860 prae

89 875 154 916 -mia
164 886 314 926 praeparare.
324 893 333 912 »
345 901 377 906 .-
388 874 491 927 [tyrilli
503 874 582 916 Alex.
595 874 729 916 doctrinam
741 887 763 915 v.
779 874 864 925 Wer'pl,
877 872 956 913 Helle--

105 938 170 978 lehre
189 950 212 989 p.
236 941 319 979 Zdttss:
345 938 422 979 Habet
443 937 951 991 1111111101μισθός,ἀντιμισθία,άντίὸοσις,

105 993 201 1042 Obiecta
214 1001 320 1053 assignat
334 1000 490 1052 augmentum
504 1000 593 1051 gratiae
609 1000 633 1041 et
645 999 721 1040 vitam
736 998 865 1040 aeternam.
881 998 950 1049 Rigo-

104 1075 182 1105 rosam
201 1063 318 1105 iustitiam
336 1064 447 1112 excludit,
469 1074 523 1104 cum
541 1065 606 1104 Deus
623 1062 755 1103 liberaliter
773 1060 910 1113 promiserit
928 1061 955 1102 et

104 1137 176 1176 supra
190 1126 299 1167 debitum
311 1126 418 1167 conterat
429 1127 571 1166 mercedem.

78 1270 80 1276 ·
104 1262 159 1303 709.
197 1261 221 1302 S.
240 1260 369 1313 Augustini
391 1261 456 1301 clara
479 1260 586 1301 doctrina
602 1261 637 1302 est
654 1261 723 1301 haec:
752 1260 893 1301 Iustiiicatio
916 1260 955 1301 estv

104 1324 215 1375 gratuita,
229 1324 285 1365 licet
298 1324 407 1364 homines
420 1335 464 1374 per
477 1323 553 1364 iidem
567 1323 684 1364 divinitus
698 1323 772 1374 gratis
785 1322 897 1363 donatam
909 1323 956 1363 ali--

104 1387 223 1438 quatenus
238 1398 291 1428 earn
307 1386 452 1427 mereantur.
471 1386 617 1427 testificatus
634 1385 714 1427 autem
731 1397 774 1437 per
791 1387 855 1426 bona
871 1396 949 1436 opera,

104 1450 159 1491 licet
170 1450 223 1501 ipsa
235 1449 283 1490 sint
295 1450 357 1490 dona
369 1450 420 1498 Dei,
434 1460 490 1489 vere
500 1449 606 1490 meretur
616 1449 691 1490 ritem
705 1448 826 1490 aeternam
840 1459 956 1500 augmen-

104 1512 202 1564 tumque
222 1512 333 1553 iustitiae.
353 1538 384 1544 —-
402 1513 431 1552 Iu
449 1513 480 1553 Ps
501 1514 534 1562 83,
556 1516 582 1554 16
604 1513 633 1564 (R
653 1515 729 1564 terp:
756 1512 951 1563 «Indulgendum

104 1575 208 1624 donavit,
234 1586 346 1616 coronam
369 1575 459 1624 reddet,
484 1575 585 1616 donator
608 1576 643 1616 est
665 1574 836 1626 indulgentiae,
859 1573 956 1616 debitor*

104 1649 210 1679 coronae.
229 1639 297 1679 Unde
315 1638 421 1679 debitor?
437 1638 534 1689 Accepit
549 1638 668 1689 aliquid‘l.
679 1670 699 1678 ..
718 1638 855 1679 Debitorem
871 1638 956 1678 Domi-v

104 1712 149 1741 nus
163 1701 214 1751 ipse
228 1712 252 1741 se
268 1701 330 1749 iecit,
346 1712 394 1742 non
408 1701 553 1752 accipiendo,
570 1703 610 1742 sed
626 1701 794 1752 promittendo.
805 1719 815 1738 »
830 1727 862 1733 -
872 1701 955 1742 Serme

104 1766 138 1812 87,
152 1767 173 1813 4,
188 1768 202 1804 6
218 1765 247 1817 (R
260 1764 337 1816 1502):
357 1764 472 1805 «Erimus
484 1775 538 1815 ergo
553 1764 579 1804 in
593 1764 636 1805 ille
649 1765 758 1805 mercede
769 1775 854 1805 ornnes
866 1775 956 1815 aequa--

103 1826 150 1867 les,
161 1859 165 1867 .
176 1840 197 1875 .;
215 1827 271 1877 cilia
288 1827 401 1868 denarius
416 1827 457 1875 ille
473 1827 522 1868 vita
538 1827 634 1869 aeterna
650 1827 692 1876 est,
710 1827 733 1868 et
749 1827 774 1867 in
790 1827 841 1868 vita
856 1827 952 1868 aeterna

103 1901 185 1930 ornnes
203 1889 313 1941 aequales
334 1889 410 1930 erunt.
434 1890 549 1939 Quamvis
568 1891 634 1930 enim
653 1890 794 1931 meritorum
815 1889 952 1931 diversitate

104 1952 238 2004 fulgebunt,
257 1952 319 1993 alius
337 1953 420 2003 magis,
440 1953 501 1992 elius
525 1953 613 2000 minus,
640 1954 704 2002 quod
729 1954 809 1993 tamen
828 1953 950 1994 advitam

104 2014 225 2055 aeternam
239 2014 347 2065 pertinet,
364 2014 472 2065 aequalis
485 2015 531 2055 erit
544 2015 663 2056 omnibus,
673 2033 683 2052 »
699 2039 730 2044 »-
745 2016 779 2055 De
794 2021 854 2066 prat.
870 2023 891 2055 et
907 2016 954 2055 lib„

104 2078 153 2117 urb,
172 2081 192 2126 6,
211 2080 239 2118 14
254 2078 284 2129 (R
301 2078 377 2126 lilssilz
400 2078 463 2118 «Cui
480 2078 591 2119 redderet
607 2089 719 2118 coronam
736 2078 814 2118 iustus
831 2078 910 2126 iudex,
930 2078 949 2117 si

103 2151 150 2180 non
164 2140 275 2180 donasset
288 2139 389 2191 gratiam
401 2141 537 2181 misericors
550 2140 649 2191 poteri»
664 2167 696 2172 --
708 2142 783 2192 Epist.
799 2143 840 2182 191
853 2141 884 2182 ad
899 2140 955 2180 Sin»

103 2203 154 2243 tum
166 2206 186 2251 3,
200 2206 213 2244 6
227 2203 256 2255 (R
268 2204 344 2254 iulet:
363 2203 484 2244 «Nullane
496 2203 569 2254 igitur
582 2204 638 2245 sunt
650 2205 736 2245 merita
745 2204 877 2245 iustorum
890 2204 956 2245 Sunt⁴

46 2274 48 2276 ·
102 2265 181 2316 plane,
201 2266 258 2317 quia
277 2265 332 2306 iusti
351 2262 414 2307 suntss
434 2266 481 2307 Sed
498 2267 526 2307 ut
544 2266 600 2308 lusti
619 2266 712 2317 fierent,
731 2267 817 2308 merita
835 2279 883 2309 non
901 2268 956 2308 tue--

103 2328 166 2369 runt.
176 2346 186 2365 n
200 2352 232 2357 —-
241 2328 300 2369 ibid.
313 2331 334 2378 5,
348 2332 375 2369 20
390 2330 420 2380 (R
433 2330 509 2381 1453):
528 2347 538 2366 1
547 2330 614 2370 Sicut
626 2330 710 2371 merito
724 2330 814 2380 peccati
827 2330 951 2381 tamquam

103 2391 250 2442 stipendium
261 2391 371 2432 redditur
381 2403 454 2440 mors,
468 2392 500 2433 ita
512 2392 597 2439 merito
611 2391 714 2434 iustitiae
727 2392 850 2444 tamquam
864 2393 955 2443 stipem

26 2499 28 2502 f
104 2454 170 2496 ctum
186 2455 236 2496 1111
252 2448 354 2496 aeterna
364 2469 375 2488 1
391 2481 424 2487 -
440 2456 476 2496 cr.
493 2458 514 2498 a
531 2458 655 2498 14521498
672 2459 725 2498 1575
743 2459 804 2498 taor.
822 2458 956 2498 Μ1111111,

102 2519 182 2571 aliquo
197 2520 268 2560 modo
282 2519 444 2561 diversitatem
458 2520 538 2562 meriti
552 2520 624 2562 fidei
637 2521 764 2562 mortuae
782 2522 821 2574 (de
836 2522 955 2576 congruo)

103 2584 126 2625 et
138 2585 210 2626 fidei
222 2585 303 2626 vivae
318 2585 355 2636 (de
368 2585 504 2638 condigno).
519 2586 556 2627 Ar
569 2586 655 2637 Simpl,
669 2589 689 2635 1,
703 2589 724 2635 2,
738 2590 763 2627 2:
781 2586 953 2627 Gatechumeni

103 2648 211 2696 credunt;
227 2649 351 2690 Cornelius
365 2649 477 2690 credebat
489 2651 546 2699 Deo,
561 2662 616 2691 cum
632 2650 788 2701 eleemosynis
802 2651 827 2692 et
839 2651 955 2692 orationi--

102 2713 148 2754 bus
164 2713 266 2763 dignum
282 2724 305 2754 se
322 2713 453 2764 praeberet,
471 2715 509 2755 cui
526 2715 626 2765 angelus
641 2714 782 2757 mitteretur.
799 2715 845 2757 Sed
862 2717 888 2757 in
903 2717 954 2765 his„

103 2777 231 2828 antequam
250 2777 453 2818 sacramentorum
472 2779 653 2830 participatione
671 2779 854 2831 incorporentur
873 2781 955 2822 Eccle-

103 2841 158 2889 siae,
175 2840 259 2881 «tanta
271 2842 306 2882 est
318 2841 394 2892 gratie
406 2841 473 2891 fidei,
486 2844 576 2893 quanta
589 2854 638 2884 non
651 2843 736 2885 sufficit
748 2846 780 2885 ed
793 2845 949 2885 obtinendum

103 2915 204 2955 regnum
219 2904 339 2945 caelorum
347 2922 366 2945 ».
383 2906 433 2946 Hae
449 2905 612 2948 inchoationes
627 2907 685 2948 fidei
702 2909 758 2949 sunt
776 2925 786 2945 «
794 2908 955 2960 conceptioni-1-

103 2968 149 3009 bus
165 2969 283 3018 similes»;
302 2969 449 3011 «sedetiam
467 2972 532 3012 nasci
548 2982 610 3022 opus
627 2970 668 3020 est,
686 2972 714 3014 nt
731 2974 761 3014 ed
779 2973 853 3014 vitam
869 2984 956 3024 perve-
