2214 3350
182 214 218 250 380
369 216 423 251 sect.
440 216 475 251 IV.
491 217 522 251 De
536 215 619 250 natura
633 214 719 258 gratiae
734 213 829 249 actualis

182 321 237 363 502.
275 321 360 364 Patres
371 324 421 364 fere
433 324 527 365 eosdem
538 322 653 364 terminos
663 321 785 362 adhibent.
798 321 929 361 Clemens
939 320 1030 368 Alex„

181 385 269 425 Suom.
287 389 308 434 6,
326 388 359 434 17,
377 388 425 435 157,
442 390 456 427 4
473 387 502 438 (R
517 385 580 436 430):
603 384 788 425 «Virtuosorum
800 382 929 424 hominum
944 384 1030 435 cogita-

181 448 257 488 tiones
277 450 409 489 secundum
428 447 609 498 inspirationem
637 448 780 503 (ἐπίπωοιαν)
809 446 917 488 divinem
938 447 1028 488 11111.»

180 534 212 540 -
227 511 379 561 Ephraem,
393 503 484 562 Hymni
499 511 528 550 de
542 510 727 562 Epiphaniam,
744 512 770 550 15
787 511 817 562 (R
828 511 893 562 704):
912 510 1030 550 Dominus
1069 510 1071 513 ’

182 573 256 622 docet,
270 574 350 616 erudit
362 575 385 615 et
396 573 498 625 acquirit
509 584 559 614 nos.
573 599 604 604 —
616 571 764 624 Augustinus
780 574 819 626 (ci.
833 586 857 613 n.
872 577 920 621 186;
934 575 987 627 Pin.
1002 576 1030 613 16

181 640 252 686 21:313
264 638 317 678 Ber.
330 640 357 678 48
368 640 403 686 5ος
415 637 537 677 8111111111
549 639 575 676 03
586 637 609 677 11
620 635 728 687 passim),
740 637 775 676 De
786 647 850 687 perc.
864 648 922 677 mer.
937 642 959 676 et
969 648 1028 676 rem.

183 703 202 749 1,
219 703 254 749 25,
271 702 310 741 37:
330 700 431 741 Interior
444 699 558 750 magister
573 700 647 747 docet,
664 698 790 748 inspiratio
804 699 856 740 eius
871 699 945 748 docet,
963 710 1030 739 secus

181 763 315 804 forinsecus
326 763 428 809 inaniter
440 762 593 813 perstrepunt
604 762 684 801 verba.
698 788 730 793 -
741 762 842 803 Lumine
856 762 950 803 aeterno
964 761 1030 801 intus

182 837 252 866 mens
269 826 409 877 aspergitur.
433 851 465 856 —
487 828 558 873 219,
577 828 604 866 33
624 826 652 876 (R
669 824 746 874 1724):
774 823 839 866 Deus
862 824 945 875 aperit,
965 826 1029 876 quod

181 888 277 936 latebat,
295 889 318 929 et
333 899 404 929 suave
420 887 484 936 11111,
500 889 565 938 quod
580 899 629 928 non
645 887 783 928 delectabat.
799 914 831 919 -
845 888 875 927 In
890 889 922 928 Ps
938 890 985 937 102,
1002 890 1029 927 16

184 952 213 1002 (R
231 951 307 1002 1483);
328 952 392 992 Deus
407 951 481 992 etiam
498 951 584 992 «vocat
600 962 644 1001 per
657 951 769 991 intimam
786 950 979 1001 cogitationem».
998 977 1031 982 -

180 1015 210 1053 In
223 1015 254 1053 Pr
269 1017 316 1062 118,
332 1017 365 1063 10,
381 1017 405 1054 6;
426 1013 768 1054 «0011111(111111110111111111
783 1014 818 1055 est
832 1013 963 1055 delectatio.
972 1033 981 1051 a
998 1040 1030 1045 -

182 1079 215 1126 17,
232 1080 245 1117 3
262 1078 291 1128 (R
306 1078 383 1128 1485);
403 1078 494 1118 «Docet
505 1078 570 1117 Deus
585 1077 725 1117 suavitatem
740 1077 881 1127 inspirando
897 1076 1030 1118 delectatio

122 1133 124 1136 ’
180 1151 243 1187 nem,
258 1140 326 1180 docet
338 1140 491 1190 disciplinam
505 1140 659 1189 temperando
673 1138 860 1188 tribulationem,
876 1139 943 1181 docet
956 1140 1029 1180 scien-

181 1203 239 1243 tiam
252 1202 397 1243 insinuando
411 1202 583 1253 cognitionem.
594 1234 598 1241 .
611 1216 631 1251 .;
645 1203 677 1243 sia
690 1203 763 1251 docet,
778 1203 805 1244 11
818 1203 914 1243 scienda
927 1203 1030 1243 sciamus

181 1265 311 1315 aperiendo
321 1265 453 1314 veritatem,
467 1265 500 1305 sic
512 1265 585 1314 docet,
598 1266 626 1306 ut
637 1265 748 1306 iacienda
759 1266 877 1306 iaciamus
888 1265 1029 1316 inspirando

181 1328 330 1368 suauitatem
341 1342 350 1361 υ
363 1352 395 1357 -
406 1331 441 1377 22,
450 1330 475 1368 7:
492 1330 556 1369 Deus
569 1329 675 1378 impertit
688 1328 819 1376 caritatem,
834 1329 875 1370 dat
888 1328 1028 1378 suavitatem

183 1391 334 1431 «utbonum
349 1402 403 1431 vere
426 1391 493 1440 bene,
518 1391 534 1430 1,
554 1402 619 1431 1..;.
643 1391 700 1431 boni
719 1389 851 1442 spiritualis
875 1391 1028 1432 delectatione

182 1454 327 1494 iaciamus».
349 1479 381 1484 -
398 1455 468 1494 1111
485 1455 514 1494 11.
531 1457 565 1502 26,
582 1457 596 1495 4
614 1454 642 1505 (R
660 1454 735 1504 1822):
763 1455 838 1494 Homo
862 1454 983 1495 voluntate
1006 1455 1029 1495 et

181 1517 301 1567 voluptate
316 1516 420 1557 trabitur
431 1529 445 1557 a
459 1516 535 1557 Patre.
551 1542 583 1547 —
596 1518 728 1565 Prosper,
746 1516 769 1557 C.
787 1516 844 1557 0011.
860 1519 880 1566 7,
895 1521 910 1558 2
926 1518 978 1569 (ML
992 1519 1026 1566 51,

180 1583 248 1628 2305,
265 1580 295 1620 ci.
313 1581 333 1619 R
349 1580 412 1630 2025)
422 1593 434 1619 :⁴
446 1580 556 1620 Trahunt
572 1580 650 1628 timor,
667 1579 765 1628 laetitia,
784 1580 938 1629 desiderium,
954 1580 1029 1621 delec-

180 1642 281 1682 tationes
293 1642 381 1692 aliique
395 1642 504 1690 affectus,
519 1653 562 1692 per
575 1654 635 1693 quos
647 1642 750 1683 visitatio
764 1643 807 1684 Dei
821 1643 931 1683 animum
943 1643 1028 1683 huma-

181 1717 241 1746 num
256 1706 329 1746 ducit.
344 1731 377 1736 -
390 1708 428 1746 De
441 1717 501 1746 voe.
516 1706 592 1756 gent.
611 1708 630 1754 1,
647 1710 660 1747 8
678 1707 733 1758 (ML
746 1708 780 1756 51,
797 1708 846 1755 6563
863 1708 893 1747 11.
910 1708 931 1747 R
946 1707 1023 1757 2043):

180 1771 226 1810 Per
240 1770 401 1820 operationem
416 1770 534 1820 potentiae
551 1769 645 1810 diuinae
661 1769 774 1809 firmatur
789 1770 897 1819 affectus,
915 1770 1029 1811 dulcescit

180 1834 248 1873 cibus
259 1834 333 1880 verbi,
347 1833 438 1874 veteres
450 1834 561 1874 tenebrae
574 1845 636 1874 noua
647 1834 699 1873 luce
712 1833 842 1884 pelluntur.
856 1860 888 1865 -
899 1836 920 1882 2,
934 1838 961 1875 26
974 1834 1028 1885 (ML

179 1900 213 1945 51,
228 1898 292 1948 711>;
311 1897 392 1937 Gratia
404 1898 447 1937 Dei
463 1897 552 1945 suadet,
569 1897 654 1946 movet,
670 1897 748 1945 terret,
764 1897 854 1946 incitat,
871 1898 911 1938 dat
925 1897 1028 1938 intellec-

180 1960 239 2008 tum,
259 1960 361 2011 inspirat
381 1960 515 2008 consilium,
535 1972 575 2000 eor
598 1960 721 2001 1111111111
738 1961 761 2002 11
777 1962 835 2001 fidei
859 1961 1028 2002 affectionibus

180 2024 275 2064 imbuit.
295 2049 326 2054 —
344 2024 525 2074 Fulgentius,
546 2025 620 2073 Epist.
640 2026 673 2072 17,
694 2026 722 2064 67
742 2024 794 2076 (ML
814 2026 848 2073 65,
869 2026 935 2073 4925,
956 2024 985 2064 cf.
1006 2024 1027 2063 R

179 2088 257 2138 2246:
277 2088 341 2127 Deus
356 2088 446 2128 donum
460 2086 646 2127 illuminationis
660 2089 691 2128 ad
706 2088 852 2128 credendum
868 2087 1026 2138 praeparavit,

180 2151 291 2191 auditum
303 2152 408 2191 hominis
420 2151 541 2192 interioris
551 2151 627 2201 aperit
640 2151 681 2192 etc.
696 2151 847 2194 —Ecclesia
861 2152 943 2192 eodem
956 2152 1027 2193 modo

180 2215 299 2265 loquitur:
319 2215 544 2265 Carthaginense
560 2226 611 2255 can.
627 2219 640 2255 4
659 2216 701 2267 (Dr
717 2216 779 2266 104):
799 2216 913 2266 Aperitur
927 2216 950 2256 et
964 2215 1034 2257 reve

180 2279 245 2319 latur
258 2278 420 2329 intellegentia
433 2278 610 2327 mandatorum
626 2278 767 2330 praestatur,
783 2279 811 2319 ut
826 2278 936 2320 iacienda
950 2281 1027 2320 iacere

180 2343 354 2393 diligamus...
380 2369 412 2374 *—
437 2343 588 2384 Indieulus
608 2354 658 2394 cap.
677 2347 690 2384 8
713 2343 754 2393 (Dr
775 2342 838 2392 134):
862 2343 1028 2394 Praeparetur

179 2407 297 2447 uoluntas.
309 2408 373 2447 Deus
383 2407 490 2458 paternis
501 2407 699 2457 inspirationibus
711 2407 787 2458 tangit
799 2407 878 2447 corda.
891 2434 924 2440 -
935 2420 985 2459 cap.
1001 2410 1027 2449 12

183 2471 303 2522 (Dz141):
329 2472 442 2512 Liberum
464 2472 591 2512 arbitrium
614 2472 642 2513 de
663 2471 786 2513 tenebroso
808 2472 838 2512 iit
858 2472 973 2514 lucidum,
996 2498 1029 2503 —

179 2535 388 2576 Arausicanum
406 2547 457 2576 can.
477 2539 490 2576 4
510 2536 633 2587 (Dz177):
663 2536 766 2587 Spiritus
792 2536 872 2577 Sancti
897 2536 987 2577 infusio
1004 2537 1027 2577 et

180 2599 285 2651 operatio
298 2600 324 2638 in
336 2611 386 2647 nos,
400 2612 451 2640 ean.
465 2602 489 2640 5:
508 2600 640 2650 inspiratio;
654 2611 705 2640 can.
720 2604 745 2641 6:
762 2600 852 2640 infusio
866 2601 889 2641 et
902 2600 1026 2652 inspiratio

181 2663 286 2715 Spiritus
312 2663 398 2713 Senatu
424 2675 476 2704 can.
496 2666 521 2704 7:
552 2663 697 2705 illuminatio
723 2665 746 2705 et
771 2663 896 2713 inspiratio
924 2664 1027 2715 Spiritus

181 2728 269 2776 Sancti,
287 2727 329 2779 qui
346 2728 386 2768 dat
401 2728 550 2776 suauitatem,
567 2739 618 2768 can.
636 2732 660 2769 8:
679 2727 750 2769 Pater
765 2728 870 2768 attrahit.
886 2752 918 2757 —
933 2740 984 2769 can.
999 2731 1026 2769 22

182 2792 223 2843 (Dr
237 2792 300 2843 195);
317 2792 352 2831 Ex
365 2803 391 2831 10
405 2792 469 2833 tonte
483 2792 551 2843 quasi
565 2792 638 2841 guttis
651 2792 797 2843 quibusdam
811 2792 913 2833 irrorati.
928 2817 958 2821 —-
971 2794 1026 2832 Eos-

181 2856 236 2896 dem
255 2856 371 2896 terminos
389 2856 591 2896 Tridentinum
612 2856 696 2905 sanxit,
718 2867 794 2905 praes.
814 2867 832 2895 s.
851 2859 864 2896 6
883 2867 934 2907 cap.
955 2859 975 2896 5.
996 2880 1027 2886 —

180 2920 208 2959 ln
219 2920 268 2960 suis
278 2919 462 2961 orationibus
472 2920 577 2960 Ecclesia
587 2932 602 2960 a
613 2921 662 2961 Dec
673 2932 742 2971 saepe
754 2920 814 2971 petit
825 2921 911 2969 lucem,
926 2919 1026 2961 suavita-

180 2985 235 3031 tem,
255 2983 412 3024 dilectionem.
