2214 3350
215 175 293 212 Thesis
309 175 336 210 ir.
354 175 439 210 Deietio
454 174 539 220 peceati
555 174 576 209 et
590 174 703 209 renovatio
720 175 809 210 interna
900 173 935 210 251

88 284 173 332 iustus,
186 284 234 324 sive
245 283 271 323 in
281 284 325 323 hoc
336 284 419 324 ordine
431 282 607 334 supernaturaii
619 282 773 323 iudicialiter
782 287 845 322 reete
857 281 935 332 dispo-

88 347 148 386 situs
166 347 192 386 in
210 346 307 387 essendo
326 347 348 387 et
366 347 397 387 ad
414 346 536 397 agendum
555 345 686 385 seeundum
710 345 753 384 Dei
777 344 932 385 voluntatem.

89 409 237 464 Intellegitur
257 408 395 450 iustificatio
421 407 525 460 prima,
553 418 601 448 non
628 408 732 448 secunda
753 406 801 448 sive
822 418 934 457 augmen-

88 472 140 512 tum
155 471 267 520 iustitiae;
283 471 421 513 iustificatio
437 471 598 523 peccatoris
614 470 662 512 sive
678 469 755 520 impii,
773 470 789 510 i.
806 481 826 510 e.
843 482 856 511 e
872 470 934 510 statu

88 534 205 576 contrarie
228 534 335 585 opposito
357 535 482 585 tamquam
504 533 608 574 termino
623 545 637 573 a
654 544 709 584 quo,
734 544 782 573 non
798 544 811 573 e
828 532 935 583 quolibet

88 597 278 646 contradictorio;
295 596 348 638 aliis
364 597 456 639 tremis:
476 596 614 638 iustificatio
630 608 643 636 e
659 602 722 637 stota
737 595 869 636 iniustitiae
885 594 934 636 sive

87 660 185 711 peccati,
202 671 250 701 non
266 671 278 700 e
293 657 358 701 mera
374 660 482 701 absentia
497 659 601 700 iustitiae
617 657 813 708 supernaturalis,
832 670 892 708 quae
909 658 934 696 in

87 724 180 774 angelis
192 722 215 764 et
228 723 436 774 protoparentiious
450 722 534 763 saitem
548 722 633 762 natura
646 721 713 772 prior
727 722 778 763 erat
791 720 854 762 statu
868 720 933 761 iusti-

87 786 133 827 tiae
150 779 345 837 supernaturalis.
362 811 394 817 —
408 786 433 837 b)
452 784 568 836 peccata
585 785 633 832 sive
649 783 798 834 originaliter
814 784 934 824 contracta

85 849 136 889 sive
152 848 308 899 personaliter
330 846 465 895 commissa;
484 859 532 888 non
549 847 728 888 consideramus
750 858 815 887 nunc
838 846 933 897 peccata

84 910 197 960 actualia,
212 923 272 962 quae
286 911 460 962 praeterierunt
472 922 549 961 neque
563 910 617 951 fieri
629 910 730 961 possunt
743 909 832 951 iniecta
845 910 868 951 et
881 921 933 961 pos-

83 975 143 1015 sunt
155 974 203 1028 dici
216 985 242 1014 eo
256 973 352 1022 remitti,
368 973 432 1025 quod
445 985 493 1014 non
506 972 611 1023 amptius
624 972 782 1023 imputantur,
798 973 839 1014 sed
852 972 933 1013 habi-

69 1029 190 1086 tualis,
207 1036 224 1076 i.
240 1048 261 1077 e.
279 1041 367 1076 statum
381 1037 473 1086 percuti
489 1037 539 1077 sive
555 1036 675 1076 maculam
691 1047 720 1076 ex
735 1035 838 1086 peccatis
854 1035 932 1076 aetua-

54 1140 55 1143 ,
86 1099 150 1140 tibus
166 1100 192 1139 in
207 1099 288 1140 anima
304 1097 475 1139 remanentem.
493 1098 666 1150 Intelleguntur
683 1098 766 1140 saltem
782 1098 863 1139 omnia
880 1109 932 1149 pec-

40 1168 42 1174 ’
86 1162 138 1203 cata
157 1162 303 1210 mortalia3
322 1162 402 1212 quoad
420 1161 525 1202 venialia
543 1159 615 1211 enim,
635 1162 662 1202 ut
681 1161 739 1202 aiibi
759 1160 863 1210 docetur,
884 1172 932 1201 non

86 1225 121 1265 est
139 1225 222 1266 eadem
240 1235 278 1265 res
295 1224 320 1264 in
337 1222 507 1265 iustificatione
525 1235 567 1275 per
587 1224 733 1275 baptismum
751 1224 774 1265 et
792 1235 835 1274 per
851 1224 932 1274 poeni-

83 1287 193 1328 rentium,
212 1287 338 1328 Peccatum
355 1287 478 1328 habituaIe
495 1286 519 1327 et
536 1288 639 1327 maxime
658 1282 730 1328 etiam
748 1285 864 1338 originale
882 1298 932 1328 esse

86 1348 182 1391 realiter
196 1356 218 1390 ei
230 1349 328 1401 physice
342 1350 436 1390 molum
450 1355 539 1390 siarum
553 1349 646 1390 animae
662 1350 792 1391 adversarii
807 1349 932 1390 nobiscum

82 1411 224 1461 admittunt,
238 1412 293 1454 iicet
305 1411 432 1453 essentiam
446 1412 519 1453 huius
532 1412 605 1453 status
617 1413 643 1452 in
656 1411 704 1453 alia
717 1423 742 1453 re
755 1413 846 1463 ponant
858 1423 932 1463 quarn

85 1486 136 1516 nos.
154 1475 291 1525 Secundum
307 1475 371 1526 ipsos
387 1475 423 1516 est
439 1474 628 1524 concupiscentia
644 1474 781 1524 habitualis,
800 1475 931 1515 secundum

82 1548 129 1578 nos
143 1538 245 1589 privatio
260 1538 349 1589 gratiae
365 1537 560 1578 sanctificantis1.
576 1564 607 1569 -
622 1538 642 1590 c)
660 1547 725 1579 vere
741 1537 875 1578 delentur
890 1537 930 1586 ita,

84 1600 112 1641 ut
125 1600 230 1652 amplius
244 1612 292 1641 non
306 1600 429 1648 exsistant
444 1611 491 1640 non
506 1600 546 1649 ita,
562 1601 590 1641 ut
603 1600 714 1651 quamvis
729 1611 811 1652 reapse
826 1599 851 1641 in
866 1601 932 1642 iusti-

82 1664 157 1705 tieato
170 1663 281 1705 exsistere
293 1662 400 1714 pergant,
416 1675 430 1703 a
442 1663 490 1704 Deo
504 1663 552 1703 iam
566 1674 613 1703 non
627 1663 776 1713 imputentur
790 1665 821 1705 ad
835 1664 931 1714 culpam

85 1726 108 1766 et
126 1737 236 1776 poenam.
255 1751 287 1757 *
305 1726 328 1776 d)
350 1725 377 1766 et
395 1726 477 1766 homo
497 1724 609 1766 interne
629 1725 796 1767 renovatur:
827 1727 930 1767 Efieotui

83 1788 261 1830 iustificationis
276 1789 384 1838 neporioo
398 1787 496 1829 additur
509 1789 632 1839 positivus,
650 1789 718 1829 ouius
732 1788 819 1829 natura
834 1789 931 1830 interim

80 1851 190 1892 nondum
220 1851 326 1892 accurate
356 1851 535 1900 determinatur,
566 1851 607 1892 sed
634 1851 823 1902 generalioribus
850 1852 931 1892 verbis

81 1914 251 1955 adumbratur.
269 1914 426 1955 Renovatio
443 1914 478 1955 est
494 1913 607 1955 transitus
624 1926 638 1955 a
656 1914 717 1966 statu
733 1913 826 1956 vetusto
842 1916 874 1956 ad
890 1927 930 1956 no-

81 1988 143 2017 vum
162 1977 210 2018 sive
228 1977 354 2017 recentem.
375 1977 450 2027 Saepe
470 1977 542 2017 simul
561 1976 702 2018 connotatur
720 1978 836 2018 restitutio
856 1977 931 2019 status

84 2039 191 2081 melioris
207 2039 266 2080 otim
283 2039 359 2081 hahiti
377 2040 399 2081 et
417 2039 507 2080 amissi.
525 2040 604 2081 Reaiis
621 2040 711 2091 peccati
730 2040 816 2082 deietio
833 2052 860 2082 eo
879 2041 930 2092 ipso

84 2102 263 2143 renovationem
273 2103 395 2153 quandam
406 2102 527 2153 importat.
540 2104 586 2144 Sed
597 2103 763 2144 contendimus
774 2104 867 2155 praeter
878 2116 931 2145 eam

85 2165 270 2213 renovationem,
286 2176 346 2216 quae
360 2165 469 2216 negative
483 2165 541 2206 dicit
555 2165 739 2207 destructionem
754 2166 841 2218 prioris
857 2167 931 2208 status

79 2227 150 2276 maii,
162 2227 234 2269 etiam
243 2228 344 2278 positive
354 2229 457 2268 conferri
469 2228 591 2269 meliorem
602 2228 691 2270 statum
702 2229 831 2271 internum.
843 2230 931 2271 Utrum

83 2290 123 2330 hio
136 2301 212 2331 novus
224 2291 298 2331 status
310 2289 446 2331 obtineatur
459 2292 521 2331 dono
534 2291 637 2333 increato
651 2303 682 2333 au
694 2292 779 2341 creato,
794 2293 930 2334 transeunte

84 2364 115 2393 an
130 2353 291 2403 permanente,
309 2365 374 2394 nunc
389 2353 498 2394 nondum
513 2354 651 2404 quaerimus
669 2355 719 2406 (sed
735 2355 769 2396 th.
787 2356 831 2407 13).
849 2356 930 2407 Neque

78 2416 123 2456 ‘hic
138 2417 311 2464 examinamus
329 2427 376 2467 quo
391 2426 455 2456 nera
472 2417 562 2457 consoli
577 2417 686 2458 remissio
702 2418 785 2468 culpae
802 2418 824 2459 ei
840 2418 930 2460 infusio

84 2478 142 2518 doni
152 2478 239 2519 interni
250 2478 310 2519 inter
321 2490 344 2519 se
355 2479 496 2519 cohaereant
508 2480 538 2530 (v.
550 2480 622 2520 schol.
634 2484 648 2521 2
658 2481 711 2531 post
721 2482 754 2522 th.
764 2484 798 2529 153
809 2493 833 2521 n.
842 2483 928 2533 436ss).

83 2542 136 2581 Non
151 2551 266 2592 negamus
279 2542 306 2580 in
320 2541 366 2581 aiio
381 2541 464 2581 ordine
479 2541 578 2583 naturae
591 2542 756 2584 remissionem
771 2545 861 2593 peccati
876 2544 929 2586 tieri

83 2614 152 2654 posse
170 2603 220 2644 sine
236 2603 361 2644 collatione
378 2603 435 2644 doni
451 2603 540 2644 interni
556 2606 593 2646 vel
610 2605 683 2646 etiam
700 2605 725 2646 in
742 2606 787 2647 hoo
803 2607 887 2648 ordine
904 2608 929 2648 id

84 2666 191 2706 absolate
207 2666 262 2706 fieri
278 2677 355 2717 posse;
379 2666 421 2706 sed
443 2668 588 2717 quaerimus,
613 2669 672 2719 quid
695 2679 777 2709 revera
800 2669 826 2710 in
850 2670 929 2711 nostro

84 2729 167 2770 ordine
185 2728 235 2770 fiat.
254 2728 446 2780 Respondemus:
474 2729 580 2771 Habetur
603 2731 653 2772 veri
677 2731 782 2772 nominis
799 2734 927 2782 renovatio,

147 2873 155 2894 1
168 2872 242 2908 Etiam
254 2872 327 2913 inter
338 2871 491 2908 catholicos
504 2873 556 2908 sunt
569 2874 669 2909 diversae
683 2875 805 2912 sententiae
819 2876 845 2912 de
859 2885 930 2912 essen-

85 2917 118 2951 tia
132 2918 216 2961 pcccati
229 2918 347 2961 originalis
362 2918 383 2953 et
397 2918 527 2962 nominatim
543 2921 581 2955 sed
596 2920 637 2956 hoo
652 2920 681 2956 ad
695 2921 776 2957 thesim
791 2921 848 2957 nihii
863 2923 930 2958 refert

86 2962 113 3005 (v,
131 2963 149 2997 P
166 2964 199 2999 ΙΙΙ
216 2972 249 3008 pr.
267 2963 316 3006 ars
333 2964 362 2999 IX
377 2972 411 3009 pr.
429 2963 468 3008 28).
