2214 3350
177 218 214 255 390
361 219 418 254 sect.
434 219 470 255 IV.
485 221 516 255 De
529 218 612 255 nature
626 217 711 262 gratiae
727 217 822 253 actualis
896 204 897 211 ἵ

180 327 327 378 (11.292).’-
340 329 361 367 2.
378 326 514 368 Molinistae
529 325 661 377 plerique
673 325 785 376 asserunt
801 324 902 376 gratiam
919 323 1021 365 excitan-

176 388 224 429 tem
237 389 364 430 consistere
377 390 403 430 in
416 391 474 441 ipsis
486 390 598 430 vitalibus
610 389 701 429 actibus
714 388 885 429 indeliberata.
900 387 1021 436 Quatenus

176 452 202 492 hi
213 451 280 492 ectus
289 453 412 493 moraliter
422 454 470 493 sive
480 451 667 492 intentionaliter
676 450 792 492 adiuvant
801 452 835 502 ad⁸
843 452 923 492 actum
934 449 1021 491 delibe-

176 514 263 564 ratum,
274 515 350 566 gratia
360 516 465 557 excitans
474 514 546 555 simui
556 515 591 555 est
600 514 723 554 adiuvans.
737 509 874 555 Secundum
884 512 1021 554 Moliuam

176 577 201 618 et
213 577 274 619 alios
290 578 411 629 theologos
433 577 504 625 ectus,
524 576 549 617 in
567 577 655 627 quibus
678 576 784 618 consistit
807 576 885 627 gretie
906 576 1019 631 excitans,

176 640 299 690 praeterea
312 643 384 682 etiam
397 640 494 692 pliprr'ee
507 640 615 691 influant
630 642 655 681 in
670 640 749 680 actum
765 639 931 689 deliberatum
947 650 1020 690 quare

175 703 253 753 gretie
264 704 381 745 adiuvans
391 704 420 744 ab
430 702 545 743 excitante
557 703 651 752 realiter
662 703 773 743 distincta
785 709 819 742 est
830 703 953 754 superflua
961 703 977 741 1.
990 728 1021 734 »-

177 765 283 807 Suerez
299 763 435 815 veracem
452 766 522 815 neget
539 765 665 816 physicum
683 765 805 806 inflexum
822 765 889 806 ectus
907 764 1020 806 indelibe-

176 828 222 869 rati
236 829 263 869 in
278 828 441 877 deliberatum,
457 828 628 879 consequenter
642 829 734 879 radiari
748 840 810 869 aava
824 830 901 879 aratra
914 829 1020 869 elevante

164 913 165 917 =
175 902 219 941 pro
234 891 289 933 ectu
304 891 441 939 deliberato;
463 902 536 941 quare
553 891 611 932 dicit
626 892 654 943 (3.
672 893 706 940 16,
722 891 758 942 2):
787 907 798 926 «
806 890 887 932 Gratia
902 890 1020 932 adiuvans

176 954 244 994 addit
260 954 351 1005 aliquid
367 954 462 995 realiter
479 955 618 995 distinctum
635 953 899 995 11111151111151115111.»2

175 1089 229 1131 517.
266 1090 335 1131 quta
358 1101 393 1139 ee,
409 1102 470 1141 quae
487 1090 514 1130 in
531 1090 641 1141 proxima
664 1091 725 1131 thesi
750 1090 887 1138 statuemus,
913 1089 1019 1131 realem

175 1152 394 1194 distinctionem
410 1152 491 1203 potius
508 1164 655 1204 negemus.
681 1155 703 1205 a)
723 1153 817 1204 Neque
835 1153 909 1194 ratio
928 1164 1018 1204 neque

175 1216 313 1257 revelatio
328 1216 457 1266 postulet
469 1215 614 1267 duplicem
629 1215 789 1257 entitatem.
805 1217 939 1258 Concursus
953 1227 1019 1267 pree-

174 1279 228 1319 vius
245 1290 293 1319 non
309 1279 431 1330 probetur,
448 1279 507 1320 etsi
524 1278 660 1320 extenditur
676 1280 706 1320 ad
723 1279 802 1320 ectum
818 1278 930 1328 liberum,
949 1278 1018 1320 facile

174 1342 308 1392 periculum
324 1341 419 1382 creetur
431 1341 543 1383 libertati.
561 1341 660 1390 Bitlot,
678 1342 788 1393 quemvis
803 1338 914 1384 admittet
929 1353 1018 1383 novum

175 1415 317 1445 concursum
334 1405 365 1445 ed
381 1404 460 1445 ectum
476 1403 634 1446 deliberatum
653 1404 723 1455 (Prot.
742 1407 751 1451 ἓ
768 1406 854 1453 1113;
871 1416 894 1455 p.
912 1405 1016 1455 25-33),

174 1467 254 1508 tamen
277 1467 365 1508 realem
389 1466 565 1508 distinctionem
589 1467 677 1518 gratiae
701 1467 826 1508 excitantis
842 1467 866 1508 et
882 1467 1018 1508 adinventis

174 1530 245 1580 negat
265 1530 306 1581 (th.
330 1530 373 1581 10).
394 1529 480 1570 Fontes
499 1529 617 1580 quatenus
637 1530 716 1580 ipsum
737 1529 816 1571 ectum
836 1530 972 1580 salutarem,
992 1531 1017 1571 in

172 1592 320 1643 oppositione
336 1593 366 1633 ad
383 1592 458 1633 solam
472 1591 603 1643 potentiam
618 1592 753 1641 proximam
771 1591 907 1634 salutariter
922 1594 1015 1644 agendi,

172 1655 262 1706 gratiae
277 1655 410 1706 specialiter
424 1654 565 1703 attribuunt,
582 1655 703 1696 commode
718 1655 868 1706 explicentur
882 1667 925 1706 per
938 1657 1016 1697 maias

175 1718 322 1768 beneficium
333 1718 430 1767 morale,
450 1718 514 1769 quod
532 1718 609 1768 gretie
628 1718 713 1769 elstrae
732 1729 788 1769 prae
806 1729 870 1760 mere
889 1719 1016 1760 sufficiente

172 1781 315 1822 50111511-
328 1781 353 1833 b)
368 1780 468 1821 Potius
482 1779 619 1820 suadetur
633 1781 722 1821 realis
735 1780 875 1823 identitas
889 1782 912 1823 et
926 1781 1016 1822 ratione

172 1844 196 1885 et
213 1843 363 1885 revelatione.
383 1843 477 1884 Bonum
496 1843 630 1892 consilium,
651 1855 698 1894 quo
717 1843 809 1884 amicus
827 1845 932 1884 amicum
950 1855 1016 1895 prae-

172 1907 244 1955 venit,
257 1907 292 1947 est
301 1906 406 1957 praecise
417 1906 449 1955 id,
462 1906 526 1957 quod
535 1906 589 1947 ectu
599 1907 703 1956 adiuvet,
717 1908 812 1959 quando
824 1907 883 1949 alter
894 1908 930 1948 illi
940 1908 1014 1959 paret.

172 1970 244 2021 Ignis,
264 1970 305 2020 qui
324 1970 468 2018 accenditur,
489 1969 516 2011 ut
534 1970 605 2010 homo
625 1969 699 2020 possit
717 1970 830 2019 calefieri,
851 1972 932 2012 menet
951 1971 1016 2011 idem

171 2034 296 2083 auxilium,
312 2034 407 2085 quando
422 2044 504 2084 reapse
517 2045 543 2074 eo
559 2033 645 2074 calefit.
660 2033 862 2075 Tridentinum
877 2047 895 2075 s.
911 2039 987 2085 deep.
1003 2037 1016 2075 5

174 2098 216 2150 (ΒΖ
234 2097 282 2149 797)
302 2097 398 2139 videtur
413 2097 479 2148 loqui
498 2097 527 2138 de
544 2109 593 2138 une
610 2097 740 2149 eademque
757 2098 841 2148 gratia,
860 2110 920 2149 quae
937 2100 1016 2150 primo

172 2161 259 2202 excitat
275 2161 345 2213 etque
362 2162 448 2202 deinde
465 2161 570 2209 adiuvat,
589 2162 684 2211 quando
701 2162 774 2202 homo
790 2161 864 2203 libere
881 2162 979 2204 assentit
993 2164 1017 2204 51

171 2224 317 2276 cooperetur,
342 2224 523 2275 inspirationem
545 2224 612 2265 illem
635 2224 758 2275 recipiens,
782 2237 856 2276 quem
878 2227 902 2268 et
923 2227 1015 2269 abicere

171 2290 254 2340 potest.
273 2286 388 2331 Similiter
404 2288 573 2330 Vaticanum
590 2300 607 2329 s,
626 2292 639 2330 3
655 2301 706 2341 cap.
724 2293 737 2330 3
756 2291 798 2341 (De
815 2290 886 2341 1791).

233 2423 240 2443 1
256 2422 381 2457 Concursus
395 2421 543 2457 simultaneus
557 2422 586 2457 ad
600 2422 675 2457 actum
689 2421 835 2458 deliberatum
850 2425 877 2459 ab
892 2424 926 2459 his
942 2424 1015 2460 aucto-

171 2469 233 2503 ribus
248 2477 293 2504 non
307 2467 430 2514 concipitur
444 2469 469 2503 ut
483 2468 561 2513 gratia*
573 2468 689 2510 adiuvans,
705 2469 758 2514 quie
773 2477 819 2504 non
833 2470 865 2504 551
880 2470 1015 2516 principium

171 2517 270 2551 creatum
283 2516 350 2551 huius
365 2516 434 2559 actus
450 2516 489 2551 sed
502 2524 623 2551 concursus
638 2516 726 2552 oblatus
739 2517 772 2552 551
785 2518 844 2552 Deus
858 2517 951 2562 paratus
966 2527 1015 2553 con-

171 2571 266 2605 currere,
281 2563 375 2598 cellatus
390 2563 464 2598 eutem
479 2563 512 2598 est
526 2563 574 2608 ipse
588 2563 651 2598 aetus
665 2563 782 2607 secundus,
798 2565 864 2608 prout
878 2573 892 2599 a
906 2565 951 2600 Deo
966 2574 1015 2600 con-

171 2610 273 2645 currente
288 2610 409 2654 productus
424 2609 456 2645 est
474 2608 508 2656 (cf.
526 2618 547 2652 n.
565 2609 628 2653 aaa).

232 2679 241 2699 ²
257 2678 382 2713 secundum
396 2678 480 2714 Palm.
500 2678 527 2723 (p,
545 2677 594 2724 815)
612 2679 693 2715 Suarez
706 2679 732 2714 in
745 2679 788 2714 hac
803 2680 932 2723 quaestione
946 2680 1014 2715 realis

170 2724 320 2760 distinctionis
341 2725 456 2770 utriusque
479 2724 565 2770 gratiae
588 2734 665 2771 reapse
689 2725 820 2761 adversatur
843 2726 945 2762 Molinae.
972 2727 1014 2763 Sed

170 2772 292 2807 secundum
304 2771 383 2807 Mazz:
400 2772 428 2817 (n.
442 2771 544 2817 iro-181)
559 2772 579 2807 et
589 2772 647 2808 Ber.
664 2773 692 2818 (n.
707 2770 817 2816 121-127),
831 2773 850 2807 51
862 2772 1013 2810 abstrahimus

171 2828 185 2853 a
202 2819 338 2863 quaestione,
359 2819 415 2854 sitne
432 2819 531 2854 influxus
548 2818 640 2855 moralis
658 2818 746 2854 tantum
765 2828 796 2854 an
814 2819 880 2855 simul
900 2820 1012 2864 physicus,

170 2866 288 2902 diversitas
298 2865 331 2901 est
341 2865 366 2899 111
377 2866 422 2900 roto
433 2865 497 2900 moda
510 2865 619 2911 loquendi.
633 2868 676 2903 Res
686 2866 774 2902 videtur
784 2865 924 2910 aliquomodo
936 2867 1015 2912 depen-

171 2913 221 2948 dere
233 2922 247 2947 a
259 2912 387 2957 quaestione
399 2912 476 2957 eliqua
486 2922 542 2959 pure
554 2912 707 2958 metaphysica
719 2913 840 2949 denatura
852 2914 952 2955 actionis,
966 2914 1011 2950 scil.

169 2960 246 2994 utrum
257 2960 313 2995 actio
325 2960 353 2994 511
363 2959 487 2995 formaliter
496 2960 522 2994 ia
530 2968 595 3004 passo
606 2969 636 2995 an
645 2960 670 2994 in
680 2961 759 3004 aperite
771 2969 801 2996 an
811 2960 840 2995 sit
849 2962 929 2997 modus
939 2969 1014 3007 super-

171 3007 267 3050 additus,
279 3006 322 3051 qui
338 3008 437 3042 trauseat
453 3007 481 3042 ab
497 3006 577 3051 agente
592 3007 617 3041 in
632 3016 729 3052 passum.
