2214 3350
240 178 330 220 ”Thesis
346 183 374 219 14.
392 177 533 219 Consortium
549 182 637 218 divinae
652 182 747 218 naturae
887 179 925 217 307

77 301 137 337 gum,
151 287 176 327 'et
189 292 303 336 'quatenus
320 291 388 327 simul
413 291 444 326 est
468 290 592 336 spirituale,
617 288 711 325 includit
724 290 865 325 consortium
882 298 922 335 per

76 344 179 388 gratiam.
195 362 218 368 -
233 343 267 378 Ad
281 343 447 378 consortium
462 340 678 377 iustificationis
692 341 757 377 varia
772 341 832 377 dena
847 351 922 387 super-

36 407 37 411 *
76 395 191 431 naturalia
202 395 296 441 diversis
302 395 374 431 modis
382 393 532 436 contribuunt,
545 393 576 429 sic
587 393 650 429 actus
662 392 772 429 salutares
785 393 920 438 dispositive,

77 446 218 483 sacramenta
231 446 437 482 instrumentaliter.
452 446 496 482 Per
510 446 583 490 ipsam
597 445 709 480 internam
724 444 922 490 sanctificationem

76 500 153 534 anima
174 498 258 544 duplici
280 499 376 534 donatur
398 498 569 545 participatione
592 496 727 533 divinitatis:
754 498 775 542 a)
793 497 921 532 termina-

75 551 142 593 tiva,
162 559 218 595 quae
236 551 270 586 est
287 550 390 596 specialis
409 550 535 585 coniunctio
554 559 605 584 cum
629 549 649 585 S.
670 549 756 593 Spiritu
780 548 921 584 inhabitante

20 624 25 628 ·
75 603 191 646 tamquam
204 597 298 637 termino
312 611 382 637 novae
397 600 521 644 relationis;
536 601 600 636 cuius
614 601 785 636 tundamentum
800 601 834 635 est
847 600 922 644 gratia

76 654 228 696 sanctificans,
245 655 270 689 ut
286 654 374 700 exponit
390 655 410 691 S.
428 653 621 688 Beneventura
639 652 673 698 (In
687 652 700 687 2
715 653 735 687 d.
753 651 776 689 26
793 662 811 697 q.
830 653 842 689 2
857 653 886 688 ad
901 652 919 697 1)

76 705 175 751 exemplo
196 705 253 749 equi,
275 706 312 750 qui
332 715 371 751 per
391 705 480 750 suentem
500 705 593 740 tenetur.
607 704 701 740 sedhic
715 704 805 740 eftectus
820 703 922 739 turmalis

75 757 162 802 gratiae
185 757 279 801 creatae,
302 757 398 802 innitare
421 756 467 793 scil.
493 765 543 792 eam
565 756 702 799 relationem,
727 765 772 801 qna
795 756 922 800 possidetur

75 809 159 844 donum
172 808 302 851 increatum,
317 809 452 844 naturaliter
466 808 567 853 sequitur
581 817 631 844 eum
644 808 753 851 effectum,
768 817 834 853 quem
847 807 922 852 gratia

75 870 120 905 qua
138 861 234 905 qualitas
255 861 356 896 absoluta
374 860 498 896 formaliter
516 860 607 896 conteri.
625 879 649 885 -
666 859 737 904 Atque
755 859 786 895 sic
805 860 921 904 tamquam

75 904 188 957 proripias
213 914 233 947 et
256 912 377 956 primarius
395 913 485 948 eftectus
502 912 603 947 formalis
620 912 714 948 hahetur
736 913 758 958 h)
777 911 920 958 participatio

74 964 200 999 formalis
221 964 309 1000 divinae
329 964 430 999 naturae.
450 983 474 989 —
494 962 630 1000 Testimonia
650 963 778 1009 Scripturae
801 972 920 1008 eorumque

74 1025 114 1062 per
132 1015 283 1050 Traditionem
301 1015 408 1060 expositio
426 1015 517 1059 exigunt
540 1015 591 1061 plus
615 1024 682 1060 quain
706 1016 843 1051 consortium
859 1025 920 1051 mere

74 1067 252 1111 metaphoricum
263 1067 298 1102 vel
311 1076 371 1103 mere
386 1067 487 1102 ethicum.
504 1068 533 1103 Ut
547 1068 622 1103 autem
637 1077 661 1103 ex
675 1066 748 1103 altera
760 1068 824 1112 parte
838 1067 920 1103 nitetur

74 1118 236 1163 panttretsmus,
250 1127 295 1153 non
308 1119 371 1155 debet
383 1121 465 1154 natura
478 1119 554 1154 dimna
567 1128 637 1163 neque
650 1119 722 1155 ullum
735 1120 867 1156 attributum
880 1120 920 1155 Dei

50 1181 52 1186 ·
74 1171 166 1205 univoce
178 1170 304 1216 praedicari
317 1170 344 1205 de
356 1172 401 1206 Deo
413 1171 433 1205 et
445 1171 556 1213 creatura;
569 1171 661 1216 insuper
674 1171 737 1207 dehet
750 1171 835 1206 servari
848 1180 920 1206 essen-

73 1222 135 1258 tialis
158 1222 275 1258 diversitas
292 1223 320 1257 ab
336 1231 362 1258 eo
378 1222 488 1257 consortio
512 1223 661 1265 substantiali,
679 1223 738 1266 quod
760 1223 802 1258 soli
825 1224 919 1259 naturae

74 1274 187 1309 humanae
199 1274 252 1310 Filii
265 1274 377 1310 naturalis
390 1283 429 1319 per
442 1275 549 1309 unionem
562 1274 726 1319 hypostaticam
740 1275 867 1310 conceditur
884 1274 918 1320 (ci.

74 1326 170 1362 Patres
192 1325 251 1361 hanc
273 1325 422 1362 differentiam
444 1326 556 1370 urgentes,
580 1336 599 1362 v.
618 1335 638 1371 g.
662 1326 742 1363 Athan.
769 1329 789 1362 et
812 1328 860 1372 cyr.
885 1327 917 1362 Al.

73 1387 93 1412 n.
109 1377 144 1413 274
157 1377 177 1413 et
190 1376 240 1423 276).

142 1481 203 1531 Ergo
226 1480 396 1531 explicandum
412 1480 447 1521 est
463 1481 608 1521 consortium
632 1480 753 1531 quoddam
775 1492 874 1522 verum
897 1481 920 1522 et

73 1543 234 1594 physicum,
257 1543 297 1584 sed
318 1543 470 1593 analogum
492 1545 515 1584 et
534 1543 723 1593 accidentale,
746 1545 810 1594 quod
831 1545 919 1595 serma-

73 1606 127 1646 liter
141 1605 243 1647 habetur
257 1617 300 1657 per
312 1606 446 1646 absolutam
461 1606 528 1647 illam
543 1606 687 1657 qualitatem*
697 1607 829 1658 physicam,
846 1618 919 1658 quam

72 1679 190 1718 vocamus
201 1668 303 1719 gratiam
320 1668 516 1709 sanct'ficantem.
534 1693 566 1698 —
583 1670 651 1710 quta
668 1669 801 1711 doctrinam
818 1672 919 1711 Parrum

73 1733 129 1773 inde
142 1745 157 1774 a
170 1734 193 1773 S.
209 1734 305 1773 Irenaeo
319 1733 343 1774 et
356 1733 464 1773 ornatum
478 1733 678 1773 Scholastieoruni
693 1734 810 1774 eiusmodi
826 1745 918 1775 consor-

72 1796 134 1836 tium
148 1796 270 1836 inveuitur
283 1797 308 1835 in
323 1796 498 1849 supernaturali
512 1796 682 1838 assimilatione
697 1797 728 1837 ad
743 1797 827 1846 Deum,
844 1809 917 1847 quam

72 1858 150 1909 gratia
174 1858 327 1899 sanctificans
351 1859 444 1899 animae
464 1859 521 1899 iusti
540 1859 638 1900 confert.
665 1858 820 1909 Explicamus
845 1859 919 1910 igitur

73 1924 91 1961 i.
107 1921 225 1972 quomodo
238 1921 332 1961 anima
345 1921 501 1972 pergratiam
516 1921 748 1972 supernaturalis
761 1922 854 1974 imago
867 1923 918 1964 Dei

73 1986 165 2034 evadat
182 2012 213 2017 ——
229 1989 250 2026 2.
269 1986 338 2037 quid
354 1986 458 2036 praecIse
477 1986 508 2027 sit
524 1985 654 2026 divinum
671 1986 740 2035 illud,
759 1987 824 2037 quod
842 1987 918 2037 gratia

72 2049 98 2087 ln
114 2049 195 2089 anima
210 2050 278 2100 quasi
295 2048 409 2099 depingit.

71 2184 126 2226 415.
163 2188 182 2225 i.
203 2183 285 2225 Gratia
302 2185 326 2226 in
344 2184 423 2225 anima
441 2184 550 2237 exprimit
568 2184 695 2236 imaginem
715 2184 758 2227 Dei
777 2188 917 2238 supernatu=

71 2250 153 2290 ratem.
171 2249 255 2301 Imago
273 2242 311 2301 (cf.
330 2250 423 2298 Tuom,
441 2250 465 2290 S.
485 2250 517 2290 tii.
535 2252 545 2290 1
562 2261 585 2300 q.
603 2250 638 2301 93)
656 2249 692 2290 est
706 2251 729 2301 a)
754 2250 917 2291 similitudo

71 2314 190 2364 quaedam
207 2325 264 2355 vera
281 2313 303 2354 et
319 2314 427 2354 formalis
451 2314 493 2362 rei,
519 2313 587 2355 cuius
610 2314 697 2355 dIcitur
720 2314 806 2364 imago.
833 2314 918 2356 Omnis

71 2379 150 2429 imago
163 2379 198 2420 est
211 2379 304 2427 similis,
320 2379 360 2420 sed
374 2390 421 2419 non
435 2389 505 2419 omne
520 2372 597 2420 simile
611 2379 646 2420 est
658 2380 745 2429 imago,
761 2379 823 2421 siout
836 2392 916 2429 onam,

72 2442 139 2483 alteri
156 2455 199 2484 ovo
215 2443 300 2491 simile,
317 2443 369 2484 eius
384 2443 461 2493 Imago
478 2454 526 2484 non
542 2442 584 2484 est.
601 2444 682 2495 Imago
698 2444 763 2485 enim
779 2445 871 2495 oportet
887 2445 918 2485 sit

71 2507 95 2557 b)
116 2519 251 2558 expressa
270 2519 301 2548 ex
321 2507 422 2556 altero,
442 2507 457 2546 i
478 2519 498 2548 e.
520 2519 588 2550 suam
608 2509 724 2559 originem
744 2509 829 2550 debeat
848 2510 916 2550 alteri

71 2572 195 2623 tamquam
211 2584 253 2613 suc
271 2574 407 2623 exemplari.
432 2574 506 2626 Porro
529 2573 659 2614 similitudo
683 2574 753 2614 debet
775 2584 825 2615 esse
848 2575 869 2626 c)
887 2573 917 2614 in

71 2637 173 2677 natura
192 2637 331 2688 specifica
348 2637 386 2677 vel
404 2637 652 2688 quasi-specifica,
672 2649 721 2678 non
738 2638 848 2689 penerica
867 2638 917 2679 tan-

71 2700 130 2741 tum,
151 2702 228 2750 Quare
246 2703 341 2750 vermis,
362 2702 493 2742 secundum
511 2703 601 2743 veteres
620 2702 769 2754 generatione
787 2703 918 2754 aequivoca

71 2776 100 2804 ex
116 2766 213 2807 homine
230 2768 363 2818 generatus,
380 2766 478 2817 propter
495 2768 570 2808 solam
588 2767 770 2808 similitudinem
788 2768 814 2808 in
832 2779 916 2819 genere

72 2830 183 2871 animalis
205 2842 254 2872 nen
277 2833 312 2873 est
334 2832 411 2882 image
434 2831 547 2874 hcmtnis,
573 2833 652 2883 Neque
677 2831 762 2873 suffieit
785 2832 917 2873 similitudo

72 2896 202 2935 seeundum
226 2897 334 2936 accidens
359 2895 522 2946 compluribus
547 2896 668 2947 speciebus
693 2899 825 2945 commune,
851 2909 873 2938 v.
892 2909 914 2948 g.

71 2960 202 2999 secundum
219 2960 295 3001 solum
312 2959 421 3000 colorem.
438 2959 529 3001 Sufficit
544 2962 623 3003 autem
639 2960 747 3002 accidens
763 2961 848 3011 speciei
863 2973 918 3012 pro-
