2214 3350
185 224 221 268 398
372 225 427 261 Ξεεΐ,
443 226 479 260 IV.
494 227 525 261 De
538 225 621 261 natura
635 225 721 269 gratiae
736 225 831 260 actualis

186 332 376 382 supernaturalis
389 333 557 385 permanenter
571 333 613 374 aut
627 332 777 373 transeunter
791 332 883 374 interne
900 334 1033 374 communi-

606 376 611 387 r

186 396 260 444 catur,
278 407 387 446 quaeque
403 396 503 448 proinde
519 407 567 445 non
584 396 671 453 eriserit
686 396 732 436 nisi
749 396 812 436 vires
830 407 885 437 suas
901 396 1028 445 naturales,

185 459 249 500 Deus
261 455 409 500 luctatorem
432 466 453 500 et
475 459 617 500 ualidiorem
637 465 707 511 atque
730 458 866 500 indebitum
889 471 1030 500 concursum

185 517 357 562 simultaneum
367 529 477 574 praestet,
492 533 540 573 quo
553 521 673 570 efficiatur,
688 523 716 563 ut
728 521 846 563 terminus
859 522 1030 573 cooperationis

186 585 281 626 divinae
298 585 321 626 et
337 587 457 626 humanae
474 585 600 625 sublimior
616 584 707 634 evadat,
725 595 798 635 quam
815 585 901 627 natura
919 586 968 627 sola
984 585 1030 626 effi-

186 659 237 688 cere
251 649 290 689 vel
304 649 398 699 exigere
411 646 492 698 possit,
508 647 524 687 i.
541 659 560 688 e.
577 648 602 687 in
617 647 697 687 nostro
713 658 775 697 casu,
791 648 819 688 ut
833 648 950 690 habeatur
963 647 1030 701 aetus

185 711 358 752 indeliberatus
380 710 459 752 vitalis
484 710 605 751 entitative
625 712 648 752 et
667 710 807 760 simpliciter
832 711 1027 762 supernaturalis.

184 775 329 825 Recipiendo
344 776 408 815 hunc
424 774 504 814 aetum*
518 773 616 815 vitalem
632 773 733 815 facultas
747 774 830 825 utique
846 773 939 816 interne
954 774 1029 815 eleva-

185 838 230 886 tur,
247 849 273 878 eo
288 838 346 887 scil,
362 837 426 889 quod
438 838 483 877 hoc
496 836 616 878 accidente
631 837 805 887 supernaturali
820 837 972 886 informatum
989 837 1029 877 sed

143 948 148 958 .
184 901 209 940 in
221 900 264 941 illo
274 901 341 952 signo
353 899 459 949 naturae,
472 900 555 951 inquo
565 894 618 951 ipsa
628 899 733 941 vitaliter
745 899 808 940 elicit
819 900 906 950 actum,
921 899 1028 941 nondum

184 964 218 1004 est
229 963 321 1004 interne
332 963 429 1004 elevata¹
441 963 495 1004 Iure
505 962 585 1003 autem
597 962 653 1004 tune
664 962 713 1003 iarn
725 962 813 1004 dicitur
823 970 919 1003 externe
931 963 1028 1012 eleuata,

184 1026 241 1076 quia
257 1026 321 1066 Deus
341 1026 362 1066 ei
382 1026 432 1066 iam·
450 1027 545 1075 assistit,
567 1025 774 1076 supernaturalem
794 1038 935 1066 concursum
957 1026 1028 1067 simul

183 1099 238 1128 cum
250 1088 388 1139 operatione
399 1088 520 1129 facultatis
530 1090 688 1139 praestiturus
703 1089 742 1141 (ct.
757 1090 785 1129 de
798 1089 837 1130 his
849 1090 906 1131 Lab.
921 1100 944 1129 n.
954 1089 1029 1131 loires

182 1151 259 1191 Lirnb.
275 1152 291 1191 l.
306 1152 345 1203 a).

183 1282 253 1330 526(
275 1288 396 1330 Eiusmodi
415 1288 514 1330 elevatio
534 1288 633 1330 externa
652 1300 699 1329 non
719 1290 757 1329 est
773 1288 933 1341 inpossibilis.
960 1289 1027 1337 Quod

183 1352 249 1406 enim
264 1352 328 1392 Deus
343 1352 463 1391 mediante
480 1352 562 1392 babitu
579 1353 616 1392 vet
632 1353 728 1392 entitate
743 1352 834 1403 fluente
850 1352 927 1393 iacere
943 1351 1026 1402 potest,

183 1416 226 1455 boc
243 1415 316 1455 etiarn
329 1416 468 1462 immediate
484 1414 640 1465 omnipotenti
657 1425 700 1455 sua
716 1414 803 1455 virtute
819 1414 939 1463 praestare
956 1414 1026 1463 valet,

183 1478 313 1518 dummodo
333 1477 434 1518 effectus
455 1489 485 1518 ne
507 1477 614 1518 involvat
634 1476 753 1518 internam
775 1477 959 1528 repugnantiam
984 1477 1027 1530 (uti

182 1541 243 1581 esset
260 1553 282 1581 v.
302 1552 324 1591 g.
343 1540 411 1581 actus
427 1540 507 1582 vitalis
525 1540 646 1581 facultatis
663 1552 678 1581 a
696 1539 744 1581 solo
763 1541 813 1581 Deo
830 1540 978 1592 productus).
999 1541 1027 1580 In

182 1603 261 1644 nostro
277 1604 357 1644 autem
375 1614 430 1643 casu
445 1603 526 1643 nulla
542 1602 692 1643 invenitur
708 1602 910 1653 repugnantia.

242 1700 264 1746 a)
284 1700 388 1743 Euentus,
409 1700 435 1736 de
453 1709 495 1745 quo
515 1701 597 1744 agitur,
617 1701 680 1735 actus
699 1699 744 1736 scil.
765 1699 932 1745 indeliberatus‚
953 1701 986 1736 est
1005 1701 1026 1736 et

153 1757 155 1759 ’
180 1752 276 1787 vitalis
295 1753 317 1788 et
336 1752 569 1798 supernaturalis,
589 1752 643 1788 Inde
663 1751 763 1796 sequitur
782 1752 871 1796 quidem
890 1752 1025 1798 principium

181 1805 228 1841 eius
247 1805 313 1840 totale
332 1805 410 1841 debere
428 1814 475 1841 esse
492 1804 542 1840 tam
556 1803 624 1840 vitale
642 1813 710 1849 quam
727 1804 906 1848 supernaturala·
925 1805 964 1840 sed
981 1813 1025 1839 non

181 1857 308 1901 requiritur,
327 1857 352 1892 ut
368 1856 479 1901 quodlibet
493 1856 589 1901 partiale
607 1855 741 1901 principium
759 1855 853 1900 utraque
871 1855 945 1891 indole
963 1856 1026 1891 arrec-

181 1909 229 1944 tum
243 1908 278 1944 sit.
292 1908 399 1944 Facetias
415 1908 514 1943 humanu
529 1908 562 1943 est
575 1907 651 1943 vitalis
666 1908 687 1943 et
700 1906 798 1943 vitaliter
813 1906 867 1951 agit3
883 1916 937 1942 nam
951 1906 1025 1942 actum

182 1960 276 1996 eundern
292 1960 313 1996 et
328 1960 388 1995 elicit
403 1959 424 1995 et
440 1959 523 2006 recipit.
541 1959 600 1995 Deus
617 1960 650 1995 est
665 1959 801 2005 principium
817 1958 987 2004 supernaturale
1005 1964 1025 1994 et

180 2011 382 2058 supernaturaliter
395 2011 442 2056 agit
455 2020 589 2047 concursum
602 2010 720 2057 specialem
732 2010 863 2057 praebendo.
880 2011 912 2046 Ex
924 2020 1025 2056 coopera-

181 2063 239 2098 tione
258 2064 375 2108 utriusque
393 2063 498 2109 principii
519 2063 585 2099 aci-ivi
605 2062 676 2098 oritur
695 2072 754 2098 unus
774 2062 875 2106 idemque
896 2062 965 2108 actus,
987 2063 1024 2107 qui

180 2116 239 2151 totus
253 2116 286 2151 est
296 2115 373 2150 vitalis
387 2115 408 2151 et
420 2115 480 2150 totus
493 2115 678 2160 supernaturalis.
694 2115 762 2151 Vitali
773 2113 831 2151 atem
845 2114 908 2151 debet
922 2114 1024 2150 facultati

179 2168 283 2210 hominis,
298 2167 535 2213 supernaturalitatem
547 2169 592 2203 Deo
605 2166 750 2203 concurrenti.
766 2167 814 2209 Qua
828 2167 890 2202 actus
903 2167 979 2202 vitalis
992 2168 1025 2203 est

180 2221 249 2255 solius
262 2220 366 2264 hominis,
381 2220 434 2265 quia
446 2219 506 2255 solus
519 2220 585 2254 horno
598 2220 693 2255 eundem
706 2220 780 2255 actum
793 2220 814 2256 et
828 2218 893 2255 efficit
905 2221 926 2255 et
938 2220 1021 2267 recipit.

179 2292 202 2298 -
212 2273 235 2318 b)
248 2272 366 2308 Habitus
378 2281 423 2307 non
435 2272 507 2307 solum
519 2272 591 2308 elevat
604 2271 684 2316 aetum,
699 2272 738 2308 sed
750 2271 818 2307 etiam
830 2273 938 2316 informat
950 2275 1025 2318 poten-

180 2326 241 2362 tiam.
254 2327 313 2361 Deus
324 2325 413 2362 externe
424 2325 513 2361 elevans
524 2334 578 2361 sane
589 2334 635 2360 non
644 2325 751 2360 informat
762 2325 892 2371 potentiam;
905 2327 943 2362 sed
954 2326 1024 2371 gratis

179 2379 288 2414 asseritur
302 2377 371 2414 talem
385 2378 566 2414 informationem
580 2378 616 2414 hic
630 2374 719 2423 requiri.
737 2377 837 2413 Elevatio
852 2376 964 2415 transiens
978 2389 1024 2415 non

179 2432 243 2467 debet
263 2432 339 2467 omnia
356 2432 477 2477 praestare,
499 2440 555 2475 quae
575 2430 665 2467 habitus
685 2431 792 2476 praestat·
813 2439 866 2466 narn
886 2431 1024 2467 solummodo

179 2485 243 2520 debet
256 2494 306 2527 eum
320 2483 429 2530 supplere,
444 2484 554 2529 quatenus
568 2484 601 2519 est
614 2484 750 2529 principium
763 2484 897 2521 elevationis.
913 2504 936 2510 -
949 2487 968 2530 c)
983 2487 1023 2522 Po-

179 2537 249 2573 tentia
262 2536 472 2573 connaturalius
485 2537 588 2583 producit
601 2536 675 2572 actum
688 2536 888 2582 supernaturalem,
904 2538 923 2572 si
937 2538 1023 2574 interne

180 2590 265 2625 eleuata
279 2590 317 2625 est.
336 2590 416 2633 Quare,
432 2590 458 2625 ut
473 2589 649 2625 connaturaliter
663 2590 745 2625 multos
761 2591 824 2625 aetus
840 2590 1023 2634 supernaturales

180 2642 260 2685 eliciat,
279 2652 292 2678 a
308 2645 353 2678 Deo
371 2642 433 2678 donis
450 2643 632 2688 permanentibus
655 2642 736 2688 infusis
761 2641 866 2686 elevatur,
884 2644 949 2679 sicut
964 2644 1022 2679 Deus

179 2705 259 2731 causas
276 2695 391 2731 naturales
408 2696 432 2731 in
449 2696 526 2731 ordine
543 2695 572 2731 ad
589 2704 666 2731 earum
684 2695 785 2741 actiones
798 2696 914 2732 naturales
931 2695 1022 2731 instruit

178 2748 361 2794 permanentibus
372 2748 449 2784 formis
463 2749 483 2784 et
494 2747 605 2794 potentiis.
619 2749 664 2785 Sed
676 2750 701 2784 in
712 2748 826 2795 peccatore
838 2748 952 2784 habitibus
965 2749 1022 2784 iniu-

178 2802 209 2837 sis
229 2801 317 2837 carente
344 2801 406 2836 actus
432 2801 615 2847 supernaturales
634 2802 663 2836 ad
681 2800 861 2837 iustificationem
881 2801 1022 2848 disponentes

177 2854 267 2901 proprie
281 2853 390 2898 loquendo
403 2863 449 2889 non
462 2856 514 2889 sunt
528 2854 684 2890 connumeres
699 2854 768 2890 statui
782 2853 835 2889 talis
848 2853 951 2890 bominis⁴
967 2855 1021 2890 Fere

178 2907 304 2952 comparari
321 2907 414 2951 possunt
430 2906 545 2942 nonnullis
568 2907 639 2951 pomis
661 2907 772 2942 nobilibus
792 2907 817 2941 in
840 2908 917 2943 arbore
940 2909 1022 2951 apresti

178 2959 311 2996 miraculose
328 2960 447 3005 productis.
466 2960 523 2996 Hinc
540 2968 586 2995 non
602 2960 729 3004 requiritur,
747 2961 773 2995 ut
789 2959 845 2996 tales
863 2962 925 2997 actus
942 2969 1023 2996 conna-

178 3013 281 3048 turaliter
296 3023 307 3048 e
323 3021 364 3048 suo
378 3012 487 3059 principio
501 3012 616 3058 prodeant.
634 3014 706 3056 Quare
721 3022 748 3049 ne
763 3014 845 3049 Suurez
861 3014 950 3059 quidem
964 3013 1022 3050 hanc
