2214 3350
139 149 174 186 306
259 149 312 185 Sect.
327 150 366 205 HI·
381 149 425 184 Art.
441 149 468 185 ΙΙ.
481 146 512 185 De
525 148 588 184 deiris
600 148 625 183 in
636 145 793 183 iustificatione
806 147 864 183 datis

60 259 61 263 ’
136 256 232 297 virtutis
248 256 336 297 dicitur
352 256 483 297 secundum
499 255 688 296 convenientiam
703 255 734 294 ad
748 254 857 305 aliquam
872 254 985 295 naturam

137 319 347 374 praeexsistentem
363 320 400 360 vel
417 318 566 359 essentialem
582 318 620 359 vel
637 317 813 368 participatam,
823 349 827 357 .
876 317 984 357 attribui·
1025 356 1027 358 ,

137 382 177 423 111
187 382 277 433 gratiae
287 414 291 422 .
302 414 321 424 ..
337 383 398 424 sicut
410 382 486 423 radici
499 381 609 421 bonitatis
622 381 648 421 in
660 379 765 420 homine.
773 398 782 416 t)
796 407 827 411 -
840 392 863 431 q.
873 384 912 422 112
924 393 945 421 a.
955 382 979 419 t:

137 446 233 485 Donum
249 446 338 496 gratiae
361 445 422 485 nihil
443 444 509 485 aliud
526 444 560 484 est
576 454 649 494 quarn
674 444 810 493 «quaedam
833 440 982 493 participatio

137 509 233 549 divinae
251 508 357 557 naturae,
377 519 436 559 quae
455 507 546 548 excedit
562 517 658 547 omnem
677 505 749 547 aliam
768 507 923 547 naturam...
944 506 983 546 Sic

137 571 203 612 enim
227 582 319 612 necesse
337 571 378 620 est,
398 570 461 622 quod
480 570 544 610 solus
567 570 631 610 Deus
656 568 758 618 deificet,
784 569 983 610 communicando

137 635 283 675 consortium
300 635 394 675 divinae
411 633 510 673 naturae
527 645 570 683 per
587 633 709 684 quandem
728 632 894 673 similitudinis
910 632 982 683 parti-

137 697 307 747 cipationem.»
324 723 356 727 -
371 697 405 737 Cf.
424 699 443 744 1,
461 699 474 736 2
491 707 513 746 q.
531 698 558 736 62
574 708 595 736 a.
614 699 634 744 1;
651 721 683 727 -
698 698 710 735 3
727 707 750 746 q.
768 698 781 735 3
797 707 818 736 a.
836 698 850 736 4
866 696 897 736 ad
914 698 935 743 33
951 720 983 725 —-

137 773 159 812 q.
177 763 190 801 2
206 772 226 801 a.
245 763 271 801 10
286 761 317 800 ad
333 763 352 800 1.
369 784 399 789 —
414 759 439 799 S.
457 760 490 798 ta.
508 762 519 799 1
537 771 559 810 q.
576 761 604 799 93
620 770 641 798 a.
659 762 672 800 4
689 758 828 808 conceptum
846 757 982 809 imaginis

136 823 240 873 explicat
257 823 280 863 et
297 834 351 863 cum
370 823 453 863 Glossa
471 821 593 861 ordinaria
612 821 738 872 distinguit
756 821 886 872 imaginem
906 832 982 861 crea-

136 886 235 934 tionis,
255 884 454 933 recreationis,
474 883 691 925 similitudinis.
711 884 793 925 Prima
811 885 846 925 est
863 885 889 925 in
906 884 981 924 omni-

135 950 181 989 bus
205 949 351 997 hominihus,
376 948 451 989 altera
468 948 493 987 in
511 947 586 995 iustis,
612 946 682 988 tertia
700 947 725 986 in
743 946 825 988 beatis.
854 946 983 987 «Imitatur

136 1010 215 1052 autem
234 1011 401 1058 intellectualis
420 1010 506 1050 natura
524 1009 723 1065 maxime-Deum
742 1009 859 1061 quantum
878 1011 909 1051 ad
928 1010 980 1058 hoc,

135 1075 199 1126 quod
214 1075 278 1114 Deus
292 1085 315 1114 se
330 1074 409 1124 ipsum
424 1072 541 1124 intellegit
554 1074 577 1114 11
591 1069 663 1114 amat.
673 1091 683 1110 »
700 1074 746 1113 Per
759 1073 891 1113 naturam
906 1083 981 1112 men-

135 1139 172 1179 tis
190 1137 262 1177 homo
281 1137 354 1178 habet
371 1136 532 1188 aptitudinem
549 1137 580 1176 ad
600 1135 787 1186 intellegendum
807 1137 830 1177 et
849 1137 981 1177 amandum

134 1202 211 1240 Deum
227 1199 455 1251 (supernaturaliter,
469 1199 520 1239 111
533 1198 688 1249 sequentibus
699 1199 814 1239 memhris
827 1199 920 1250 elucet).
935 1200 982 1239 Per

135 1263 326 1304 conformitatem
340 1263 446 1313 gratiae
461 1262 533 1302 homo
548 1268 603 1302 actu
617 1263 655 1302 vet
671 1261 754 1307 ltabitu
770 1263 846 1302 Deum
862 1261 981 1313 cognoscit

134 1327 157 1367 et
170 1326 242 1373 amat,
259 1326 299 1366 sed
312 1326 458 1376 imperfecte.
474 1325 610 1365 Secundum
625 1324 808 1366 similitudinem
823 1324 932 1375 gloriae
946 1324 981 1365 est

135 1390 215 1439 imago
230 1400 264 1436 eo,
281 1389 345 1439 quod
360 1389 437 1428 Deum
453 1394 506 1427 actu
521 1388 640 1438 cognoscit
654 1388 678 1429 et
692 1388 757 1428 amat
771 1388 881 1438 perfecte.

195 1475 246 1510 Non
258 1474 333 1510 tavent
346 1473 426 1509 Ioanni
438 1472 591 1516 Vincentio,
607 1482 663 1518 quae
677 1472 776 1517 Aquinas
790 1473 843 1508 dicit
856 1475 883 1509 In
897 1475 906 1509 1
921 1475 940 1510 d.
955 1472 980 1508 43

134 1536 153 1571 q.
171 1526 181 1561 1
197 1535 216 1561 a.
233 1525 246 1562 2
260 1525 286 1561 de
301 1526 436 1570 quaestione,
452 1524 529 1559 utrum
544 1525 705 1569 omnipotentia
719 1525 759 1560 Dei
774 1524 844 1569 possit
859 1526 979 1561 communi-

134 1578 180 1614 cari
196 1577 317 1613 creaturae.
336 1577 473 1624 Respondet:
494 1588 504 1608 a
514 1577 574 1613 Sicut
590 1577 647 1612 nulli
664 1577 780 1612 creaturae
796 1577 867 1621 potest
884 1586 979 1612 commu-

133 1629 212 1671 nicari,
230 1629 288 1674 quod
305 1629 334 1664 sit
350 1630 415 1673 Deus,
432 1628 465 1663 ita
481 1637 527 1663 non
542 1629 613 1674 potest
630 1629 673 1664 sibi
690 1628 856 1673 communicari,
875 1630 934 1673 quod
951 1628 979 1663 sit

133 1681 235 1726 infinitae
249 1681 357 1716 essentiae
372 1683 392 1716 et
404 1680 505 1725 infinitae
519 1681 636 1725 potentiae.
647 1694 657 1714 u
671 1700 695 1706 -
707 1681 736 1716 ad
750 1680 772 1718 1:
789 1681 877 1717 «Omne
891 1690 977 1724 nornen,

133 1733 192 1778 quod
204 1732 306 1776 designat
317 1732 475 1778 perfectionem
487 1732 586 1768 divinam
598 1731 704 1776 absolute,
719 1741 765 1767 non
777 1733 928 1769 concernendo
941 1731 980 1766 ali-

132 1793 198 1829 quem
210 1784 307 1827 modum,
321 1782 505 1819 communicabile
519 1783 551 1819 est
563 1783 686 1826 creaturae,
701 1784 725 1818 11
738 1783 844 1829 potentia,
859 1783 976 1829 sapientia,

131 1835 221 1871 bonitas
242 1835 263 1871 et
282 1835 416 1871 huiusmodi.
439 1836 508 1871 Omne
529 1835 604 1870 autem
623 1844 705 1870 nomen
725 1844 859 1871 concernens
880 1836 977 1876 modurn,

133 1896 176 1932 quo
192 1886 234 1922 illa
249 1887 355 1932 perfectio
374 1888 405 1923 est
422 1887 447 1921 in
464 1887 516 1928 Deo,
535 1887 650 1922 creaturae
668 1886 877 1923 inconnnunicabile
895 1888 934 1931 est,
953 1886 978 1921 ut

133 1939 165 1974 est
182 1947 295 1973 summum
311 1938 400 1982 bonum,
420 1947 467 1973 esse
483 1938 657 1983 omnipotentem
674 1939 695 1973 et
712 1939 848 1975 eiusmodi.»
872 1959 895 1964 —
918 1940 978 1982 Quae

58 2033 60 2035 Ι
132 1990 200 2026 hahet
213 1990 244 2025 De
258 1999 301 2025 uer.
317 1999 336 2034 q.
352 1989 376 2025 27
389 2000 408 2025 a.
424 1989 478 2034 211.
495 1999 516 2024 n.
532 1989 583 2035 283),
598 1991 673 2025 minus
688 1990 806 2025 cohaerent
820 2000 871 2026 cum
885 1991 978 2036 explica-

132 2043 192 2077 tione
204 2040 320 2085 nicolaae,
333 2041 387 2076 hene
400 2040 475 2076 autem
487 2050 537 2076 cum
548 2041 631 2077 nostra.
647 2041 748 2077 Ceterum
761 2042 867 2086 quoniam
878 2043 978 2087 Aquinas

132 2092 253 2129 essentiam
274 2092 416 2128 beatitudiuis
436 2101 482 2127 non
501 2093 526 2127 in
545 2102 619 2129 amore
640 2094 661 2128 et
681 2093 770 2138 gaudio,
792 2095 830 2129 sed
849 2094 874 2129 in
892 2095 978 2130 visione

132 2144 202 2191 ponit,
222 2153 235 2179 a
252 2144 321 2189 priori
340 2144 512 2190 exspectandum
536 2145 569 2180 est
593 2155 643 2180 eum
667 2145 751 2191 pariter
776 2145 921 2181 elevationem
938 2156 978 2192 per

132 2196 230 2241 qratiam
248 2196 277 2232 ad
294 2196 490 2242 participationem
507 2197 596 2233 diiinae
614 2198 709 2233 naturae
728 2197 877 2233 essentialiter
895 2199 916 2234 et
934 2199 978 2244 pri-

131 2247 204 2283 mario
217 2256 299 2293 ponere
312 2249 337 2282 in
350 2248 425 2293 aliquo
439 2248 546 2284 elemento
561 2249 590 2284 ad
603 2249 741 2285 intellectum
755 2249 874 2294 spectante,
891 2250 936 2286 scil.
953 2250 977 2283 in

132 2299 209 2343 aliqua
228 2300 388 2336 assimilatione
409 2300 437 2336 ad
457 2300 672 2336 intellectualitatem
692 2301 797 2337 divinam.

131 2412 185 2453 414.
221 2412 249 2453 V.
262 2412 334 2459 Ratio
347 2415 448 2464 explieat
460 2414 505 2454 hoc
518 2414 662 2455 consortium
676 2415 700 2455 et
712 2416 891 2465 congruentiam
904 2415 978 2466 expli·
1040 2413 1042 2417 ’
1098 2389 1106 2417 ³

132 2475 231 2515 cationis
247 2476 349 2517 ostendit
366 2478 396 2528 (v.
413 2478 431 2517 P
448 2479 568 2525 att—ata
590 2504 621 2509 —
643 2479 690 2519 Ber
704 2480 825 2527 aot-8023
847 2505 879 2510 -
900 2478 976 2520 Maza.

132 2539 211 2585 aaran
225 2563 257 2568 *
272 2539 366 2596 Vitiatio
379 2539 395 2579 l.
412 2538 452 2589 1.).

192 2625 354 2670 Explicandum
373 2628 405 2663 est
424 2626 515 2670 aliquod
533 2626 669 2662 consortium
689 2626 778 2661 divinae
796 2626 897 2671 naturae,
918 2627 977 2672 quod

131 2686 170 2722 per
184 2676 365 2721 iustificatiouem
379 2678 503 2723 saranatiter
518 2679 619 2714 donatur.
636 2678 698 2714 Alia
714 2678 831 2723 «pretiosa
845 2679 976 2723 promissa»

131 2728 176 2764 alio
191 2736 258 2763 sensu
272 2730 388 2765 conterunt
402 2729 514 2775 quoddam
528 2730 675 2767 consortium:
693 2729 822 2764 incarnatio
837 2738 906 2764 unam
920 2729 977 2765 indi-

130 2778 223 2814 viduam
235 2780 340 2815 naturam
353 2780 492 2827 hypostatice
505 2782 549 2816 Deo
562 2781 660 2817 uniendo
674 2780 745 2816 totam
759 2780 854 2825 speciem
867 2780 976 2825 dignitate

130 2830 254 2867 extrinseca
265 2832 426 2875 quodammodo
436 2832 568 2878 participem
577 2833 674 2868 reddidit
684 2833 780 2868 naturae
791 2832 885 2868 divinae.
899 2833 976 2877 Sump-

129 2885 189 2920 tione
207 2883 354 2919 eucharistiae
371 2884 463 2921 efficitur
479 2885 615 2920 consortium
631 2885 720 2920 divinae
737 2883 839 2927 naturae,
856 2886 915 2928 quod
931 2894 977 2930 qua

129 2945 184 2982 pure
201 2935 363 2971 sacramentale
378 2937 410 2972 est
426 2936 481 2971 satis
497 2936 657 2982 imperfectum,
674 2945 724 2971 cum
739 2936 810 2981 possit
826 2945 873 2972 esse
888 2936 976 2972 sacrile-
