2214 3350
145 141 181 178 300
266 114 321 178 Sect.
334 143 373 178 ΙΙΙ.
387 132 432 178 Art.
446 143 474 178 Π.
488 145 519 179 De
531 143 595 178 donis
607 142 631 177 in
642 140 799 178 iustificatione
813 141 871 178 datis

144 251 324 291 Pantheismi
346 252 436 292 formae
459 252 603 292 damnantur
624 263 639 292 a
659 250 796 292 Vaticano
819 262 837 291 s.
859 254 872 291 3
894 262 944 302 cap.
969 253 990 298 13

144 325 196 354 can.
210 317 223 354 3
235 314 259 355 et
270 317 283 354 4
298 315 340 366 (ΒΖ
354 317 407 356 1782
420 317 474 369 1803
482 315 510 366 s).
524 340 556 345 —
567 318 587 355 2.
603 314 722 365 Supponit
734 314 831 364 aliquod
844 313 989 355 consortium

144 376 243 418 naturae
259 377 354 418 divinae
368 379 393 418 in
408 376 575 418 iustificatione
590 377 697 417 dandum
712 389 747 426 eo,
764 378 827 428 quod
842 376 989 418 iustificatio-

144 451 199 480 nem
215 440 284 481 vocat
300 440 508 481 renascentiam
526 440 574 480 sive
591 439 849 495 regenerationem:
870 431 989 480 Triden-

144 503 237 544 tinum
253 507 293 545 sc
308 506 380 554 cap.3
396 504 418 544 et
433 506 447 543 4
465 505 506 555 (Dr
522 503 599 555 795s).
618 503 758 545 Generando
773 504 837 544 enim
853 503 921 555 pater
937 502 989 543 filio

144 578 212 606 suam
230 567 341 607 naturam
359 565 524 617 communicat.
542 592 574 597 -
590 568 610 606 3.
629 563 839 616 participationem
856 566 989 607 divinitatis

143 630 169 669 in
184 640 227 670 sua
241 629 361 680 liturgia
375 629 478 670 celebrat
494 630 544 681 (sed
559 629 597 669 his
611 629 669 670 iocis
682 640 736 670 eam
750 640 798 669 non
813 640 921 681 expresse
936 640 988 680 gra-

143 692 189 733 tiae
205 691 361 733 sanct'ficant'
377 692 484 743 tribuit):
504 692 573 732 «eius
587 691 719 733 divinitatis
734 704 783 733 esse
798 692 934 733 consortes»
953 693 988 744 (in

143 756 216 796 missa
233 756 263 796 ad
280 756 420 795 mintionem
437 766 513 806 aquae
529 755 552 796 et
568 755 637 806 vini);
649 755 704 796 'cut
721 767 765 796 nos
782 755 914 797 divinitatis
932 767 988 796 suae

142 818 257 859 tribueret
271 829 321 859 esse
337 817 481 868 participes»
503 819 589 870 (Praei.
606 817 679 869 Λεώς
698 819 788 859 «unius
804 830 912 860 summae
927 819 987 860 divi-

142 881 225 922 nitatis
238 881 365 932 participes
382 880 501 921 effecisti»
523 881 625 931 (Secreta
642 882 711 922 Dona.
731 885 743 923 i
760 888 814 933 post
830 882 939 934 Pascha).
956 905 988 911 -—

141 948 161 984 l.
176 944 297 985 Aduersus
310 944 409 984 Baium
424 944 491 985 docet
504 943 753 994 supernaturalitatem
768 945 857 996 gratiae
871 945 894 985 et
907 945 987 986 tuetur

141 1008 306 1049 scholasticam
330 1007 463 1049 doctrinam
480 1008 509 1048 de
526 1006 653 1048 effectibus
675 1007 749 1048 huius
771 1007 860 1057 gratiae
883 1008 986 1057 infusae,

141 1072 204 1112 inter
221 1082 280 1123 quos
298 1065 444 1112 estdivinae
463 1071 562 1111 naturae
580 1071 713 1112 consortem
731 1070 789 1111 effici
808 1071 857 1112 sive
875 1071 986 1112 exaltatio

140 1136 165 1174 in
180 1134 325 1175 consortium
340 1133 434 1174 divinae
449 1133 548 1174 naturae
565 1135 609 1186 (pr.
625 1137 652 1175 42
666 1135 700 1183 213
718 1135 762 1181 [Dz
777 1136 831 1176 1042
845 1134 928 1185 1021]).

201 1225 228 1259 In
241 1223 376 1259 schemate
390 1223 517 1260 Vaticani
530 1223 644 1268 legebatur
661 1224 699 1269 (De
714 1225 826 1268 ruperunt.
845 1223 920 1258 ordine
937 1231 985 1267 pra-

141 1276 185 1311 fiue
197 1286 244 1322 cap.
258 1275 281 1311 18
295 1276 340 1322 [CL
350 1275 368 1319 7,
380 1274 467 1320 517s]):
484 1289 494 1309 α
503 1276 595 1311 interna
606 1276 680 1319 gratia
691 1285 731 1321 per
742 1275 906 1311 inhabitantem
918 1275 987 1321 Spiri-

138 1332 186 1365 tum
199 1329 305 1365 Sanctum
312 1328 388 1373 infusa
395 1336 554 1371 regeneramur
565 1328 587 1363 et
598 1335 738 1369 renovamur,
746 1327 771 1362 ut
778 1327 848 1363 simus
860 1326 985 1363 in1Christo

139 1390 197 1416 nova
213 1381 327 1416 creatura.
337 1407 356 1415 ..
373 1380 433 1415 Haec
449 1380 564 1415 renovatio
579 1379 612 1415 est
627 1380 743 1421 creaturae
760 1379 788 1414 ad
803 1381 843 1415 Det
858 1379 984 1414 similitudi-

139 1428 224 1469 nem'et
237 1434 365 1468 societatem
378 1442 444 1479 super
458 1441 533 1468 omnes
547 1433 669 1477 exigentias
682 1433 703 1467 et
716 1433 775 1469 vires
788 1433 883 1468 naturae
897 1433 984 1469 creatae
999 1435 1000 1438 ’

139 1488 244 1524 exaltatio
258 1488 324 1532 atque
335 1487 385 1522 ideo
396 1496 447 1522 vere
461 1485 645 1532 supernaturalis,
660 1486 684 1522 ut
697 1496 737 1532 per
750 1486 873 1532 gratuitam
886 1486 985 1532 adoptio-

137 1550 189 1577 nem
198 1540 240 1576 iilii
249 1540 290 1576 Dei
299 1540 440 1576 nominemur
450 1540 472 1575 et
482 1541 558 1575 simus.
571 1540 669 1576 Maxima
681 1541 740 1576 enfin
750 1540 788 1576 etc.
804 1541 824 1587 (2
833 1539 892 1577 Petr.
905 1540 922 1584 1,
934 1540 953 1586 t)
963 1552 981 1574 η.

137 1596 196 1639 Ergo
213 1595 285 1630 textus
302 1594 408 1630 classicus
426 1594 452 1629 de
469 1594 579 1629 consortio
596 1593 685 1630 divinae
702 1594 796 1630 naturae
815 1593 939 1637 adhibetur,
957 1595 983 1629 ut

138 1648 318 1694 supernaturalis
341 1648 433 1684 elevatio
451 1649 481 1683 ad
497 1648 537 1683 Dei
555 1647 725 1683 similitudinem
749 1649 770 1684 et
793 1647 921 1684 societatem
943 1657 984 1693 per

137 1703 234 1747 gratiam
246 1702 334 1738 interne
347 1702 492 1738 renovantem
505 1702 616 1747 probetur.
629 1722 653 1728 -
665 1702 698 1738 Cf.
715 1703 811 1738 Leonis
824 1703 876 1739 XIII
891 1701 982 1746 encyci„

138 1770 148 1789 «
157 1756 263 1791 Divinum
276 1755 351 1791 illud»
368 1756 431 1800 (Acta
445 1754 465 1792 s.
482 1756 545 1792 Sedis
559 1755 588 1800 29,
603 1755 645 1799 644;
660 1765 679 1792 v.
695 1765 716 1792 n.
733 1755 784 1801 446).

137 1918 192 1958 408.
229 1916 260 1958 ΙΙ.
279 1916 408 1969 Scriptura.
425 1914 597 1967 Argumentum
615 1916 625 1955 l
643 1927 673 1957 ex
688 1917 702 1956 2
719 1914 775 1957 Petr
793 1916 812 1963 l,
830 1916 854 1956 4.

173 2008 176 2017 ”
191 2002 319 2039 Contextus
335 2002 352 2045 1,
366 2001 430 2037 3-11.
454 2001 592 2037 constructio
613 2002 645 2036 est
665 2000 802 2044 difficillima3
824 2001 862 2036 sed
876 2002 905 2036 ad
919 2010 984 2045 argu-

136 2054 237 2090 mentum
250 2053 308 2088 nihii
320 2054 419 2097 interest,
433 2053 509 2088 utrum
524 2052 637 2097 penettcus
652 2052 767 2088 absolutos
780 2062 800 2088 v,
815 2052 828 2088 3
843 2052 983 2099 (divina'vir-

136 2108 172 2142 tus
185 2105 284 2152 donavit)
298 2114 349 2141 cum
361 2105 505 2151 praecedente
518 2104 652 2140 salutatione
665 2114 683 2140 v.
699 2105 717 2147 2,
732 2114 762 2140 an
775 2114 825 2139 curn
838 2105 981 2148 sequentibus

134 2167 167 2193 vv.
180 2158 227 2194 5—7
237 2157 392 2202 coniungatur,
405 2165 435 2193 an
445 2157 536 2192 tandem
547 2156 701 2192 anacoluthice
711 2156 813 2202 ponatur.
826 2176 850 2182 -
859 2166 878 2192 v.
891 2156 903 2193 3
915 2155 984 2203 αὑτοῦ,

134 2210 174 2245 Dei
185 2210 219 2245 vel
230 2209 368 2255 probabilius
379 2210 435 2245 Iesu.
448 2228 472 2233 —-
482 2207 541 2254 ζωην,
553 2209 604 2244 ante
620 2206 723 2256 εὐσέβειαν
738 2208 843 2255 positum,
856 2217 901 2244 nou
912 2208 958 2245 excl
976 2229 983 2234 -

135 2263 180 2297 sive
195 2261 381 2305 ecchctotopicum
394 2261 464 2296 vitam
477 2260 594 2304 significat,
611 2261 649 2296 sed
663 2270 740 2296 veram
753 2260 817 2296 illam
830 2260 906 2304 vitam,
923 2269 979 2306 quae

134 2313 214 2349 saltem
227 2313 352 2348 inchoativa
366 2313 412 2348 iam
426 2313 450 2347 tn
464 2312 623 2356 terrificatione
638 2312 757 2349 confertur.
773 2332 796 2337 -
810 2312 843 2349 διδ
854 2314 889 2358 τῆς
900 2311 983 2360 ἐπηνώ·

134 2378 190 2410 croc,
213 2365 325 2401 mediante
343 2364 468 2409 cognitione
487 2365 592 2399 accurata
611 2373 636 2399 ac
654 2365 768 2409 profunda
792 2363 848 2410 (ἔπη)
865 2363 911 2401 sive
929 2363 979 2406 fide,

133 2417 169 2453 τοῦ
188 2416 314 2462 καλέσαντος,
338 2417 395 2460 Iesu,
412 2416 457 2451 ista
473 2416 532 2451 dona
547 2416 628 2451 collata
644 2416 701 2451 sunt.
725 2435 749 2440 —
769 2425 788 2451 v.
806 2417 829 2453 4:
849 2418 869 2451 δί
887 2412 921 2462 ὦν,
942 2426 983 2461 per

135 2476 199 2512 quae3
217 2467 273 2502 nibil
292 2468 390 2512 interest,
409 2468 485 2502 utrum
503 2468 614 2503 referatur
632 2468 661 2503 ad
681 2468 790 2513 «propria
808 2467 880 2512 gloria
899 2469 920 2504 et
937 2469 981 2503 vir-

133 2519 180 2555 tute
188 2532 206 2561 n,
224 2528 253 2555 an
268 2520 298 2555 ad
316 2518 340 2556 τὰ
353 2518 424 2564 πάντα,
439 2528 469 2554 an
483 2519 653 2555 indeterminate
669 2520 698 2555 ad
714 2520 789 2555 omnia
805 2521 864 2555 dona
878 2521 951 2556 Deir.
969 2520 983 2556 3

132 2572 261 2606 memorata.
289 2571 415 2607 Subiectum
433 2571 466 2606 est
483 2567 598 2616 ὁκαλὲσας,
616 2572 650 2606 vel
672 2568 743 2618 ηδεία
757 2569 982 2618 dinumerationem

134 2621 243 2667 δεδώρηται
263 2622 401 2667 probabilius
417 2622 474 2658 sicut
497 2622 633 2669 δεδωρημένης
649 2623 675 2658 in
689 2632 708 2658 v.
726 2622 738 2658 3
753 2631 798 2658 non
814 2624 842 2659 sit
858 2624 980 2667 passivum,

133 2673 172 2710 sed
193 2674 297 2710 medium.
318 2672 444 2721 Ἐπὰγγελμα
460 2674 532 2719 potest
549 2683 595 2710 esse
612 2683 646 2709 res
664 2675 775 2720 promissa
796 2674 831 2710 vei
854 2675 977 2719 promissio.

132 2726 145 2762 2
161 2725 214 2760 Petr
230 2725 257 2768 3,·
268 2725 290 2761 13
307 2721 362 2762 satis
379 2726 438 2761 certo
457 2727 489 2761 est
506 2726 634 2771 promissio:
657 2727 749 2762 «Novos
768 2725 840 2761 caelos
859 2726 879 2761 et
897 2735 979 2762 novam

131 2778 216 2813 terram
228 2778 380 2823 exspectamus
392 2777 515 2813 secundum
527 2777 697 2823 promissionem
710 2779 759 2814 eius
767 2791 778 2811 u
792 2779 864 2824 (Vulp.
879 2778 911 2815 ibi
923 2779 978 2822 legit

132 2828 272 2875 ἐπαγγέλματα
280 2829 301 2864 et
312 2830 388 2867 vertit:
406 2842 416 2862 ι(
424 2829 547 2865 seeundum
559 2830 670 2875 promissa
681 2830 779 2876 ipsius»,
793 2831 806 2866 i.
822 2840 838 2866 e.
854 2839 981 2876 correspon-

133 2880 211 2917 denter
227 2880 255 2916 ad
271 2882 331 2917 bona
348 2881 440 2927 abipso
463 2882 574 2926 promissa
599 2882 686 2928 [Zor.]).
712 2882 792 2918 Nostro
815 2882 863 2917 loco
886 2883 978 2918 verbum

132 2931 244 2980 δεδώρηται
261 2935 340 2970 suadet
353 2944 442 2970 sensum
455 2944 502 2970 esse
516 2944 570 2970 «res
582 2936 733 2981 promissae»;
746 2936 785 2971 sed
798 2934 898 2972 absolute
911 2936 979 2972 etiam
