2214 3350
220 127 308 195 ¹Thes-is
324 149 353 185 14.
371 148 512 189 Consortium
527 149 616 190 divinae
630 149 725 185 naturae
831 127 836 129 “
865 146 900 184 301

54 259 213 305 promissiones
237 258 330 304 possunt
349 257 392 293 dici
411 256 468 292 dorio
487 256 537 292 olari
555 266 570 292 a
588 255 664 292 divina
688 256 830 300 benignitate.
857 256 899 292 Illa

55 312 173 358 «pretiosa
187 311 208 347 et
221 311 320 361 maxima
337 310 489 357 ἐπαγγέλματα»)
506 310 559 345 sunt
572 309 642 355 igitur
656 310 702 345 aut
718 309 775 345 bona
789 309 902 345 messiano

55 376 68 401 a
83 365 197 411 prophetis
212 366 322 410 promissa
337 366 359 401 et
373 374 387 400 a
403 364 490 400 Christo
506 364 595 405 donata,
613 364 659 399 aut
674 365 732 398 bona
747 372 761 398 a
777 363 862 399 Christo
879 365 899 399 et

54 419 161 464 apostolis
178 419 203 454 in
217 418 382 464 praedicatione
398 417 509 462 evangelii
525 417 636 462 promissa
653 417 674 452 et
689 417 725 461 iis,
743 417 781 461 qui
795 415 862 452 fidem
878 420 899 452 et

54 473 192 519 baptismum
206 472 358 518 susceperunt,
374 472 421 507 iam
436 480 519 515 magna
535 480 561 506 ex
576 470 639 515 parte
656 471 709 506 data
725 470 745 505 et
760 470 785 505 in
800 478 900 505 consum-

53 527 152 562 matione
166 525 250 562 saeculi
263 526 352 571 plenius
367 526 449 569 danda,
465 526 510 561 aut
524 524 682 570 promissiones
697 524 778 559 horum
791 524 899 559 bonorum

54 580 162 616 alterutro
177 588 245 616 sensu
258 579 426 616 intellectorum.
444 579 539 615 Donavit
555 579 630 614 autem
644 578 746 614 Christus
763 578 807 613 sive
823 578 899 613 divina

54 634 126 669 virtus
141 633 212 679 ipsius
228 633 282 669 haec
300 632 439 680 ἐπαγγέλματα
457 641 481 668 eo
496 632 595 675 consilio,
607 630 648 677 tra,
663 632 688 667 ut
703 641 742 677 per
758 631 812 666 haec
827 630 902 666 fideles

53 685 109 721 fiant
132 685 220 721 divinae
242 684 362 730 participes
384 685 485 720 naturae.
509 703 532 709 -
557 681 695 730 ἀποφυγόντες
711 685 746 729 τῆς
760 712 763 719 .
777 711 781 719 .
796 712 800 719 ,
816 684 902 728 φθοραῖς.

54 739 81 783 In
96 738 152 780 N⁰T⁰
172 735 240 782 pleat
258 736 326 772 habet
342 736 452 782 triplicem
468 744 569 772 sensum:
595 736 617 781 a)
636 735 764 781 physicum:
789 733 900 776 interitus,

53 798 120 831 mors,
140 788 256 824 dissolutio
284 788 426 833 (Verwesaaq
452 788 486 824 vel
513 787 708 832 Verweslichlreit);
736 788 757 833 b)
778 787 895 822 moralem:

53 842 185 888 depravatio
199 841 299 884 moralis;
315 842 334 888 c)
353 837 549 886 eschatoiop'ieum:
569 842 673 877 interitus
689 841 837 886 sempiternus
854 841 899 875 sive

54 896 146 932 amissio
158 896 217 931 vitae
230 896 339 931 aeternae.
355 896 416 932 Sicut
429 896 453 930 in
466 896 567 942 opposita
579 904 631 931 voce
649 895 688 941 ζωὴ
708 894 823 940 Scriptura
836 895 903 930 inter·

54 950 108 985 dum
125 950 240 994 coniungit
256 951 331 985 varios
348 959 427 985 sensus
446 950 479 996 (ci.
500 959 521 985 n,
540 949 614 994 aiod),
633 950 664 985 sic
686 947 755 995 φθορά
776 948 901 994 significare

54 1002 126 1047 potest
144 1014 155 1034 ιι
163 1002 315 1036 condicionem
332 1001 497 1047 depravationis
515 1001 621 1046 physicae
640 1004 661 1036 et
678 1001 776 1044 moralis,
795 1010 835 1046 per
851 1011 899 1047 pec-

54 1053 130 1089 catum
146 1053 172 1087 in
188 1053 247 1088 hunc
265 1053 374 1088 mundum
391 1053 510 1089 invectae»
531 1053 604 1098 (zor).
626 1054 705 1089 Nostro
724 1053 771 1088 loco
789 1053 899 1099 oppositio

54 1105 87 1140 est
102 1105 158 1141 satis
173 1105 294 1140 manifesta
308 1104 367 1140 inter
380 1105 431 1151 ζωὴν
445 1107 479 1141 καὶ
491 1103 594 1151 stolata
607 1115 633 1141 ex
649 1115 696 1140 una
712 1106 775 1150 parte
793 1107 813 1140 et
831 1106 867 1150 τῆς
880 1103 901 1141 ἐν

46 1155 150 1205 ’ἐπιθυμία
166 1157 246 1201 φθοραῖς
264 1166 290 1191 ex
305 1157 376 1192 altera
392 1156 462 1201 parte.
480 1158 553 1200 Quare
571 1155 709 1203 ἀποφυγόντες
733 1165 778 1192 non
794 1156 902 1192 condicio-

54 1208 136 1243 naliter
148 1208 323 1252 intellegendum
335 1208 379 1244 est:
397 1221 408 1241 α
416 1209 436 1243 si
449 1208 562 1252 effugiatis
571 1222 581 1242 »
595 1208 629 1244 vel
645 1220 655 1240 ι(
664 1209 682 1243 si
697 1208 818 1252 effugeritis
828 1221 846 1250 α,
861 1207 900 1244 sed

55 1260 217 1304 temporaliter:
238 1260 375 1305 «postquam
392 1260 529 1305 effugistisn3
547 1261 568 1296 et
585 1260 674 1305 quidem
692 1261 781 1311 propter
798 1260 900 1296 additum

54 1309 76 1347 ἐν
91 1310 186 1360 delicata
204 1312 225 1346 et
238 1311 400 1357 oppositionem
414 1312 444 1347 ad
459 1313 546 1347 «vitam
562 1312 582 1348 et
596 1311 720 1358 pietatem»
735 1321 780 1354 non
794 1312 901 1358 primario

55 1362 199 1407 cogitandum
221 1363 254 1397 est
276 1363 302 1398 de
324 1363 417 1399 interitu
433 1363 524 1408 physico
540 1364 566 1399 in
581 1363 704 1399 universali
727 1362 900 1407 conflagratione

54 1414 134 1450 mundi
152 1414 186 1461 (ci.
204 1414 217 1450 2
232 1414 285 1450 Petr
299 1413 317 1456 3,
336 1413 363 1460 7),
381 1415 420 1450 sed
436 1424 515 1450 sensus
531 1415 574 1452 est:
602 1427 612 1448 α
620 1415 738 1460 postquam
755 1415 854 1459 gratuita
871 1415 900 1450 ad

54 1468 121 1504 fidem
143 1468 258 1510 vocatione
282 1468 391 1512 effugistis
416 1468 586 1514 corruptionem,
605 1478 661 1513 quae
679 1471 758 1513 regnat
775 1470 799 1503 in
816 1469 900 1503 mundo

54 1521 236 1567 concupiscentia
252 1521 336 1567 pleno»
357 1522 392 1568 [ct.
412 1522 424 1557 1>
440 1523 463 1558 Io
480 1522 499 1566 2,
519 1521 559 1567 16];
578 1531 629 1567 ergo
647 1521 682 1559 hic
701 1521 840 1566 significatur
857 1523 900 1568 pri-

54 1574 127 1608 mario
142 1573 254 1619 corruptio
270 1573 361 1608 moralis
376 1575 398 1610 et
413 1574 508 1609 tortasse
524 1575 657 1610 connotatur
672 1574 720 1610 eius
735 1583 813 1619 poenay
832 1575 900 1609 aeter-

54 1636 98 1662 nus
114 1627 225 1662 interitus.
245 1627 302 1669 Quia
319 1627 344 1661 in
360 1626 464 1662 contextu
481 1625 553 1662 multa
570 1627 629 1661 dona
646 1626 747 1671 gratuita
763 1626 898 1666 indicantur,

54 1679 100 1715 ista
111 1678 213 1714 liberatio
227 1687 240 1713 a
252 1677 392 1723 corruptione
405 1678 596 1723 concupiscentiae
609 1679 645 1714 hic
658 1677 772 1714 exliibetur
785 1678 900 1722 tamquam

56 1739 111 1775 opus
130 1731 220 1774 pratiae.
241 1730 298 1772 Quid
315 1739 366 1765 vero
385 1739 410 1766 es
427 1731 489 1774 parte
508 1730 604 1765 hominis
623 1730 678 1766 adeo
697 1730 819 1774 gratificati
837 1739 899 1775 prae-

53 1782 160 1817 standum
172 1781 207 1826 sit,
221 1781 302 1816 dicitur
314 1781 339 1816 in
351 1782 498 1826 sequentibus.
513 1801 536 1806 -
547 1791 566 1817 vr
581 1783 603 1818 5:
617 1783 651 1818 eod
664 1779 714 1824 αὑτὰ,
726 1783 784 1818 τοῦτο
797 1797 822 1812 =
834 1785 868 1818 καὶ
881 1784 901 1818 δι’

54 1830 104 1870 αὐτὸ
115 1846 132 1869 π.
145 1833 199 1879 (aad
214 1833 268 1868 eben
282 1832 418 1879 desererem:
437 1834 494 1876 Quia
507 1834 540 1868 iot
553 1834 574 1869 et
588 1834 652 1869 tanta
667 1834 726 1869 doira
740 1833 826 1878 gratiae
841 1843 900 1869 acce-

53 1884 135 1931 perunt
160 1886 188 1931 (et
211 1885 298 1920 maiora
320 1885 431 1930 promissa
454 1885 597 1930 exspectant),
622 1885 700 1920 debent
725 1887 811 1929 praeter
837 1887 899 1931 (παρα,

53 1936 133 1982 treberi)
148 1946 180 1979 ea,
195 1945 251 1981 quae
265 1937 324 1972 Deus
338 1937 435 1979 donavit,
450 1937 517 1972 etiam
531 1946 557 1972 ex
571 1946 612 1972 sua
625 1938 688 1983 parte
703 1937 781 1982 afferre
798 1937 901 1984 (-εισενε’γ-

53 1989 132 2033 παντες)
152 1998 216 2023 omne
234 1988 334 2023 studium
351 1989 372 2023 et
390 1988 509 2033 diligenter
527 1998 626 2024 exercere
643 1989 743 2025 virtutes.
764 1986 900 2036 Ἑπιχοαηγεῐν

53 2043 143 2088 proprie
161 2042 214 2077 dicit
232 2043 298 2077 «suis
317 2042 442 2088 sumptibus
460 2043 552 2078 eliorum
570 2043 615 2079 sive
632 2043 696 2079 ludos
714 2043 813 2088 publicos
833 2052 899 2089 apria-

54 2106 104 2131 rare
113 2106 132 2138 »3
147 2105 198 2141 ergo
211 2096 259 2132 hic:
275 2095 298 2130 id
312 2105 384 2141 apere,
399 2097 424 2132 ut
437 2097 529 2133 virtutes
544 2098 623 2133 adsint.
641 2096 734 2142 Logious
748 2098 800 2133 ordo
816 2100 899 2143 septem

54 2150 89 2185 vel
106 2151 154 2185 octo
171 2150 279 2185 virtutum
295 2159 314 2185 v.
334 2151 379 2189 5-7
398 2152 579 2187 enumeratarum
596 2151 713 2188 difficulter
730 2151 858 2197 explicatur.
877 2172 901 2177 -

54 2213 73 2239 v.
88 2203 109 2240 8:
126 2205 186 2247 Quae
198 2203 217 2238 si
229 2203 328 2247 iecerint,
341 2205 396 2240 hene
409 2205 437 2239 iis
449 2205 498 2247 erit;
510 2214 529 2240 v.
544 2205 566 2241 9:
582 2214 645 2240 secus
657 2205 721 2240 niele.
735 2224 758 2229 —
769 2215 788 2241 v.
803 2205 837 2241 10:
853 2207 899 2241 Hoc

53 2257 120 2292 modo
132 2266 197 2292 suam
209 2257 346 2293 vocationem
359 2259 380 2294 et
394 2259 522 2294 electionem
535 2259 657 2295 stabiliant.
671 2279 694 2284 -
706 2270 725 2295 r.
742 2259 774 2296 11:
793 2260 827 2296 stc
841 2262 899 2296 Deus

54 2319 141 2355 quoque
156 2310 277 2355 aliquando
292 2312 433 2347 abundanter
448 2312 516 2347 solvet
532 2322 638 2357 capessas
654 2314 683 2349 ad
697 2313 801 2348 festivum
816 2314 899 2358 ingres-

54 2373 105 2399 sum
117 2364 142 2398 in
155 2364 236 2400 Christi
250 2364 365 2400 aeternum
377 2374 471 2409 regnum
484 2366 610 2411 requisitas,
625 2367 639 2402 i,
656 2377 672 2402 e.
689 2366 790 2402 omnibus
804 2367 833 2402 ad
846 2368 900 2402 ohti-

54 2417 152 2452 nendam
166 2417 327 2454 beatitudinem
341 2419 458 2454 caelestem
475 2420 607 2455 necessariis
625 2429 661 2455 eos
678 2420 778 2456 instruet.

54 2545 110 2585 ios.
147 2544 246 2586 Textus:
275 2548 294 2592 i,
323 2548 336 2584 i
362 2548 401 2586 tva
422 2546 458 2587 ὁιὰ
478 2549 571 2587 τούτων
587 2546 691 2603 γένησθε
707 2545 774 2599 θείας
790 2548 901 2589 κοινωνοὶ

54 2610 156 2661 φύσεως.
177 2607 327 2648 Adiectirum
345 2607 413 2661 θεῖος
431 2608 455 2648 in
473 2608 532 2648 N⁰T⁰
550 2620 598 2649 non
616 2609 719 2649 occurrit
736 2609 782 2648 nisi
799 2609 837 2649 his
856 2610 900 2650 hoc

18 2702 22 2705 .
54 2670 105 2711 loco
121 2673 135 2710 2
151 2670 207 2711 Petr
223 2673 242 2719 1,
261 2673 274 2710 3
290 2671 313 2711 et
329 2673 350 2719 43
368 2671 544 2712 substantivum
559 2673 586 2713 τὸ
596 2671 666 2713 θεῖον
675 2671 747 2711 semel
765 2672 802 2712 vel
820 2673 858 2712 bis
875 2674 900 2712 iu

56 2744 164 2774 sermone
180 2734 203 2774 S.
220 2733 289 2774 Pauli
305 2735 330 2774 in
344 2733 466 2785 Αοθοφοφο
482 2726 563 2776 habito
581 2728 634 2786 (Act
648 2737 682 2783 ii,
699 2738 726 2775 29
742 2736 764 2776 et
779 2736 831 2776 lect¹
848 2747 898 2776 ver.

54 2811 77 2838 v.
93 2798 138 2849 27).
155 2799 206 2838 Vox
220 2798 256 2838 est
270 2797 405 2837 Helieaistis
421 2798 519 2838 eraditis
535 2798 629 2846 usitata,
646 2799 672 2838 ut
686 2810 766 2839 veram
782 2798 898 2839 Deitatem

55 2872 112 2910 prae
135 2860 218 2900 multis
235 2860 282 2901 diis
299 2860 375 2911 plebis
399 2860 542 2910 significent.
567 2860 792 2914 Participeredetag
807 2864 901 2915 φύσεως

55 2923 158 2964 occurrit
175 2923 239 2974 apud
257 2922 346 2963 Stoicos
365 2923 546 2972 stratonices,
566 2925 591 2964 in
609 2925 728 2974 mysteriis
747 2924 900 2965 hellenisticis
