2214 3350
293 240 294 243 ,
330 207 451 264 Thesis23.
468 207 519 243 Alia
532 207 655 252 systemata
672 250 674 252 ,
881 207 922 243 48&

70 317 140 359 valde
156 316 246 366 mirum
261 317 377 357 divinae
393 315 534 356 bonitatis
549 316 573 356 et
587 314 747 357 voluntatis
764 315 920 357 salvificae

71 379 191 422 exhibent.
211 379 359 430 Quicumque
376 378 442 419 enim
459 378 566 428 pereunt,
584 377 637 419 ideo
654 378 766 428 perirent,
785 378 843 430 quia
857 378 921 428 ipsis.

71 442 193 497 moraliter
206 442 353 493 impossibile
368 440 435 490 esset,
450 442 478 482 ut
491 451 515 482 se
529 439 655 481 salvarent.
670 441 718 481 Deo
731 441 805 492 igitur
818 441 919 482 interro-

70 506 149 558 ganti:
167 506 248 555 «Quid
261 506 333 546 debui
343 504 410 546 ultra
422 506 527 545 faceret»
545 505 577 556 (ls
587 505 608 552 5,
616 505 638 555 4)
654 503 706 544 iure
718 505 912 554 responderetur:
958 553 960 555 ¹

72 569 198 610 «Salutem
208 569 280 609 redde
292 567 376 609 saltem
387 568 510 609 moraliter
519 566 666 618 possibilem!
675 584 685 603 »
697 592 728 597 -
747 568 768 621 β)
781 567 824 608 Sin
836 568 923 608 dicunt

71 633 120 673 iarn·
139 643 167 672 ex
186 631 240 672 actu
259 631 337 682 primo
364 630 522 671 infallibili
546 629 688 670 certitudine
715 631 823 680 cognosci
849 640 921 680 posse-

51 746 53 748 >
70 694 143 736 talem
153 694 254 745 gratiam
265 694 291 734 in
302 687 344 735 tali
355 693 477 734 voluntate
488 704 536 733 non
548 692 720 744 producturam
730 692 845 733 effectum
856 693 916 732 sclu-

69 759 155 806 tarem5
171 753 252 798 nulla
268 758 376 799 remanet
389 757 440 797 veri
457 756 562 798 nominis
577 755 761 797 sufficientia
777 754 869 796 auxilii.
886 779 922 785 --

68 846 100 852 -
113 821 202 862 Dicunt
217 826 314 872 propter
329 825 455 872 peccorum
472 819 587 871 eripiente
605 819 665 860 iuste
682 819 796 870 imputari
815 817 920 866 homini‚.

69 885 134 936 quod
147 884 192 924 hac
204 884 309 935 potentia
321 884 421 936 physica
434 882 595 924 infallibiliter
608 893 656 923 non
670 881 759 932 utatur,
773 893 829 922 cum
843 893 917 932 prava

70 946 266 998 concupiscentia,
288 958 349 997 quae
369 946 485 988 moralem
505 945 722 996 impossibilitatem
744 946 813 994 creet,
834 945 921 986 contra.

69 1010 112 1051 Dei
122 1010 268 1051 voluntatem
280 1017 309 1051 ex
321 1009 415 1061 peccato
428 1009 522 1059 generis
532 1009 634 1049 humani
647 1009 764 1060 originem
778 1007 914 1059 sumpserit.

68 1098 99 1104 —-
110 1069 194 1123 Re'sp.
207 1072 249 1113 Est
260 1078 385 1128 conceptus
396 1073 511 1124 indiqrrus
522 1072 612 1129 peccati
624 1071 754 1122 originalis,
766 1072 831 1123 quod
843 1071 920 1112 homo

69 1146 113 1185 per
126 1135 203 1175 solum
216 1135 260 1175 hoc
273 1135 397 1186 peccatum
409 1134 513 1184 ponatur
526 1135 551 1175 in
564 1140 593 1175 ea
606 1134 751 1183 condicione,
767 1146 816 1185 qua
829 1134 915 1175 morali

69 1197 206 1252 necessitate
221 1197 378 1248 compellatur
391 1198 417 1237 in
431 1197 566 1247 gehennam
582 1197 614 1248 (v.
628 1210 651 1237 n.
668 1198 798 1249 rar-161).
814 1199 920 1247 Insuper

28 1251 29 1257 ’
68 1253 135 1300 omni
146 1260 239 1300 homini
251 1260 327 1300 semel.
336 1259 466 1301 iustificate
476 1259 600 1311 pecc-atum
613 1259 729 1309 originale
741 1261 870 1301 remissum
882 1267 920 1300 est·

69 1334 146 1373 neque
163 1333 271 1373 unquam
289 1322 416 1363 reviviscit.
440 1348 471 1354 —
494 1324 519 1374 b)
541 1324 565 1364 Si
584 1322 684 1363 moralis
700 1321 828 1364 necessitas
845 1334 918 1363 sensu

69 1385 152 1426 latiore
166 1385 276 1433 sumitur,
292 1386 373 1436 aliqua
387 1384 470 1436 utique
485 1385 565 1427 manet
578 1385 712 1427 libertas.
730 1386 776 1427 Sed
792 1386 812 1427 si
826 1386 920 1427 antece-2

51 1448 152 1488 denter
168 1448 198 1488 ad
213 1449 351 1499 praevisum
367 1459 508 1489 consensum
530 1460 563 1488 ex
584 1448 643 1489 solo
665 1448 730 1489 actu
746 1448 848 1500 primo
862 1448 920 1489 talis-

69 1511 153 1551 auxilii
169 1511 194 1550 in
212 1511 284 1552 talem
300 1511 448 1553 voluntatem
468 1511 594 1552 influentis
611 1511 660 1552 iarn
679 1511 838 1552 infallibili
858 1523 921 1552 cer--

69 1574 194 1614 titudine
214 1573 438 1614 determinatum
457 1575 492 1615 est
510 1574 593 1615 datum
614 1574 643 1614 iri
664 1585 813 1624 consensum,
835 1574 916 1615 nulla

68 1647 167 1687 prorsus
178 1637 284 1678 remanet
294 1637 388 1678 libera
397 1636 510 1678 electio.
524 1638 586 1678 Haec
597 1638 662 1678 enim
674 1638 781 1687 requirit,
795 1639 822 1679 ut
832 1637 921 1688 positis.

69 1700 182 1739 omnibus
195 1700 381 1751 praerequisita,
397 1700 477 1751 itaque
493 1701 588 1751 quando
603 1700 670 1741 actus
684 1701 778 1752 primus
790 1701 916 1751 proximus

68 1762 92 1802 et
106 1762 238 1814 completus
251 1763 299 1804 iam
315 1762 424 1812 hahetur,
440 1763 518 1804 adhuc
533 1765 564 1803 sit
577 1774 650 1814 penes
666 1765 813 1804 volunlatem
828 1764 919 1816 eligere·

69 1825 131 1866 inter
145 1826 223 1876 plura.
240 1826 303 1867 Deus
318 1826 375 1868 licet
387 1826 558 1876 perfectissime
573 1826 721 1867 voluntatem
737 1828 761 1868 et
773 1826 876 1877 gratiam
892 1827 918 1868 et

69 1888 157 1937 omnia,
174 1900 234 1939 quae
253 1889 380 1944 adactum
404 1889 511 1939 primurn
534 1889 661 1940 pertinent,
682 1891 804 1941 perspecta
828 1890 920 1930 habeat

69 1950 139 2001 atque
149 1952 249 2002 proinde
260 1963 289 1992 ex
300 1953 364 1993 hisce
375 1952 487 1993 omnihus
498 1964 593 1992 summu
605 1964 661 1993 oum
668 1953 836 2004 probabilitate
848 1964 918 2006 prae*

68 2013 149 2054 videre
161 2014 241 2065 possit,
256 2015 281 2054 in
294 2026 367 2066 quam
380 2015 473 2065 partem
486 2014 597 2056 voluntas
610 2026 659 2056 sese
673 2015 746 2057 libere
760 2016 791 2057 sit
804 2016 914 2057 determi-

69 2076 161 2125 natura,
182 2077 346 2126 nihilominus,
369 2078 486 2127 quamdiu
503 2078 570 2118 actus
589 2079 683 2129 primus
700 2079 823 2129 physicam
844 2079 915 2120 liher-

68 2138 141 2188 tatem
163 2140 284 2181 electionis
305 2140 427 2190 relinquit,
452 2152 481 2181 ex
502 2152 529 2183 eo
553 2141 604 2182 solo
626 2141 812 2183 determinatum
835 2143 917 2184 actum-

69 2202 200 2244 secundum
215 2203 375 2254 irosalltbiliter
389 2203 527 2253 praevidere
543 2216 591 2245 non
606 2203 690 2253 potest.
705 2205 835 2247 Essentiale
850 2207 915 2247 enirn

68 2264 104 2305 est
115 2266 145 2306 ad
158 2266 299 2315 libertatem,
311 2267 339 2307 ut
351 2266 418 2307 actus
428 2266 523 2318 primus
534 2279 564 2308 ex
576 2278 600 2309 se
613 2279 661 2309 non
675 2268 746 2310 ducat
759 2280 813 2309 cum
826 2269 919 2309 infalli-

68 2326 112 2367 bili
127 2329 264 2370 necessitate
280 2330 310 2369 σά
326 2341 402 2369 unum
419 2330 604 2370 determinatum
620 2337 702 2371 uotum
715 2334 855 2382 secundam,
874 2334 917 2373 sed*

69 2389 95 2429 ut
111 2390 141 2431 sit
156 2392 236 2441 potius
250 2392 393 2433 indifferens
410 2392 440 2432 ad
457 2393 534 2442 plura.

132 2478 235 2525 Effugia:
259 2482 279 2527 a)
302 2482 377 2517 Manet
401 2481 597 2522 indifferentia
622 2483 731 2526 iudicii;
757 2485 790 2519 est
817 2486 919 2530 myste-

67 2529 137 2565 rium
161 2532 199 2568 etc.
224 2551 247 2557 —
270 2532 411 2578 Responsa
434 2533 459 2568 in
476 2534 506 2569 th.
526 2534 551 2570 22
571 2535 599 2580 (n.
618 2535 654 2571 594
672 2534 715 2581 597)
734 2536 787 2571 data
801 2537 875 2571 sunt1.
890 2534 913 2562 —'

67 2581 89 2626 b)
110 2583 263 2630 Exemplum
282 2584 397 2630 peccati,
420 2586 478 2630 quod
496 2586 544 2622 sine
564 2586 647 2621 auxilio
665 2587 756 2633 speciali
776 2581 915 2623 infallibi-

67 2631 131 2669 liter
142 2635 163 2669 et
175 2637 251 2671 tamen
263 2636 349 2671 libere
363 2636 520 2674 committatur,
535 2658 558 2663 —
570 2639 594 2675 R.
611 2639 639 2675 Ut
653 2639 777 2675 libertatem
792 2649 913 2677 servemus,

129 2764 137 2785 1
151 2765 174 2799 L.
190 2766 303 2803 larisseus,
318 2766 349 2801 Do
366 2766 443 2802 Gratia
456 2775 477 2812 p.
494 2766 566 2810 653ss,
581 2765 640 2800 ultro
655 2764 738 2800 fatetur
752 2766 778 2800 in
793 2775 833 2801 suo
847 2765 918 2809 system

67 2810 126 2845 mate
137 2819 227 2848 manere
239 2821 346 2856 magnam
357 2811 515 2857 difficultatem,
528 2813 596 2848 immo
607 2812 740 2856 mysterium
751 2812 915 2857 inexplicabile,

68 2858 177 2906 quomodo
200 2860 259 2895 Deus
282 2858 432 2895 infallibiliter
455 2860 553 2895 obtineat
569 2868 708 2903 consensum,
728 2868 793 2904 quem
811 2859 913 2901 intendit,

68 2900 149 2941 illaesa
163 2904 264 2942 libertate
280 2906 383 2941 hominis.
402 2906 458 2942 Aliis
473 2908 558 2942 verbis:
579 2906 679 2941 concedit
695 2916 743 2943 rem
761 2906 786 2942 in
799 2907 853 2942 ,tota
872 2906 918 2941 hac>

69 2951 197 3030 guellestione
215 2953 311 2989 maxime
329 2953 483 2999 explicandam
501 2964 540 2999 per
559 2963 625 2989 suum
644 2954 742 2999 systema
760 2954 851 2989 tandem
870 2961 916 2987 non

78 3004 179 3040 xprcan.
