2214 3350
179 127 222 163 -214
322 126 376 162 Seet.
391 126 419 162 II.
434 126 480 161 Art.
496 125 524 161 II.
539 125 570 160 De
584 111 796 169 supernaturalitate
810 115 896 167 gratiae

186 235 235 276 Hoc
250 246 320 275 sensu
334 234 405 285 neget
419 233 538 274 obiectum
554 232 654 273 formale
668 209 848 282 supernaturale
863 243 886 270 v.
903 243 925 282 g.
942 204 1033 269 Billot

187 298 231 350 {De
246 297 298 339 virt.
313 310 337 349 p.
351 298 405 348 tes)
415 299 432 336 ³.
597 294 600 299 ”

185 423 250 466 305„
276 423 308 466 111.
323 423 427 465 Historia
438 422 506 464 liuius
519 421 665 475 quaestionis
680 421 711 471 (v.
724 420 802 461 David
814 431 864 471 cap.
878 420 911 460 ΙΙΙ
924 432 948 471 p.
961 421 988 460 27
1000 420 1031 460 ad
1062 420 1065 425 ’

185 489 221 536 57;
237 487 492 538 Οοννίᾳοο-Εορναοοο,
507 485 542 525 De
557 484 627 524 reoct.
644 484 708 533 1²p.
725 484 856 534 462-498).
873 481 898 524 S.
915 482 1030 523 rhomam
1068 508 1070 511 -

186 550 286 602 utraque
299 560 353 600 pars
366 540 411 589 sibi
423 547 545 588 vindicare
558 546 659 588 studet².
671 572 704 577 -—
716 548 739 587 S.
753 541 955 586 Boneventura
966 544 1031 585 vide-

185 614 224 654 tur
238 614 321 653 docere
332 612 450 651 obiectum
463 609 564 651 formale
578 608 757 660 supernaturale
771 609 829 650 fidei
846 609 931 660 (David
945 620 968 659 p.
983 608 1029 659 45).

182 781 184 785 Α
248 746 255 766 1
269 744 350 787 «Quod
362 744 387 777 in
400 743 485 778 actibus
498 741 709 788 supernaturalibus
721 740 829 777 virtutum
841 742 891 775 viae
904 739 1031 774 iornialitas

185 789 412 836 supernaturalitatis,
429 789 521 829 iaciens,
539 788 565 823 ut
581 788 644 824 actus
661 788 706 822 sint
722 787 884 833 proportionati
902 786 1030 822 condicione

185 837 319 872 obiectorum
331 835 453 871 secundum
465 844 495 877 se,
509 843 563 869 non
573 833 698 879 provenit
711 843 739 869 ex
751 832 865 875 obiecto,
878 833 945 878 prout
957 833 1031 885 quoad

183 892 224 918 nos
235 891 326 917 munere
338 882 416 917 obiecti
428 881 537 925 iungitur,
550 880 651 916 videlicet
662 889 732 924 neque
744 890 771 915 ex
783 880 865 915 obiecto
877 878 1028 922 materiali,

179 929 243 972 quod
260 927 363 969 creditur,
382 927 441 972 quod
464 928 575 972 speratur,
593 927 652 971 quod
672 925 783 970 diligitur,
802 933 872 970 neque
896 935 922 960 ex
946 925 1030 960 obiecto

183 974 304 1018 formali,
325 973 415 1019 propter
435 974 492 1018 quod
511 972 610 1009 creditur
628 973 664 1008 vel
684 972 787 1018 speratur
806 971 841 1008 vel
861 970 968 1016 diligitur,
990 971 1030 1024 sed

184 1021 262 1056 unice
279 1029 308 1056 ex
325 1019 462 1065 principio
479 1019 597 1064 gratiae,
617 1028 662 1064 qua
679 1018 779 1054 elevatur
796 1018 912 1064 operativa
929 1018 1030 1063 potentia

182 1067 211 1102 ad
221 1075 271 1102 eum
282 1066 381 1101 ordinem
391 1065 540 1110 perfectionis,
552 1066 615 1100 cuius
625 1065 706 1100 ultima
715 1064 877 1101 consummatio
888 1065 921 1100 est
931 1065 955 1099 in
966 1064 1028 1098 unio-

183 1122 211 1148 ne
226 1121 265 1158 per
280 1111 357 1147 lumen
371 1111 456 1156 gloriae
473 1112 502 1148 ad
518 1111 617 1158 divinam
633 1111 752 1147 essentiam
768 1112 794 1146 ut
809 1111 838 1146 ad
854 1112 950 1145 formam
965 1109 1029 1145 intel-

183 1158 300 1203 legibilem.
311 1171 321 1190 »
794 1181 796 1183 .

244 1228 253 1248 ²
267 1228 336 1272 Saepe
349 1226 438 1271 quidem
450 1226 605 1262 necessitatem
617 1226 707 1261 habitus
719 1226 789 1261 inlusi
802 1226 831 1262 ad
844 1227 907 1261 actus
920 1226 1029 1260 virtutum

182 1273 358 1317 theologicarum
371 1273 392 1309 S.
408 1272 502 1307 Thomas
517 1281 543 1308 ex
556 1281 580 1307 eo
592 1271 694 1313 ostendit,
709 1272 767 1316 quod
781 1280 858 1307 earum
871 1271 956 1307 obiecta
969 1273 1028 1307 vires

182 1319 277 1355 naturae
292 1318 452 1355 transcendant
465 1318 508 1362 (sic
523 1318 596 1362 quoad
610 1317 676 1362 sidem
690 1319 712 1354 S.
731 1319 759 1353 th.
777 1317 794 1360 2,
805 1318 823 1354 ,2
837 1327 855 1362 q.
872 1319 884 1354 5
900 1327 919 1353 a.
936 1317 948 1353 3
964 1319 994 1353 ad
1009 1316 1027 1359 l;

183 1374 202 1409 q.
218 1364 262 1401 tia.
278 1364 296 1406 13
309 1365 382 1409 quoad
396 1365 512 1399 caritatem
526 1364 543 1407 1,
558 1365 569 1400 2
582 1373 601 1408 q.
617 1362 653 1400 109
666 1363 713 1399 asti
725 1364 753 1400 ad
768 1363 786 1406 15
801 1363 810 1399 1
825 1372 843 1409 q.
858 1363 883 1399 60
897 1373 915 1399 a.
931 1364 943 1401 5
957 1365 986 1400 ad
999 1364 1026 1407 4),

181 1411 217 1447 vel
233 1411 329 1446 morales
345 1411 438 1445 virtutes
456 1411 544 1446 infusas
561 1411 581 1445 et
599 1410 720 1454 acquisitas
743 1409 861 1454 distinguit
886 1411 1028 1446 «secundum

182 1456 290 1503 speciales
306 1457 327 1492 et
342 1456 447 1492 formales
463 1456 562 1491 rationes
578 1456 731 1491 obiectorum»
750 1455 776 1500 (1,
794 1456 807 1492 2
822 1465 841 1500 q.
859 1455 883 1492 63
900 1466 919 1493 a.
938 1456 964 1503 4).
985 1456 1028 1492 Sed

182 1503 257 1538 novit
278 1502 358 1538 eiiam
379 1501 435 1537 alia
455 1502 595 1547 principia
614 1501 725 1537 habitus
746 1502 951 1548 specificaniia.
975 1502 993 1545 1,
1015 1502 1027 1538 2

179 1558 198 1593 q.
211 1549 236 1585 54
247 1559 265 1585 a.
279 1548 301 1585 2:
318 1561 327 1581 o
335 1548 372 1585 ¹Sic
384 1548 453 1593 igitur
465 1548 586 1584 secundum
599 1548 642 1583 triu
654 1547 744 1583 habitus
756 1549 828 1594 specie
841 1548 1022 1592 distinguuntur:

180 1603 225 1676 tlt
238 1593 1026 1677 rttr}tollartitletflettertttttttetttttnnt

166 1678 252 1732 specie
268 1687 398 1723 differentia.
409 1700 419 1719 n
435 1689 483 1723 Duo
498 1669 622 1732 posteriora
637 1686 654 1729 1,
671 1688 683 1723 2
698 1697 716 1732 q.
733 1687 757 1724 63
773 1697 792 1723 a.
809 1688 908 1732 imagis
924 1688 1024 1733 explicat,

179 1735 218 1770 ubi
232 1735 284 1771 data
296 1744 365 1780 opera
376 1735 476 1780 inquirit,
490 1735 548 1770 sitne
561 1736 632 1771 virtus
645 1735 756 1780 acquisita
770 1735 868 1772 eiusdem
881 1737 961 1782 speciei
975 1746 1026 1773 cum
1060 1742 1061 1746 ’

179 1782 261 1817 virtute
279 1783 360 1819 intusa⁴
379 1782 502 1828 Dupliciter
520 1782 552 1818 ait
565 1783 659 1819 ‘habitus
677 1783 748 1828 specie
769 1782 887 1827 distingui:
909 1785 930 1829 a)
950 1794 1026 1820 secun-

175 1829 233 1874 ·durn
247 1829 352 1874 speciales
366 1830 387 1864 et
400 1829 505 1866 formales
519 1830 616 1866 rationes
631 1829 767 1865 obiectorum
782 1830 850 1875 (quod.
862 1831 890 1876 de
901 1832 1024 1877 temperan-

179 1877 212 1913 tia
227 1877 303 1912 intusa
318 1877 338 1912 et
354 1877 463 1922 acquisita
477 1876 591 1924 ostendit);
606 1878 628 1923 h)
646 1890 657 1910 (ι
666 1878 788 1913 secundum
803 1887 835 1921 ea,
852 1878 881 1914 od
896 1888 952 1924 qnae
969 1879 1026 1914 ordi-

178 1925 269 1959 dantur.
281 1925 332 1959 Non
343 1925 402 1959 enim
415 1925 447 1959 est
459 1925 537 1960 eadem
549 1925 620 1969 specie
631 1925 716 1960 sanitas
730 1926 826 1961 hominis
840 1928 859 1960 et
873 1927 922 1971 equi
935 1926 1025 1972 propter

180 1971 280 2006 diversas
294 1971 395 2014 naturas,
412 1971 441 2006 ad
455 1980 511 2015 quas
527 1971 709 2009 ordinantur-Et
724 1973 800 2008 eodem
814 1975 880 2009 modo
896 1974 949 2009 dicit
963 1974 1024 2010 Phi-

178 2018 348 2063 losophusin
362 2019 383 2053 3⁰
398 2017 549 2062 Poltttcorum,
566 2019 624 2063 quod
640 2019 740 2055 diversae
757 2020 809 2055 sunt
825 2021 918 2056 virtutes
935 2021 1023 2063 civium,

179 2065 302 2100 secundum
316 2066 374 2109 quod
389 2066 443 2100 hene
460 2074 482 2100 se
498 2065 579 2101 hahent
595 2066 624 2101 ad
639 2066 738 2102 diuersos
754 2067 849 2111 politius.
867 2069 894 2103 Et
909 2078 949 2115 per
964 2069 1024 2104 huno

179 2113 248 2147 etiarn
262 2112 353 2147 modum
369 2112 474 2148 differunt
491 2113 562 2158 specie
577 2113 671 2149 virtutes
687 2114 783 2150 morales
798 2114 893 2159 triturae,
911 2125 951 2161 per
968 2125 1024 2161 quas

178 2160 280 2194 homines
294 2160 347 2195 bene
362 2169 385 2195 se
399 2160 480 2195 hahent
494 2160 518 2195 in
533 2161 609 2197 ordine
623 2162 652 2196 ad
666 2161 712 2204 hoo,
729 2162 787 2206 quod
802 2163 846 2198 sint
861 2164 918 2199 cives
935 2164 1024 2200 Sancto-

178 2216 230 2242 rnni
244 2207 265 2242 et
280 2207 392 2242 domestici
406 2208 451 2250 Dei,
468 2209 488 2243 et
504 2207 562 2244 aliae
576 2209 669 2245 virtutes
684 2211 813 2255 acquisitae,
830 2212 951 2247 secundum
967 2221 1023 2256 quas

177 2254 244 2289 horno
259 2263 281 2290 se
296 2256 350 2290 hene
367 2255 433 2291 habet
447 2256 472 2290 in
488 2256 565 2292 ordine
581 2257 610 2292 ad
626 2266 661 2292 res
677 2257 815 2293 humanas.»
832 2259 891 2303 Ergo
908 2269 933 2294 ex
949 2261 1022 2295 mente

178 2303 198 2338 S.
219 2302 318 2337 Doctoris
336 2303 429 2348 possunt
447 2312 494 2338 esse
514 2304 603 2340 habitus
622 2305 643 2340 et
660 2306 819 2349 consequenter
844 2306 907 2342 actus
933 2308 1022 2352 specie

103 2363 104 2366 ¹
177 2350 281 2385 diversi
306 2358 334 2384 ex
359 2350 413 2385 alio
438 2351 574 2396 principio
601 2352 781 2397 specificante
807 2362 874 2397 quam
894 2364 919 2390 ex
938 2354 1022 2390 obiecto

179 2398 207 2442 (v.
225 2397 299 2441 Schiff.
315 2405 335 2432 n.
353 2396 421 2442 totis).
438 2399 501 2440 Quod
517 2399 608 2444 insuper
623 2409 649 2435 ex
664 2400 796 2436 formalibus
812 2401 937 2437 rationibus
954 2402 1023 2437 ohiec-

176 2444 251 2478 torum
268 2444 359 2480 virtutes
377 2445 464 2481 infusas
483 2446 510 2481 ab
530 2446 644 2490 acquisitis
662 2447 733 2492 specie
752 2448 876 2492 distinguit,
896 2449 937 2485 hoc
954 2449 1022 2485 Billot

179 2490 207 2534 (p,
221 2489 300 2536 soso)
314 2492 334 2526 et
346 2492 421 2537 Schiff.
437 2493 465 2538 (n.
479 2492 523 2538 209)
537 2494 678 2529 conformiter
691 2495 719 2531 ad
732 2504 797 2530 suam
810 2496 943 2532 sententiam
956 2498 1022 2543 expli-

176 2537 223 2573 cari
237 2546 300 2581 posse
311 2540 406 2575 censent.
421 2540 492 2579 David
506 2541 534 2586 (p.
549 2541 578 2587 44]
593 2542 616 2577 id
629 2541 708 2577 saltem
721 2552 735 2578 a
748 2552 771 2578 se
784 2543 960 2579 demonstratum
974 2554 1021 2580 esse

177 2585 288 2621 existimat
309 2587 482 2622 «auctoritatem
503 2589 522 2630 S.
544 2588 643 2624 Doctoris
663 2598 707 2624 non
726 2599 791 2635 posse
811 2590 886 2626 afferri
905 2592 1021 2636 tamquam

174 2633 294 2668 manifesto
311 2632 421 2670 faventem
437 2635 559 2671 sententiae
577 2637 711 2682 [oppositae]
722 2647 741 2679 »3
759 2646 822 2682 posse
839 2639 899 2674 enim
915 2639 1021 2684 explicari

174 2680 271 2716 mentem
285 2680 413 2724 Aquinatis:
432 2683 509 2718 «Sunt
523 2684 632 2727 quaedam
647 2684 737 2728 obiecta,
754 2694 810 2730 quae
825 2686 850 2722 de
865 2688 924 2722 iacto
939 2697 953 2722 a
967 2687 1020 2723 solis

175 2728 261 2763 actibus
279 2727 415 2764 salutaribus
433 2730 580 2773 attinguntur.
591 2744 600 2763 n
618 2750 641 2756 -
657 2732 730 2768 Verba
745 2733 913 2775 Aristotelis,
935 2734 1018 2769 Potitio.

172 2774 186 2809 l.
199 2775 210 2810 3
220 2785 237 2810 c.
249 2775 261 2811 2
271 2785 291 2809 n.
304 2775 421 2820 ZtBekker
431 2777 453 2812 ΙΙ
465 2777 535 2813 tete-n
547 2776 632 2822 30—33]‚
645 2780 697 2814 sunt
707 2780 774 2816 haec:
784 2779 819 2817 Διὸ
832 2780 867 2826 τὴν
877 2777 950 2828 ἀρετὴν
960 2778 1021 2828 ἀναγ-

169 2826 230 2858 ’κοιῖον
244 2821 295 2858 εἶναι
307 2824 343 2860 τοῦ
356 2824 436 2859 πολίτου
450 2823 501 2869 πρὸς
514 2825 549 2871 τὴν
559 2826 665 2862 πολιτείαν.
679 2824 740 2872 Εἷίτερ
751 2824 787 2865 οὖν
800 2827 840 2864 ἐστὶ
850 2829 911 2866 πλείω
920 2830 1019 2866 soltreia&

172 2867 224 2931 sitq!
236 2872 295 2916 δῆλον
309 2868 336 2913 ὡς
350 2868 386 2907 οὐκ
400 2869 499 2918 ἐνδέχεται
512 2874 548 2909 τοῦ
561 2874 668 2910 σπουδαίου
681 2876 762 2912 πολίτου
776 2877 824 2920 μίαν
837 2873 909 2923 ἀρετὴν
923 2878 1021 2924 εἶναιτὴν

171 2922 254 2954 telum.
