2214 3350
369 163 447 199 rhesis
462 163 479 198 2.
497 163 589 202 inanum
604 133 656 197 aaa
869 170 872 178 =
914 157 938 194 35

88 272 145 314 tatis
162 272 184 312 et
200 271 390 323 praevenientiae
407 271 496 322 gratiae
513 271 566 312 iam¹
579 271 610 311 ad
627 268 815 319 simplicianum
832 268 938 308 scribens

91 336 163 377 verba
179 335 214 376 sat
229 335 289 376 dura
306 335 335 376 de
351 334 565 385 praedestinatione
580 333 605 374 et
621 330 742 373 similibus
758 329 938 381 quaestionibus

91 409 165 448 usque
180 398 211 438 ad
225 397 305 439 nostra
319 398 427 448 tempora
441 397 597 438 controversis
612 394 736 436 coniunxit
752 394 783 445 (v.
799 404 833 443 gr.
851 405 874 433 n.
891 392 936 443 16).v

88 460 265 501 Discussionem
282 460 401 502 eiusmodi
419 460 551 501 difficilium
569 457 744 511 quaestionum,
765 467 838 507 quam
857 456 938 507 postea

90 522 132 564 eliu
148 523 309 571 declinaverat
325 524 356 575 (v.
373 533 409 573 gr.
425 524 499 574 Epist.
517 525 557 564 102
573 534 596 573 q.
613 525 634 569 2,
651 533 672 561 a.
690 522 811 568 1084109,
827 520 863 560 De
878 520 935 570 spir.

91 586 330 636 excusanaas,
348 589 382 635 60,
401 598 422 627 a.
440 586 498 637 412),
516 587 595 627 denuo
613 582 781 633 coepit'Epist.
800 583 879 623 14911
897 584 937 622 186

89 648 312 701 111Ρ111111111111.
329 648 575 701 ,411114171111111
592 650 633 688 194
655 647 686 687 ad
708 646 805 686 Sirium
828 646 858 698 (a.
876 647 935 695 418),

89 712 160 762 atque
172 722 236 752 nunc
249 711 321 752 etiam
334 710 486 752 infallibilem
499 711 593 762 gratiae,
603 710 730 751 efficaciam
744 720 772 749 co
785 709 857 749 modo
869 719 937 759 urge-

90 774 138 823 bat,
157 774 184 815 ut
201 775 325 816 monachis
342 774 518 815 hadrumetinis
541 773 645 814 liberum
670 771 798 813 arbitrium
814 771 937 812 ‘destruere

89 837 218 877 videretur.
235 837 306 877 Libro
320 838 355 877 De
370 849 429 885 1111.
447 842 469 877 et
483 842 543 888 prat.
562 837 592 888 (a.
609 836 731 887 421-427)
749 832 866 885 oppositio
884 834 936 875 (las

90 899 151 940 siani
169 898 318 951 aliorumque
336 900 459 941 Gallorum
477 899 604 949 provocata
619 898 661 940 111.

89 998 128 1050 58.
164 1008 342 1059 Disputationes
356 1007 430 1059 igitur
444 1009 468 1049 S.
483 1006 611 1058 Augustini
626 1007 655 1048 de
670 1008 773 1058 sequclis
786 1006 876 1057 peccati
891 1006 936 1047 ori-

89 1062 184 1122 ginalis,
203 1071 233 1111 de
250 1070 374 1119 infallibili
400 1070 501 1111 efficacia
525 1070 622 1121 gratiae,
649 1070 677 1110 de
702 1069 886 1121 perseverantia,
907 1069 937 1109 de

88 1133 210 1174 voluntate
222 1133 330 1175 salvifica
342 1134 364 1175 et
376 1132 599 1183 praedestinatione,
612 1133 701 1183 quibus
713 1131 795 1183 postea
807 1130 937 1172 abuteban-

88 1196 128 1237 tur
140 1196 362 1245 Praedesn'nutiani,
376 1196 543 1244 Protestantes,
557 1195 702 1235 lunsenistae
715 1195 746 1235 ad
760 1206 816 1235 suas
828 1195 937 1235 haereses

90 1258 231 1307 fulciendae,
247 1259 296 1299 iam
311 1258 368 1300 tunc
382 1256 496 1308 temporis
511 1258 717 1314 Sem-ipelupianis,
734 1257 777 1308 qui
791 1255 895 1298 maxime
911 1257 936 1297 id

89 1321 252 1370 intendebant,
277 1322 304 1362 ut
327 1321 451 1369 iustitiam,
476 1320 607 1361 bonitatem
632 1320 764 1372 seriemque
788 1319 936 1361 voluntatem

89 1383 224 1425 salvificam
234 1384 277 1425 Dei
289 1395 381 1424 necnon
394 1384 526 1424 humanam
538 1383 672 1423 libertatem
685 1383 772 1424 intuto
785 1383 934 1430 collocarent,

89 1446 188 1487 luerunt
204 1447 303 1495 occasio,
323 1446 351 1487 ut
368 1445 488 1487 doctrinas
515 1445 640 1487 «Doctoris
657 1445 774 1497 gratiae»,
801 1457 861 1497 quae
881 1457 936 1487 cum

90 1510 141 1562 istis
156 1508 297 1560 veritatibus
312 1521 386 1559 aegre
396 1507 517 1550 conciliari
533 1520 601 1560 posse
616 1508 766 1557 videbantur,
783 1509 937 1550 vehementer

88 1571 265 1623 impugnarent.
281 1572 439 1613 Admittentes
454 1572 541 1622 itaque,
558 1583 723 1624 quaecumque
737 1573 766 1613 de
781 1571 877 1624 peccato
891 1572 936 1613 ori-

89 1633 164 1685 ginali
182 1635 204 1675 et
222 1634 250 1675 de
269 1634 405 1675 necessitate
424 1634 513 1684 gratiae
531 1635 562 1674 ad
581 1633 686 1684 singulos
704 1635 770 1675 actus
789 1634 903 1676 salutares
921 1646 936 1675 a

89 1689 196 1737 conciliis
210 1697 233 1737 et
245 1697 401 1747 pontificibus
416 1697 516 1737 delinita
530 1697 605 1745 erant,
620 1697 852 1746 1111111111111111,
867 1698 935 1749 quid-

89 1760 147 1810 quid
162 1759 311 1810 Augustinus
328 1760 376 1800 «de
391 1759 512 1800 vocatione
528 1759 657 1800 electorum
674 1760 806 1801 secundum
823 1762 866 1802 Dei
883 1772 935 1811 pra

88 1821 193 1872 positum
201 1840 211 1858 a
229 1821 366 1873 disputavit,
383 1822 411 1863 ut
425 1822 525 1862 minime
539 1823 699 1862 necessarium
714 1823 739 1864 et
753 1822 894 1872 praesertim
909 1822 936 1864 ut

89 1883 115 1923 in
132 1885 201 1934 praxi
218 1884 280 1925 vitae
298 1884 421 1934 religiosae
439 1884 599 1935 periculosum
619 1884 702 1935 (Epist.
721 1887 762 1926 225
780 1897 804 1926 1.
823 1885 855 1936 2).
875 1886 935 1926 Hinc

78 1946 209 2004 imprimis
227 1958 274 1987 non
293 1947 452 1997 agnoscebant
474 1947 613 1998 specialiora
636 1948 679 1988 illa
704 1949 820 1999 beneficia
846 1949 935 1997 diviua,

89 2020 150 2059 quae
168 2010 193 2049 in
211 2010 336 2051 collatione
353 2010 443 2061 gratiae
460 2008 565 2057 efficacis
584 2009 800 2061 praedestinatione
818 2012 842 2053 et
859 2023 936 2063 perse-

88 2072 196 2112 verantia
214 2072 283 2113 finali
302 2072 441 2113 consistunt.
461 2073 559 2121 Deinde,
579 2073 694 2124 quoniam
713 2074 862 2124 Augustinus
881 2075 936 2126 rigi·-

88 2131 167 2175 diores
187 2135 306 2176 doctrinas
325 2147 354 2176 ex
372 2133 491 2186 principio
510 2136 663 2178 omnimodae
682 2136 818 2187 gratuitatis
837 2138 935 2189 gratiae,

89 2197 170 2237 omnia
189 2198 295 2238 bominis
314 2198 398 2238 merita
417 2197 440 2238 et
458 2197 537 2247 ipsum
557 2196 654 2239 initium
675 2199 732 2240 fidei
752 2201 935 2250 praevenientis,

90 2260 206 2301 deducere
225 2261 321 2309 solebat,
340 2260 449 2300 nonnulli
468 2271 496 2300 ex
513 2260 565 2301 istis
583 2261 658 2302 Gallis
676 2263 813 2305 asserebant
830 2265 874 2305 hoc
891 2264 936 2304 ini-

89 2322 151 2362 tium
164 2334 192 2362 11
205 2324 254 2364 solu
267 2323 342 2363 libera
355 2323 475 2363 voluntate
489 2323 616 2364 1111111111
629 2326 754 2376 provenire
768 2327 792 2368 et
802 2338 853 2368 esse
866 2328 936 2367 ratio-

89 2395 151 2433 nem,
170 2397 213 2426 cur
228 2386 270 2426 ulii
284 2397 342 2437 prae
358 2385 411 2426 aliis
427 2385 528 2436 gratiam
545 2386 685 2437 acciperent.

89 2490 127 2533 59.
164 2494 196 2545 b)¹
212 2493 376 2535 Doctrinam
403 2493 481 2544 ipsam
509 2495 756 2547 semipelagianorum
783 2498 888 2540 breviter
913 2499 937 2540 et

89 2555 148 2596 bene
165 2557 326 2608 complectunt
341 2555 442 2609 Prosper
459 2556 482 2597 et
498 2555 601 2599 Hilarius
618 2558 643 2599 in
660 2560 711 2600 suis
727 2561 756 2601 ad
774 2561 936 2613 Augustinum

88 2618 197 2667 epistulis
211 2620 293 2671 (Epist.
306 2620 380 2660 22511
391 2619 440 2670 226)
450 2633 454 2659 ;
470 2619 534 2661 Deus
545 2632 592 2661 non
605 2623 640 2663 est
650 2623 760 2674 acceptor
770 2634 935 2675 personarum;

89 2690 163 2729 quare
181 2682 348 2734 indifferenter
365 2682 418 2722 vult
437 2682 537 2723 salutern
562 2686 672 2726 omnium
698 2698 798 2737 eamque
823 2688 937 2729 omnibus

90 2744 221 2794 aequaliter
232 2745 312 2786 offert.
328 2744 437 2802 Exceptis
451 2745 534 2795 paucis
547 2747 611 2787 vasis
626 2748 754 2798 electionis,
771 2749 858 2801 quibus
873 2751 937 2792 Deus

90 2815 138 2845 non
160 2807 268 2849 obstante
291 2818 373 2847 eorum
390 2806 454 2847 inala
470 2808 592 2850 voluntate
615 2812 718 2859 gratiam
740 2814 840 2862 confert,
857 2813 936 2853 omnis

112 2868 116 2875 '
141 2870 200 2909 ratio
212 2871 323 2920 prevenit
335 2881 363 2909 11
375 2867 590 2912 1111111111111111
603 2874 725 2915 voluntate
737 2877 799 2917 bona
813 2876 850 2917 vel
864 2877 935 2918 mala.

90 2927 151 2970 Hinc
169 2932 240 2973 etiam
258 2933 326 2981 ratio,
346 2944 388 2972 cur
405 2933 438 2972 ad
454 2933 570 2983 quosdam
589 2936 735 2984 praedicatio
753 2938 870 2989 evangelii
888 2950 937 2979 non
