2214 3350
328 240 406 276 'rhesis
419 238 449 276 26.
465 239 548 275 Verum
561 237 666 274 meritum
678 238 733 274 iusti
920 235 956 274 563

107 352 131 404 b)
151 353 319 396 'tridentinum
333 357 407 405 caps
427 353 469 406 (Dr
476 353 526 405 801)
545 348 617 403 negat
633 352 766 404 quidquam
783 362 874 402 eorum,
894 362 955 403 quae

107 417 302 460 testificationem
311 418 464 470 praecedunt,
475 419 553 470 ipsam
562 417 740 468 iustificationis
750 418 853 469 qratiam
861 427 955 469 prome-

107 482 169 524 reri.¹
179 483 241 524 Sane
257 494 305 524 non
321 483 374 525 vult
389 484 505 525 damnare
520 481 710 525 communiorem
727 483 876 532 sententiam,
893 482 954 533 quae

107 546 201 587 actibus
217 546 363 597 dispositivis
381 546 497 588 rationem
515 546 595 588 meriti
614 546 643 586 de
662 557 766 597 conpruo
783 545 893 587 attribuit
912 547 919 597 (
935 546 952 585 t.

107 618 131 648 n.
152 608 213 659 716).
235 609 296 650 Hine
315 612 448 659 promereri
468 609 609 661 simpliciter
631 609 723 650 dictum
741 608 767 648 in
788 609 955 659 terminologia

6 667 8 670 ’
66 723 67 726 ¹
107 672 202 713 concilii
213 673 249 714 est
258 673 371 714 meritum
383 674 412 713 de
424 674 540 725 condipno
555 673 601 725 (vel
614 672 699 714 saltem
711 671 804 723 aliquid
815 672 871 723 ptos
882 683 954 723 quom

106 736 145 776 vel
153 735 289 791 ⁴infoltt'tr'tte
303 736 417 776 meritum
431 737 462 781 ,de
476 748 588 788 conpruo,
606 736 671 788 quod
689 736 822 776 secundum
837 733 955 785 plurimos

106 800 229 851 theologos
245 799 307 842 actui
323 801 470 852 peccatorem
492 800 602 852 proxime
624 797 760 850 disponenti
781 796 909 849 convenit).
934 797 954 837 Α

107 862 200 904 fortiori
215 862 290 914 igitur
302 863 399 905 termini
413 874 467 903 vere
480 863 641 916 promeruisse
655 863 679 904 et
692 873 745 902 aare
759 862 855 910 mereri,
872 860 913 911 qui
928 861 954 900 in

106 938 158 977 cap.
172 928 199 966 16
212 926 235 967 et
246 938 297 967 can.
311 929 338 968 32
351 926 480 978 ponuntur,
494 939 524 968 ex
533 926 613 968 mente
624 925 719 967 concilii
733 924 873 976 significant
884 923 954 964 meri-

106 990 159 1032 tum
175 992 205 1032 de
222 991 346 1042 condigno.
370 1016 401 1022 -
423 992 504 1032 Ganon
519 989 582 1031 inter
596 982 689 1030 obiecta
704 989 778 1035 huius
799 988 850 1028 veri
874 986 951 1027 merit'

106 1054 215 1105 enuntiat
228 1060 384 1105 repetentum
398 1053 494 1104 gratiae,
511 1054 553 1093 sed
566 1063 720 1103 nequaquam
730 1052 837 1102 primam
850 1050 953 1102 gratiam

107 1117 303 1158 sanctificantem.
321 1140 353 1146 -
369 1117 390 1168 e)
407 1116 515 1156 Termini
533 1128 548 1156 a
564 1115 673 1160 concilio,
683 1114 777 1155 adhibit
794 1125 867 1155 sensu
882 1113 954 1154 obvio

106 1179 289 1227 retributionem
303 1189 331 1219 er
344 1179 436 1219 iustitio
451 1178 542 1218 sonant.
560 1178 616 1228 Cap.
633 1180 670 1218 to:
690 1190 721 1218 «a
736 1177 797 1218 iusto
813 1177 891 1217 iudice
906 1175 953 1216 sihi

54 1274 56 1281 ,
106 1243 283 1295 reddendam»;
305 1253 357 1283 ean.
375 1244 403 1282 26
422 1242 464 1293 {Dr
481 1242 544 1292 836):
571 1241 631 1282 lusti
654 1241 789 1291 exspectent
813 1242 837 1282 et
859 1240 954 1292 sperent

107 1306 228 1348 aeternam
244 1305 426 1347 retributionem
442 1318 456 1347 a
472 1307 528 1347 Deo.
544 1332 577 1337 --
590 1306 614 1357 d)
634 1306 775 1356 Complures
790 1303 914 1355 praelati
931 1305 955 1345 et

107 1370 234 1422 theologi
254 1370 407 1412 asseruerunt
423 1370 536 1411 meritum
554 1370 584 1411 de
603 1370 722 1421 condigno
741 1371 795 1411 aliis
815 1381 864 1410 non
882 1370 954 1411 reela-

106 1436 253 1477 mantibus1.
269 1461 300 1467 -
313 1438 335 1476 2.
352 1434 453 1477 Obiecta
467 1434 552 1482 meriti,
570 1435 673 1486 quaein
689 1435 749 1476 thesi
765 1436 901 1484 asserimus,
916 1447 955 1475 ex-

106 1511 186 1552 presse
200 1501 226 1541 in
240 1512 329 1542 canone
344 1500 512 1542 enuntientur:
530 1502 552 1553 a)
569 1502 616 1541 Pro
631 1500 675 1541 hoo
688 1502 736 1541 otto
751 1499 854 1541 hahetur
870 1511 954 1550 «aug-

106 1565 233 1607 mentum
246 1564 381 1616 gratiae»,
398 1566 462 1616 quod
475 1565 545 1607 debet
558 1564 665 1617 intellegi
680 1566 703 1607 et
717 1567 747 1606 ab
763 1564 876 1606 omnibus
890 1564 954 1606 theo-

80 1637 81 1640 ’
106 1630 168 1680 logis
181 1630 326 1681 intellegitur
340 1631 369 1671 de
383 1630 460 1681 gratia
473 1630 646 1681 sanctificante
660 1641 717 1670 nam
731 1629 863 1671 certissime
877 1629 955 1670 noluit

106 1694 235 1736 concilium
258 1695 360 1736 definire
383 1694 472 1745 gratias
490 1695 600 1736 ¹actuales
617 1706 667 1735 esse
683 1694 803 1736 obiectum
827 1694 906 1735 meriti
924 1695 954 1736 de

106 1759 224 1810 condigno
244 1760 283 1811 (et.
300 1758 374 1800 schol.
392 1762 403 1799 l
418 1770 442 1799 n.
459 1760 508 1808 714,
525 1759 556 1810 3).
574 1785 606 1791 —
622 1758 676 1800 Alia
691 1759 783 1800 obieeta
797 1759 955 1799 conteruntur

105 1829 160 1874 post
177 1829 286 1863 mortem.
306 1823 430 1874 Imprimis
448 1823 549 1864 effertur
567 1823 591 1875 b)
615 1823 693 1864 «rita
711 1823 854 1864 aeterna».
875 1823 954 1864 Etiam

105 1886 278 1927 Melonehtlton
294 1887 409 1927 concessit
425 1887 489 1927 hona
506 1898 578 1938 opera
593 1898 643 1928 esse
660 1886 783 1928 meritoria
801 1887 954 1938 quorundam

105 1951 269 2001 praemiorum
283 1951 307 1990 in
322 1951 366 1991 hae
380 1951 431 1991 vita
443 1950 467 1991 et
480 1951 534 2001 post
547 1951 697 1991 hane'vitam
715 1952 797 2003 (supra
811 1963 835 1991 n.
852 1953 892 1992 702
907 1952 952 2003 n.);

106 2012 179 2065 quare
190 2014 318 2054 cardinalis
330 2014 452 2055 Corttortnt
462 2014 563 2065 putabat
573 2014 732 2056 Protestautes
742 2015 867 2066 tamquam
876 2015 952 2057 obiec-

106 2078 158 2118 tum
175 2078 254 2119 meriti
273 2078 420 2119 admissuros
443 2089 494 2119 esse
518 2079 674 2130 augmentum
699 2078 820 2120 felicitatis
837 2079 951 2127 caelestis,

106 2142 147 2183 sed
163 2153 212 2182 non
228 2140 356 2195 ipsammet
371 2142 447 2183 vitam
461 2142 591 2184 aeternam.
607 2143 646 2184 Sic
663 2143 689 2184 in
706 2138 839 2185 «normula
854 2143 953 2185 ratisbo-

106 2206 192 2247 nensi»
205 2206 250 2258 (cl.
267 2217 290 2246 n.
307 2209 348 2247 359
356 2206 397 2257 ss),
414 2207 442 2247 ut
455 2206 506 2257 ipse
523 2206 646 2247 Gontarini
661 2207 744 2249 scribit
760 2210 790 2249 ad
807 2206 953 2248 cardinalem

106 2270 215 2318 Farnese,
232 2270 316 2311 «caute
329 2269 401 2311 etiam
415 2270 546 2311 devitatum
559 2272 602 2320 est,
616 2282 646 2312 ne
660 2268 778 2313 diceretur
788 2283 861 2323 opera
873 2272 954 2313 nostra

105 2345 155 2374 esse
172 2333 295 2375 meritoria
309 2334 372 2375 vitae
390 2333 498 2375 aeternae
506 2352 526 2383 n,
544 2335 617 2385 idque
643 2351 653 2370 «
660 2346 690 2376 ne
712 2336 839 2376 videamur
862 2336 953 2387 ingrate

106 2398 192 2446 dicere,
207 2398 272 2449 quod
284 2397 334 2438 rita
346 2397 442 2438 aeterna
455 2397 524 2438 nohis
538 2409 587 2438 non
601 2398 674 2439 tuerit
686 2399 755 2450 prius
767 2399 849 2440 dehita
862 2399 953 2441 ratione

105 2460 170 2509 doni,
186 2460 226 2502 sed
239 2461 333 2502 tantu'm
346 2461 461 2502 debeatur
474 2461 562 2502 nostris
573 2461 645 2502 honis
656 2462 785 2512 operibus»
804 2464 843 2515 (ct.
858 2464 953 2504 Rtottre

105 2526 147 2565 734
154 2525 183 2575 s).
198 2549 230 2556 -
244 2524 448 2565 Tridentinum
463 2525 544 2566 autem
559 2527 582 2567 S.
601 2525 736 2575 Scripturae
749 2526 861 2566 innixum
877 2527 954 2568 decla-

168 2660 175 2681 1
188 2659 258 2694 Ehses
271 2659 289 2694 V
301 2659 344 2702 280,
359 2659 384 2695 42
390 2669 424 2697 ss:
441 2660 488 2696 «Et
500 2660 573 2697 maior
585 2670 639 2707 pars
651 2660 806 2705 theologorum
819 2661 880 2706 dixit,
895 2663 955 2708 quod

106 2715 174 2751 opera
189 2706 331 2751 disponentia
348 2707 377 2742 ad
392 2706 575 2745 iustificationem
591 2709 644 2744 sunt
658 2708 773 2745 meritoria
787 2708 954 2745 iustificationis

106 2753 132 2788 de
150 2761 254 2797 conpruo,
273 2762 342 2799 opera
357 2763 410 2789 rere
426 2755 476 2800 post
492 2754 674 2792 iustificationem
692 2757 744 2791 sunt
761 2755 877 2793 meritoria
894 2757 954 2792 vitae

106 2800 210 2836 aeternae
226 2800 252 2835 de
269 2800 383 2844 condiano.
395 2814 405 2833 o
421 2820 445 2827 -
459 2801 502 2844 381,
519 2801 561 2838 29s
577 2812 603 2838 ex
615 2814 628 2834 u
638 2802 730 2838 Summa
743 2803 896 2848 responsionis
912 2805 954 2840 Pa-

105 2848 167 2882 trum
174 2860 197 2883 a:
217 2848 297 2890 «Quae
315 2848 385 2894 [bona
400 2849 487 2894 opera],
505 2859 556 2885 cum
573 2850 596 2885 in
613 2850 688 2894 gratia
703 2851 743 2886 Dei
760 2851 807 2887 sint
823 2851 890 2895 laeta,
908 2860 954 2886 non

106 2893 179 2929 solum
195 2896 327 2929 conservant
344 2895 365 2929 et
380 2895 463 2938 augent
476 2895 594 2938 iustitiam,
613 2896 652 2931 sed
668 2898 782 2932 merentur
800 2897 826 2932 de
844 2898 953 2942 condiano

105 2940 177 2976 vitam
190 2941 309 2976 aeternam.
320 2954 331 2974 o
344 2960 367 2966 -
379 2941 511 2986 Concilium,
526 2943 578 2979 licet
591 2943 713 2979 terminum
727 2944 884 2980 scholastIeum
898 2944 954 2980 vita-

47 2994 53 2998 ·
106 2987 169 3030 verit,
182 2987 257 3032 quoad
265 2997 312 3024 rem
323 2988 400 3024 docere
410 2989 515 3025 meritum
526 2991 553 3026 de
564 2988 674 3033 condigno
685 2990 756 3027 elucet
767 3002 794 3028 ex
804 2992 852 3027 tota
859 2990 954 3027 historia

107 3034 195 3077 decreti,
210 3043 277 3079 quam
290 3034 378 3070 Rtvttre
395 3035 415 3079 (l.
433 3045 448 3072 a.
465 3034 567 3081 735-761)
583 3036 701 3081 diligenter
716 3048 741 3074 ex
756 3038 812 3074 actis
826 3037 889 3074 eruit.
