2214 3350
96 159 103 169 ¹
169 153 205 190 270
289 154 342 190 Sect.
356 154 396 189 ΙΙΙ.
410 154 455 189 Art.
469 153 497 190 11.
511 154 542 190 De
554 154 618 190 donis
630 153 654 188 in
665 150 823 189 iustificatione
836 152 894 189 datis

162 244 225 306 372.
261 265 281 303 4.
305 261 464 310 Qualitiaatio.
492 261 628 302 Doctrina
653 259 806 309 catholica,
835 261 854 300 si
880 270 928 301 non
954 260 1015 302 deti-

169 326 227 372 nita,
243 325 327 365 saltem
342 324 440 366 omnino
454 324 614 374 theologice
629 322 706 364 certa
720 323 743 364 et
758 322 936 372 definibilis,
953 334 1015 375 quae

169 387 218 428 sine
232 388 299 437 gravi
313 399 392 428 errore
406 387 487 438 negari
501 398 548 427 non
562 385 645 437 potest.

229 479 250 518 a)
264 474 368 509 Gratiam
381 482 428 508 esse
442 472 524 507 donum
536 471 665 515 creatum,
679 479 726 512 non
738 471 812 516 ipsum
825 469 934 516 Spiritum
948 470 1015 506 Sanc-

168 526 222 568 tum,
240 525 362 561 secundum
379 525 460 561 saara
477 523 510 558 cst
526 522 627 558 doctrina
645 521 724 557 «certa
739 521 760 557 et
775 521 811 557 vel
828 521 854 557 de
869 520 912 558 fide
928 521 964 557 vel
980 521 1015 556 ita

169 577 276 622 proxima,
296 577 321 611 ut
339 575 452 611 contraria
471 575 499 609 sit
518 583 611 609 erronea
619 584 638 617 »3
664 582 733 618 quare
758 573 1012 617 Magister-secundum

168 628 285 663 Petaoiam
300 623 458 663 «vehementer
471 626 531 661 errat
544 626 565 662 et
578 625 690 661 communi
704 624 863 670 theologorum,
878 626 947 660 immo
960 633 1014 660 vero

168 678 219 716 fidei
234 680 320 716 decreto
336 679 453 720 notatur->e
468 687 487 713 u.
505 679 562 714 Ber.
579 687 600 713 n.
618 676 659 719 727,
676 677 714 722 qui
729 677 776 722 ipse
792 685 843 712 cum
856 677 937 721 Casaj
943 685 1015 712 cana

168 731 226 767 hanc
244 731 390 767 assertionem
409 732 434 765 at
452 729 569 765 minimam
588 730 671 764 ceriam
691 729 712 763 et
731 729 757 764 de
776 728 877 764 doctrina
902 728 1014 764 cathoIIca

168 782 273 825 declarat,
288 782 309 817 et
321 784 339 818 P
352 781 399 817 308:
417 782 482 816 «tam
495 781 570 826 aperte
583 780 711 826 loqueretur
724 779 802 816 contra
814 780 911 816 mentem
924 780 1013 816 concilii

168 833 298 877 Tridentini,
313 834 338 868 ut
352 842 366 869 a
381 833 444 877 aravi
458 841 531 867 errore
546 833 647 868 excusari
661 841 707 867 non
720 832 820 878 posset».
836 851 859 857 -
873 833 894 878 h)
911 832 1012 868 Gratiam

168 885 343 921 sanctificantem
361 893 433 929 neque
450 885 475 919 in
492 885 567 920 favore
585 885 626 920 Dei
644 884 798 920 tantummodo
817 893 887 928 neque
906 885 932 919 in
949 893 1011 930 prae·

167 937 305 972 tereuntibus
321 935 407 972 actibus
423 935 535 979 constitui,
553 936 591 971 sed
607 944 654 971 esse
671 943 824 980 «permanens
841 935 1013 981 supernaturale

168 989 256 1032 donum,
274 998 288 1023 a
302 989 346 1028 Deo
362 987 451 1024 animae
466 987 567 1033 intusum
582 988 648 1032 atque
663 988 795 1036 inhaereas,
806 988 853 1022 tam
868 987 893 1022 in
908 988 1011 1022 omnibns

168 1039 311 1075 sanctificatis
331 1039 421 1083 adultis,
442 1048 509 1084 quam
528 1039 553 1074 in
570 1039 695 1083 infantibus
716 1038 826 1084 baptismo
846 1039 1010 1083 regeneratis»,

166 1092 288 1128 seeundum
302 1091 380 1127 Adnot.
397 1091 421 1127 42
435 1092 464 1127 ad
479 1091 568 1127 schema
583 1091 610 1127 de
625 1091 726 1126 doctrina
740 1090 797 1127 cath.
815 1100 862 1136 cap.
880 1090 902 1127 18
917 1091 1012 1127 concilio

165 1143 298 1179 Vaticano
317 1143 456 1189 propositum
479 1143 521 1188 (CL
541 1142 558 1185 7,
580 1142 615 1179 551
623 1143 642 1189 s)
664 1143 698 1178 est
718 1142 820 1178 doctrina
840 1143 949 1178 catholica
969 1142 1010 1179 vel

166 1195 256 1230 omnino
268 1195 314 1230 iarn
325 1194 444 1231 definita
454 1204 469 1230 a
480 1194 610 1231 Tridentino
621 1204 637 1230 s.
651 1193 663 1230 6
675 1203 722 1240 cap.
736 1194 748 1230 7
760 1193 789 1238 16,
803 1202 850 1231 can.
866 1194 888 1230 11
899 1195 942 1229 vel
953 1193 1012 1230 certe

166 1256 191 1282 ex
208 1247 239 1282 ihi
257 1246 357 1282 definitis
375 1245 602 1292 manifestissime
621 1254 799 1289 consequens;
820 1255 888 1291 quare
908 1246 1010 1292 opposita

167 1298 268 1334 doctrina
295 1298 498 1343 proponebatur
525 1298 679 1333 damnanda
706 1298 731 1332 ut
758 1297 898 1333 haeretica
928 1299 970 1345 (CL
991 1298 1009 1339 7,

165 1350 201 1386 517
208 1349 233 1395 s).
248 1369 271 1374 -
283 1351 341 1385 Ber.
355 1359 376 1385 n.
391 1349 438 1386 737:
452 1348 507 1385 Fide
521 1349 597 1385 divina
611 1350 631 1386 et
644 1348 754 1385 catholica
767 1350 901 1385 credendum
915 1350 948 1386 est
962 1358 1010 1394 gra-

165 1402 220 1437 tiam
235 1401 415 1437 sanctificantem
431 1410 477 1437 esse
493 1401 579 1445 aliquid
594 1401 660 1445 reale,
677 1400 830 1444 intrinsecum,
847 1411 886 1447 per
903 1403 923 1438 S.
943 1401 1009 1447 Spiri-

164 1453 212 1488 tum
226 1453 339 1496 diffusum,
354 1453 481 1495 inhaerens,
497 1454 525 1489 ab
540 1452 626 1489 actibus
641 1452 770 1488 distinctum
784 1453 855 1497 iisque
870 1453 1011 1489 cessantibus

165 1505 190 1539 in
203 1505 293 1540 homine
307 1513 477 1550 permanens.
492 1504 543 1540 Non
558 1506 644 1539 coastat
660 1504 719 1540 certo
734 1513 781 1539 esse
797 1504 823 1539 cle
838 1505 879 1549 fide
895 1514 944 1541 eam
960 1514 1008 1540 con·v

166 1556 243 1592 sistere
258 1556 283 1590 in
299 1556 390 1592 entitate
407 1556 501 1601 physica
516 1554 628 1601 physice
643 1556 794 1601 permanente;
812 1556 853 1592 hoc
870 1558 945 1593 autem
962 1558 1011 1592 sine

165 1618 247 1654 maaria
265 1610 387 1645 temeritate
404 1609 482 1654 negari
499 1607 637 1655 non'potest.
654 1629 677 1635 -
694 1610 711 1645 P
727 1609 774 1647 308:
794 1611 838 1645 Res
854 1610 945 1656 physice
961 1620 1008 1657 per-

164 1670 257 1697 manens
273 1661 395 1697 secundum
409 1662 498 1705 suarez,
514 1661 682 1705 Betiarratoam
699 1661 730 1696 De
746 1661 855 1704 Valentia,
871 1663 932 1707 Veaa
946 1664 979 1698 est
995 1672 1011 1698 a

165 1713 294 1749 Tridentino
306 1712 433 1755 definita,
447 1713 569 1748 secundum
580 1712 636 1748 alios
651 1714 685 1758 (ci.
700 1722 769 1759 supra
780 1713 893 1749 Morinum
904 1724 926 1749 n.
940 1713 975 1750 371
988 1714 1008 1760 c)

102 1760 104 1763 ’
165 1773 210 1800 non
225 1765 257 1800 est
273 1765 299 1799 de
314 1764 363 1806 fide,
381 1773 432 1800 cum
446 1764 601 1800 Tridentinum
616 1773 661 1799 non
676 1765 724 1800 tam
739 1764 821 1800 diserte
836 1774 883 1801 rem
900 1766 1009 1811 (physice)

163 1816 330 1861 permanentem
342 1816 481 1862 expresserit
495 1816 534 1851 sed
547 1825 622 1852 omnes
635 1816 771 1851 contrariam
785 1817 912 1861 opinionem
925 1818 1009 1853 babent

164 1868 227 1903 valde
240 1868 383 1903 temerariam
395 1868 415 1903 et
427 1865 522 1903 censura
533 1868 630 1913 dignam.
643 1887 667 1893 -
678 1869 698 1914 c)
712 1869 780 1903 Iustis
792 1868 902 1904 infundi
915 1869 1009 1911 fidem,

163 1928 235 1964 spem
249 1920 274 1954 et
288 1919 568 1955 caritatemsecundum
582 1921 640 1956 Ber.
657 1919 693 1957 765
708 1920 728 1955 et
741 1921 760 1956 P
774 1921 827 1956 VIII
843 1920 866 1958 19
880 1922 912 1956 est
927 1922 1008 1965 dogma

163 1971 286 2006 definitum.
304 1972 362 2006 Ber.
379 1971 445 2007 ibid:
463 1972 522 2006 Haec
538 1980 585 2007 esse
600 1972 659 2006 dona
673 1971 862 2017 permanentia
877 1973 905 2007 ab
920 1973 1007 2008 actibus

164 2022 269 2058 distincta
280 2022 342 2057 iuxta
352 2023 409 2057 alios
420 2023 453 2058 est
464 2022 531 2058 etiam
542 2023 568 2058 de
578 2023 628 2068 fide,
640 2023 704 2058 iuxta
715 2023 770 2058 alios
775 2029 778 2046 ²
783 2023 902 2068 theoloyiee
916 2026 1009 2067 certaria

163 2082 210 2109 esse
222 2074 339 2109 virtutes
353 2073 428 2109 stricte
442 2073 512 2109 dictas
525 2074 572 2110 sine
586 2082 669 2119 maana
684 2075 806 2110 temeritate
820 2075 898 2119 negari
911 2085 958 2111 non
970 2085 1008 2122 po-

163 2126 210 2161 test.
223 2144 247 2150 —-
257 2126 275 2161 P
287 2125 385 2163 VIII-27:
400 2126 457 2161 Non
468 2125 567 2170 intellegi
579 2126 656 2161 actus
667 2125 782 2161 moraliter
793 2127 955 2172 permanentes
969 2128 1008 2163 sed
1079 2168 1081 2170 ,

162 2175 282 2233 habitus,
291 2177 323 2211 est
334 2177 426 2219 certum,
438 2185 484 2211 non
494 2177 570 2212 tamen
576 2177 623 2212 tam
630 2175 757 2212 immediate
764 2177 825 2221 patet
838 2187 863 2213 ex
870 2177 1006 2213 Tridentino.
1030 2224 1032 2229 .

162 2289 215 2331 373.
253 2290 338 2335 Proh.
364 2290 383 2332 I.
400 2289 515 2332 Ecclesia.
533 2294 552 2330 l.
569 2291 639 2331 Ante
652 2290 868 2333 ,Tridentinum
884 2293 906 2344 a)
925 2293 1007 2332 Inno-

163 2353 274 2393 centius
294 2354 326 2393 III
349 2354 392 2404 (Dz
411 2354 460 2405 410)
484 2354 597 2404 supponit
617 2353 705 2395 adultis
725 2354 749 2394 in
770 2354 888 2405 baptismo
909 2353 1006 2395 infundi

161 2418 262 2468 gratiam
278 2418 301 2458 et
314 2418 422 2458 virtutes.
440 2418 522 2467 Quoad
537 2419 649 2468 parvulos
666 2419 792 2467 utramque
808 2418 950 2460 sententiam
966 2419 1006 2459 ad-

162 2480 242 2521 mittit.
261 2506 292 2511 —
309 2481 333 2532 b)
354 2481 415 2522 (lum
433 2482 459 2520 Ρ,
479 2481 498 2521 I.
519 2480 582 2521 Olivi
599 2482 629 2521 ab
646 2480 790 2521 adversariis
813 2480 885 2522 etiam
909 2481 1009 2532 propter

162 2543 294 2584 doctrinam
315 2543 450 2584 infantibus
469 2542 596 2593 baptizatis
618 2543 714 2583 habitus
735 2543 829 2583 infusos
849 2544 1005 2595 denegantem

161 2605 311 2647 accusaretur
319 2607 334 2654 ²,
359 2607 468 2647 Clemens
484 2606 504 2646 V
528 2605 656 2646 declaravit
678 2608 704 2646 in
727 2606 828 2647 concilio
849 2607 1005 2648 Viennensi

161 2681 181 2709 a.
199 2671 253 2709 1312
269 2668 311 2719 (Dz
325 2669 388 2720 483);
409 2668 569 2720 «Opinionem
586 2669 721 2716 secundam,
738 2679 799 2718 quae
816 2668 873 2710 dicit
888 2675 938 2710 tam
951 2681 1007 2721 par-

222 2802 229 2822 1
247 2801 271 2836 V.
291 2800 362 2835 Franz
379 2799 458 2836 Ehrle
476 2800 496 2836 S.
516 2801 533 2835 J.
553 2802 597 2836 zar
615 2799 783 2843 Voraeschtchte
800 2799 837 2835 des
855 2801 944 2837 Konziit
963 2810 1005 2837 aon

143 2861 148 2866 ··
163 2849 244 2883 Vienne
261 2847 350 2892 {Archiv
363 2848 378 2883 f.
396 2848 479 2883 Litter-
494 2857 515 2882 n.
532 2847 701 2892 Kirchengesch.
719 2848 756 2883 des
772 2848 814 2883 MA
828 2848 849 2883 II
867 2847 935 2893 [1886]
952 2847 1005 2884 3685

161 2894 340 2986 {913335534415
355 2893 423 2939 [1887]
440 2894 463 2931 25
478 2893 530 2939 191);
545 2913 567 2919 —
580 2894 646 2938 idem,
663 2893 730 2931 Olinis
745 2893 819 2929 Leben
834 2894 880 2929 aad
893 2894 1008 2940 Schriften
