2214 3350
182 174 207 210 9ss
273 215 276 219 ,
290 174 344 210 Sect.
359 174 375 208 l.
389 172 433 208 Art.
448 173 476 208 Il.
489 173 499 217 ξ,
510 172 527 207 2.
541 171 599 215 Quid
610 171 693 205 natura
704 170 770 215 lapsa
782 178 826 204 non
838 169 908 214 possit

183 285 326 326 ficationem.
344 284 438 324 Durum
451 283 488 324 est
502 282 591 324 talibus
605 282 721 331 denegare
737 279 828 320 auxilia
842 278 982 320 sufficientia
996 279 1027 320 ad

177 349 281 391 citanda
303 360 365 390 nova
389 349 491 400 peccata.
516 347 593 396 Quare
617 346 691 387 Pescla
718 346 776 397 (170)
801 345 862 386 bene
886 344 1023 396 distinguit:

183 414 305 464 Quamdiu
324 414 397 454 homo
415 413 536 453 volontate
553 410 655 463 positive
673 410 769 462 infideli
789 415 810 450 ct
828 411 993 461 pcccarntrwso
1013 421 1028 449 a
1089 427 1093 442 :

177 480 233 521 ”Deo
248 490 345 521 aversus
361 478 404 528 est,
421 475 577 529 probabiliter
592 487 641 517 non
658 475 755 516 iuvatur
772 474 914 526 specialibus
930 474 1028 515 auxiliis

183 545 298 586 adversus
316 543 462 585 tentationes.
484 542 527 581 Sin
546 541 607 581 serio
627 540 788 580 emendationi
806 540 931 589 incumbit,
952 551 1027 591 quan-

178 610 236 651 tum
249 609 342 650 viribus
355 607 503 649 naturalibus
517 605 640 646 moraliter
653 605 736 656 potest,
751 605 822 653 Deus,
837 604 893 646 licet
905 616 953 645 non
967 616 1027 646 sem-

183 686 228 725 per
246 673 346 725 gratiam
367 672 424 713 fidei
443 672 467 712 et
484 669 662 712 iustificationis
681 669 737 722 ilico
756 670 875 718 concedat,
896 670 1027 711 tamenad

181 738 298 779 ulteriora
310 738 412 778 crimina
424 735 522 777 vitanda
535 734 698 776 auxiliabitur.
714 734 763 775 Hoc
777 735 881 775 maxime
895 733 985 775 valebit
998 735 1027 775 de

184 804 288 851 homine,
308 802 351 853 qui
369 801 418 841 coto
435 806 530 850 peccato
550 799 661 851 oripipoli
681 812 695 840 a
712 799 763 853 Deo
782 799 832 840 iine
852 799 1027 850 supernaturali

180 878 282 908 aversus
293 866 334 915 est,
351 866 391 906 sed
404 865 470 905 nullo
484 863 538 905 actu
551 864 671 915 personali
683 876 699 904 a
711 864 760 904 fine
775 863 861 905 ultimo
874 864 984 905 deviavit.

252 953 393 1004 dlAuxilia
408 952 438 993 ad
455 952 519 991 hune
535 951 650 992 effectum
666 950 824 991 obtinendum
841 956 895 990 onte
913 950 1028 1002 directam

179 1018 330 1069 abactionem
348 1019 379 1058 ad
395 1017 470 1069 sidem
487 1016 679 1068 probabilissime
697 1017 754 1057 sunt
771 1016 891 1057 erttt'totioe
907 1016 1027 1057 littoralia

186 1085 225 1135 (ci.
243 1095 266 1125 n.
284 1083 342 1133 132).
361 1083 407 1124 Sed
422 1080 479 1124 satis
494 1080 651 1132 probabiliter
665 1080 712 1122 dici
729 1080 804 1132 potest
820 1081 897 1122 Deum
913 1081 1027 1132 fidelihus

155 1201 156 1204 Ἰ
178 1155 212 1189 et,
223 1160 249 1189 eo
265 1149 341 1200 acopis
358 1148 433 1197 iustis,
452 1148 652 1200 quandocumque
668 1147 698 1188 iis
714 1147 796 1189 contra
811 1146 952 1189 tentationes
969 1159 1027 1198 pug-

184 1216 292 1255 nandum
308 1214 347 1255 vel
364 1214 429 1255 actus
446 1213 558 1255 honestus
575 1214 701 1264 ponendus
716 1213 759 1261 est,
778 1213 865 1254 oiierre
882 1224 911 1253 ea
927 1212 1025 1260 auxilia,

177 1281 271 1331 quibus
286 1280 365 1320 actum
381 1279 509 1319 salutatem
524 1277 613 1319 efficere
627 1278 723 1319 valeant
739 1279 770 1330 (v.
786 1290 809 1318 n.
826 1278 956 1330 tae-727).

187 1415 239 1457 157.
276 1415 306 1457 11.
326 1415 393 1465 Quae
410 1414 471 1457 ratio
489 1414 589 1467 gratuiti
606 1414 655 1456 sive
672 1415 772 1456 indebiti
788 1414 842 1456 huie
861 1414 946 1456 auxilio
966 1425 1027 1456 corn=

181 1481 260 1533 petat.
275 1480 356 1521 Gratia
365 1491 394 1520 ex
405 1479 519 1531 conceptu
530 1490 574 1519 suo
581 1479 619 1521 est
629 1478 739 1530 gratuita,
752 1479 826 1529 gratis
837 1478 898 1526 data,
912 1477 1026 1519 indebita.

185 1545 232 1586 Sed
249 1556 295 1585 non
311 1545 377 1585 omni
394 1544 482 1595 gratiae
500 1555 597 1594 prorsus
614 1544 696 1585 eadem
714 1544 776 1584 ratio
791 1543 892 1585 indebiti
909 1544 1025 1584 convenit.

185 1609 264 1650 Potest
280 1620 375 1660 queque
391 1608 488 1659 aliquod
505 1609 596 1649 donum
613 1609 651 1649 vel
669 1607 786 1649 auxilium
803 1609 846 1649 Dei
865 1609 909 1649 sub
927 1621 977 1650 uno
994 1620 1027 1649 re-

179 1674 265 1725 spectu
284 1685 333 1714 esse
353 1673 467 1723 debitum,
489 1674 533 1714 51111
553 1669 630 1715 altero
646 1674 787 1714 indebitum.
809 1674 941 1726 Auxilium,
963 1674 1027 1725 quod

183 1739 245 1779 nibil
268 1739 338 1780 efficit
355 1739 401 1778 nisi
419 1739 445 1780 ut
462 1740 577 1779 moralem
601 1737 764 1779 necessitatem
787 1739 891 1790 graviter
914 1738 1027 1790 peccandi

179 1804 258 1853 tollat,
274 1816 330 1845 sane
347 1815 393 1843 nort
409 1804 482 1855 cocinit
496 1815 621 1844 summunt
634 1805 739 1855 pradum
753 1804 894 1854 diuinitatis.
935 1807 937 1811 ’

253 1896 272 1933 1.
290 1893 311 1944 a)
331 1894 449 1943 Quoniam
466 1899 527 1933 totus
544 1894 602 1934 ordo
619 1894 807 1944 supernaturalis
823 1895 890 1934 omni
906 1895 1026 1935 creaturae

183 1959 218 1998 est
231 1958 358 2007 indebitus,
373 1959 491 2010 qttidqut'd
504 1958 591 2000 directe
605 1961 643 1999 vei
656 1959 777 2007 indirecte,
793 1959 892 2009 positive
906 1960 943 2000 rel
958 1971 1027 2011 nega-

179 2024 231 2065 tive
249 2025 303 2064 liuic
319 2024 399 2065 ordini
417 2025 522 2073 inscruit,
542 2025 586 2064 aab
606 2025 650 2065 boc
667 2030 775 2075 respecta
792 2025 908 2066 rationem
926 2025 1026 2067 indebiti
1068 2015 1071 2017 ’

179 2089 316 2140 participat.
334 2115 366 2120 —
380 2091 404 2142 b)
422 2091 497 2130 Porro
513 2101 567 2130 cum
582 2091 641 2131 ordo
658 2090 846 2141 supernaturalis
863 2101 959 2140 prorsus
975 2102 1027 2141 pra-

185 2155 244 2194 tatto
257 2167 269 2195 o
284 2154 376 2196 Christo
390 2156 511 2195 restitutus
525 2156 561 2207 sit,
577 2167 648 2196 omne
660 2156 785 2204 auxilium,
801 2162 917 2207 quotenus
931 2156 1028 2207 propter

144 2227 146 2231 ’
184 2219 270 2260 merita
283 2220 448 2271 Redemptoris
461 2220 539 2268 datur,
553 2221 590 2261 est
603 2220 746 2261 indebitum.
760 2246 791 2252 -
806 2222 826 2272 c)
843 2220 892 2269 ille,
909 2222 950 2272 crui
965 2231 1027 2276 gra*-

179 2295 215 2323 re
232 2285 378 2334 peccatuin
395 2284 545 2335 personale
563 2285 688 2334 commisit,
708 2285 768 2326 iuste
785 2278 889 2339 meretur
906 2285 1027 2326 aeternam

184 2349 369 2398 damnationem,
386 2350 415 2390 de
429 2361 453 2390 se
466 2349 561 2391 nullum
576 2350 615 2390 ius
628 2351 659 2390 ad
674 2349 837 2391 remissionem
853 2350 940 2401 peccati
956 2350 1028 2400 habet

184 2423 227 2453 nec
243 2413 304 2453 solus
319 2413 365 2454 sibi
380 2414 404 2454 id
418 2414 541 2464 acquirere
555 2414 639 2465 potest;
654 2414 725 2465 atque
740 2415 934 2465 quandoquidem
949 2426 1027 2456 neces»

184 2478 260 2517 seriae
281 2479 388 2529 sequelae
409 2479 498 2527 peccati
519 2480 575 2520 sunt
596 2478 641 2529 ipsi
662 2479 810 2520 voluntariae
832 2481 857 2519 in
879 2491 956 2527 caasa,
969 2491 1026 2522 ,non

185 2541 279 2582 videtur
295 2554 310 2582 a
326 2543 376 2583 Deo
390 2544 485 2594 exigere
501 2555 570 2594 posse
587 2543 706 2585 adiutoria
723 2542 842 2594 specialia,
862 2544 948 2595 quibus
967 2556 1028 2596 opus

179 2606 226 2654 est,
242 2617 270 2648 ne
284 2606 397 2648 ulteriora
409 2607 506 2658 peccata
518 2608 601 2658 gravia
615 2608 711 2648 addat1.

247 2763 251 2779 ¹
274 2765 357 2800 Tamen
368 2765 475 2810 quamdiu
485 2767 543 2801 Deus
555 2775 606 2801 eum
617 2766 641 2801 in
651 2766 712 2802 statu
723 2767 772 2802 viae
783 2766 895 2811 relinquit,
908 2775 954 2802 non
966 2767 1028 2802 amit-

184 2812 212 2846 tit
225 2811 261 2846 1115
276 2812 378 2848 naturale
392 2813 420 2848 ad
435 2813 543 2858 quasdam
559 2813 702 2856 nuntiationes
719 2822 838 2857 reciproca·
851 2822 904 2849 uam
919 2814 966 2850 suis
981 2823 1028 2860 pcc-

181 2859 241 2895 catis
256 2859 362 2894 naturam
377 2869 421 2895 non
437 2860 492 2896 adeo
508 2860 643 2906 depravavit,
660 2862 685 2897 ut
700 2861 805 2897 voluntas
821 2861 875 2903 eius,
892 2870 949 2906 quae
965 2863 1029 2899 natu-

184 2906 262 2942 raliter
275 2906 307 2941 est
320 2906 415 2943 facultas
428 2908 546 2953 appetendi
558 2909 647 2952 bonum,
662 2909 708 2944 iam
721 2908 855 2955 peremnia,
871 2918 926 2954 quae
940 2911 1028 2945 externe

182 2956 205 2989 et
222 2954 308 2990 interne
326 2956 449 2999 occurrunt,
467 2955 531 2992 unice
548 2957 577 2992 ad
594 2955 678 2992 malum
694 2957 799 2992 trahatur
817 2957 851 3001 (et.
870 2965 891 2993 n.
910 2957 962 3002 131).
