2214 3350
220 212 221 216 Ἰ
277 197 612 261 *'Thesis?ri.'Moiinismus
660 196 662 200 V
864 220 899 258 503

110 318 161 373 ἔΙ.-’·κ
175 332 318 388 i.'aniam
345 331 416 372 aliam
444 328 636 384 explicationem
663 340 725 382 quae
752 329 898 377 satisfaciat,

54 396 176 447 hucusque
190 394 288 436 allatam
302 406 356 436 esse
371 405 400 435 ex
413 392 508 433 duabus
521 391 629 433 thesibus
641 392 837 442 praecedentibus
851 393 899 433 iarn

55 457 113 499 satis
126 457 223 498 constet.
239 481 270 487 ψ
283 460 304 498 2.
320 455 417 497 Nullam
432 454 505 496 aliam
519 455 573 497 lieri
586 465 657 508 posse
672 454 717 495 hoc
732 453 902 506 argumento

54 520 234 562 exclusionis
257 519 402 561 ostenditur:
422 517 540 559 Efficacia
565 517 654 569 gratiae
678 518 762 568 nequit
786 517 899 567 explicari

55 584 78 634 a)
101 595 134 624 ex
155 583 213 623 solo
236 582 300 624 actu
323 583 458 630 secundo;
481 593 537 623 nain
554 581 598 622 hoc
616 580 676 621 nihil
694 579 762 621 alind
777 580 838 621 esset
854 574 899 620 nisi

53 657 141 697 nepcre
164 640 297 697 efficaciam
319 646 388 686 iiiam
409 645 594 693 antecedentem,
618 655 692 695 quam
709 642 787 684 tontes
802 643 899 683 omnino

54 708 155 760 exigunt
169 709 211 760 (th.
229 708 275 759 21);
291 734 323 739 —
338 719 413 758 neque
430 708 454 759 b)
473 720 505 749 ex
521 706 580 748 solo
598 705 782 757 comprimo,
800 706 815 746 i.
834 717 855 746 e.
873 717 901 746 ex

55 773 141 813 natura
152 771 206 812 talis
216 772 306 823 gratiae
318 771 342 813 et
352 771 407 812 talis
417 770 547 812 voluntatis
559 783 613 812 cum
626 768 791 811 determinatis
803 769 901 810 adiunc-

55 835 87 876 tis
101 830 223 886 personae,
247 835 368 888 temporis,
384 833 436 888 vloci
459 834 510 883 etc,
536 835 593 885 quia
609 835 648 874 hic
665 833 732 874 actus
749 832 844 883 primus
861 837 901 873 uui

55 897 185 938 necessario
212 897 309 939 duceret
334 898 365 938 ad
389 896 573 938 determinatum
599 897 680 952 actum
708 895 849 944 secundum,
878 895 901 936 et

54 961 215 1002 destrueretur
227 961 325 1002 libertas
337 961 429 1002 arbitrii
442 961 466 1001 et
477 960 615 1001 sufficientia
627 959 717 1010 gratiae
730 971 779 1000 non
791 958 898 1006 efficacis,

54 1029 96 1064 cci
109 1023 253 1073 relinqueret
266 1023 390 1073 possibiles
404 1024 510 1064 diversos
523 1023 590 1063 actus
603 1022 726 1071 secundos⁷
741 1024 764 1064 et
778 1033 826 1062 uon
841 1020 899 1062 obti-

56 1086 152 1127 neretur
165 1097 222 1126 vera
237 1085 396 1126 insolubilitas
408 1085 497 1136 gratiae
514 1085 613 1126 efficacis
629 1086 671 1136 (th.
688 1090 716 1126 22
731 1086 776 1137 23).
791 1110 824 1117 »-
837 1086 898 1135 crgo

56 1148 117 1188 nihil
131 1149 210 1196 restat,
227 1148 273 1188 nisi
287 1149 315 1190 ut
328 1147 459 1199 explicetur
472 1160 516 1199 per
530 1148 629 1199 aliquid,
645 1150 710 1199 quod
725 1149 760 1189 est
774 1147 899 1188 medium

41 1211 117 1252 inter
132 1211 238 1261 aliquem
255 1210 439 1251 determinatum
457 1211 536 1251 actum
553 1212 693 1258 secundum,
712 1211 830 1261 quatenus
844 1223 900 1250 curn

55 1274 109 1314 citis
125 1273 216 1314 accitus
231 1274 285 1324 post
300 1284 377 1314 unum
392 1274 542 1323 eundemque
558 1274 638 1314 actum
654 1273 762 1323 primurn
779 1273 888 1324 possibii'

55 1337 97 1384 est,
112 1337 136 1378 et
149 1337 213 1377 hunc
226 1336 305 1377 actum
321 1337 459 1385 secundum,
475 1337 547 1387 prout
560 1337 609 1376 iam
624 1337 659 1377 est
674 1336 780 1377 absolute
794 1338 899 1387 futurus.

55 1400 158 1440 Unicum
170 1410 234 1447 vero,
245 1400 313 1451 ¹quod
326 1399 371 1439 hoc
385 1409 455 1439 sensu
467 1399 574 1440 medium
589 1398 686 1449 cogitari
700 1398 782 1448 potest,
798 1400 834 1440 est
848 1410 900 1439 oon-

56 1473 139 1503 sensus
155 1461 323 1502 tuturibiiis
339 1462 388 1503 sive
405 1462 450 1502 sub
468 1461 605 1503 condicione
624 1461 727 1510 iuturus,
747 1474 819 1513 quem
837 1462 901 1502 Deus

56 1525 152 1565 retentio
168 1525 247 1565 medic
260 1525 367 1575 praescit.
384 1524 433 1565 Hoc
447 1525 546 1565 unicum
562 1524 668 1566 medium
685 1525 784 1566 inservit
798 1525 900 1575 explica-

55 1587 115 1635 tioni
132 1587 289 1628 molinistioae
305 1588 372 1637 eique
391 1587 514 1628 essentiale
533 1587 574 1636 est,
594 1599 648 1638 cum
667 1589 697 1630 ab
715 1588 828 1628 omnihus
846 1587 901 1628 aliis

56 1650 189 1700 systematis
203 1650 247 1690 sibi
262 1650 425 1690 constantibus
437 1650 570 1701 respuatur.

55 1790 110 1833 635.
146 1791 176 1833 11.
206 1791 353 1834 Molinismus
381 1791 495 1845 triplicem
519 1791 718 1840 iniciiibilitatem
748 1792 898 1845 ottenttvam,

57 1854 250 1906 cognoscimur,
269 1854 414 1903 affectivam,
432 1864 486 1896 vere
503 1856 527 1895 et
544 1853 664 1896 evidenter
681 1853 791 1907 explicat.
809 1879 841 1885 -
855 1855 907 1895 llx->

56 1916 150 1966 plicatio
168 1918 234 1957 enim
248 1917 395 1958 molinistica
413 1918 449 1958 est
466 1918 535 1958 haec:
558 1918 585 1958 In
603 1919 652 1958 Deo
671 1917 810 1959 decernente
828 1918 899 1969 atque

56 1980 190 2021 conferente
208 1980 313 2031 aliquam
331 1979 432 2029 gratiam
448 1979 564 2021 efficacem
581 1979 638 2020 haec
657 1980 826 2031 distinguenda
844 1981 901 2022 sunt

56 2040 153 2094 5signa
167 2042 275 2083 rationis:
291 2046 311 2083 i.
326 2039 371 2083 Per
385 2042 507 2083 scientiam
523 2042 666 2092 simplicis
680 2043 900 2093 intellegentiae

56 2103 118 2145 Deus
134 2104 253 2155 cognoscit
268 2105 350 2146 omnia
371 2106 460 2145 ancilia
482 2106 613 2156 possibilia,
638 2117 699 2156 quae
716 2107 798 2147 Petro
817 2107 901 2148 darent

56 2168 117 2206 iiiios
132 2179 186 2207 vere
201 2168 347 2223 sufficientes
362 2170 392 2209 ad
406 2167 550 2209 eliciendum
566 2170 645 2210 actum
661 2169 788 2211 salutarem
805 2181 900 2210 conver-

56 2228 135 2270 sionis.
149 2255 181 2261 ·—
193 2234 213 2271 2.
228 2232 274 2271 Per
287 2230 409 2272 scientiam
423 2232 545 2272 mediam
559 2231 622 2272 Deus
634 2233 754 2282 cognoscit
767 2232 830 2274 inter
843 2234 900 2273 haec

56 2292 145 2338 auxilia
168 2293 293 2344 possibilia
309 2294 333 2334 et
348 2305 402 2335 uere
427 2294 566 2335 sufficientia
589 2305 638 2335 esse
663 2296 786 2344 nonnulla,
813 2296 901 2346 quibus

57 2353 146 2404 Petrus,
165 2356 185 2396 si
205 2356 249 2406 ipsi
270 2355 295 2396 in
315 2356 378 2397 hisce
404 2357 526 2409 concretis
545 2358 730 2399 circumstantiis
753 2360 857 2400 versanti
878 2360 901 2399 et

57 2415 135 2458 taliter
149 2418 263 2469 disposito
277 2419 397 2468 darentur,
413 2419 487 2460 libere
502 2421 563 2462 esset
576 2432 740 2468 consensurus,
757 2434 779 2461 v.
796 2433 818 2472 g.
835 2423 900 2462 cuni.

56 2477 115 2519 ituci
132 2481 159 2529 A,
177 2481 270 2530 etatis,
289 2494 303 2522 a
320 2482 407 2532 quibus
422 2483 448 2522 in
465 2483 550 2523 iisdem
568 2479 753 2524 circumstantiis
769 2484 900 2535 eademque

56 2541 210 2593 dispositione
226 2556 299 2595 aeque
315 2545 388 2599 libere
402 2547 464 2586 esset
480 2546 637 2594 dissensurus,
655 2560 677 2586 v.
696 2560 717 2597 g.
736 2549 854 2589 ancilium
871 2549 898 2589 Β,

56 2629 86 2637 —
100 2611 119 2648 3.
136 2610 185 2650 Hac
200 2610 349 2661 praelucente
366 2611 462 2652 scientia
478 2612 557 2652 media
572 2612 636 2653 Deus
651 2624 678 2652 er
694 2613 754 2653 seria
770 2613 899 2662 voluntate,

56 2671 83 2710 ut
97 2676 217 2716 conversio
232 2676 295 2715 Petri
311 2675 361 2724 fiat,
378 2675 401 2717 et
416 2688 471 2716 cunr
486 2677 603 2727 sinpuicri
616 2678 642 2716 in
658 2689 714 2717 enin
729 2678 899 2727 benevolentia,

57 2737 157 2783 gratuito
171 2739 238 2790 eligit
248 2740 390 2780 auxilium
403 2742 431 2788 A,
447 2740 495 2781 iam
508 2742 643 2792 praevisum
657 2740 745 2790 efficax,
761 2744 780 2782 si
795 2743 899 2789 daretur,

57 2796 163 2862 illudque
183 2814 207 2844 se
226 2804 297 2845 Petro
314 2804 427 2845 daturum
444 2804 574 2846 absolute
594 2805 733 2846 decernit.
754 2833 785 2839 -
804 2810 825 2848 4.
846 2808 902 2847 Post

0 2900 1 2903 ,
57 2859 100 2902 hoe
114 2866 249 2908 absolutum
263 2879 318 2909 suae
331 2867 460 2909 voluntatis
474 2869 594 2911 decretum
609 2868 672 2910 Deus
686 2871 734 2911 iam
749 2872 814 2913 videt
828 2873 901 2913 scien-

0 2937 2 2942 *
58 2924 89 2965 iia
102 2929 226 2971 visionis
241 2933 419 2973 conversionem
435 2933 499 2974 Petri
516 2946 559 2985 ope
575 2934 659 2975 anxilii
676 2937 696 2975 Α
715 2937 821 2977 obsolute
838 2938 901 2988 sutc-

0 3029 2 3050 ζ
58 2998 115 3032 rarii.
132 3019 164 3025 -
179 2998 199 3035 5.
219 2997 280 3040 Haec
297 2998 327 3037 ab
344 2997 438 3038 aeterno
455 2998 548 3049 cognita
566 3000 589 3040 et
605 2999 699 3041 decreta
715 3000 779 3042 Deus
796 3002 901 3051 tempore
