2214 3350
175 172 209 210 154
336 164 408 208 siet.
425 173 453 208 ΙΙ,
472 172 516 207 Art.
535 173 551 207 Ι,
568 173 600 207 De
616 171 737 215 gratuitate
753 171 840 216 gratiae

173 280 198 320 S.
216 281 345 331 Aupustini
359 281 424 322 velet
440 282 468 322 de
484 281 581 322 homine
597 280 659 321 iusto
670 280 698 321 et
713 280 742 320 de
759 277 826 319 fideli
842 278 959 319 catholico
977 278 1019 330 (Dz

174 343 304 395 8041794),
321 344 392 395 etque
408 343 483 385 simili
498 343 569 384 modo
585 343 616 384 ad
632 343 754 383 hominem
771 342 879 385 nondum
896 341 927 381 ed
944 340 1019 381 tidem

173 405 284 447 vocatum
299 407 416 458 applicari
432 405 508 457 potest
538 406 612 446 Nemo
634 405 699 446 enim
720 403 816 455 negabit
837 403 928 445 melam
944 402 1019 444 vitam

172 469 305 516 multorum
316 469 454 510 infidelium
464 479 513 509 esse
525 467 648 516 rationem,
661 478 704 508 cur
713 467 790 508 multa
800 466 918 508 beneficia
929 467 1019 517 gratiae

174 543 223 572 non
239 532 380 584 accipienti.
396 557 428 563 *-
443 533 463 570 3.
481 532 556 571 Homo
572 531 649 582 potest
665 542 695 571 ex
710 541 734 571 se
750 530 822 572 etiem
838 531 916 571 muita
932 531 1017 581 lacere,
1052 577 1054 580 .

173 606 204 635 ne
218 596 263 635 lior
277 593 478 646 impedimentum
491 599 572 645 ponat.
589 595 650 635 Nam
666 593 742 645 potest
757 593 875 645 quaedam
891 604 962 645 opere
978 594 1019 634 ho-

173 658 240 699 nesta
251 659 327 698 iecere
339 657 361 698 et
372 668 415 707 per
426 657 497 698 breve
509 657 603 708 tempus
614 668 685 697 omne
696 656 819 706 peccatum
831 657 931 698 mortale
942 656 1018 697 vitare
1047 712 1049 715 ἡ

176 721 219 772 (th.
233 724 247 762 4
259 721 283 762 et
295 721 325 772 5),
341 731 419 771 neque
431 719 458 761 ut
471 720 514 761 diu
527 718 592 769 vitet,
608 719 738 772 requiritur
750 732 780 762 ex
794 720 881 762 nature
893 720 929 761 rei
941 720 1019 771 gretia

173 782 294 825 entitative
308 781 504 834 supernaturalia
519 783 576 824 hinc
589 784 654 825 Deus
668 782 799 832 infidelem,
816 783 857 835 qui
873 782 937 832 facit,
953 782 1018 835 quod

173 845 296 887 moraliter
312 845 396 896 potest,
416 845 437 886 si
453 845 532 886 eidem
551 845 653 896 gratiam
672 845 793 887 entitatine
812 846 1018 897 supernaturalem

173 908 281 949 nondum
299 908 352 949 vult
368 909 433 957 dare,
451 906 524 950 etiam
542 908 639 949 auxiliis
657 908 748 949 ordinis
766 909 882 950 naturalis
901 909 935 950 ita
950 908 1018 950 adiu-

171 984 228 1013 uare
240 972 323 1024 potest,
337 972 365 1013 ut
377 972 458 1013 omnia
471 970 566 1022 peccate
579 971 690 1012 mortalia
702 970 816 1012 diuvitet
830 972 861 1023 (v.
875 983 899 1011 n.
914 972 973 1023 156).
987 995 1019 1001 -

172 1039 192 1076 i.
210 1035 236 1077 Si
251 1035 285 1076 ita
300 1035 411 1083 evenerit,
427 1035 455 1076 ut
469 1035 542 1076 homo
555 1034 664 1075 infidelis
678 1034 794 1083 iaciendo,
811 1034 876 1085 quod
892 1034 918 1076 in
933 1046 959 1076 se
973 1034 1015 1081 est,

171 1098 267 1139 nullum
285 1097 485 1149 impedimentum
502 1097 591 1148 gratiae
609 1096 721 1148 posuerit,
741 1096 802 1138 seria
819 1097 930 1138 voluntas
947 1096 1017 1138 selvi-

172 1161 220 1202 tice
233 1161 277 1202 Dei
291 1159 424 1202 necessario
439 1172 509 1201 suum
523 1160 638 1201 effectum
652 1158 775 1209 obtinebit,
791 1159 807 1201 i.
823 1172 844 1201 e.
860 1160 914 1212 post
927 1160 1018 1202 auxilia

171 1224 264 1264 ordinis
278 1223 395 1264 naturalis
410 1222 546 1274 aliquando,
563 1223 671 1274 tempore
684 1222 780 1271 scilicet,
797 1235 845 1275 quo
860 1223 910 1264 Deo
924 1222 1017 1276 placue-

171 1286 209 1335 rit,
226 1286 268 1327 sed
283 1286 412 1337 antequam
427 1286 502 1327 status
516 1285 568 1327 viee
584 1285 692 1332 finietur.
708 1286 819 1327 concedet
833 1287 922 1337 pretias
937 1287 1018 1327 stricte

171 1349 287 1390 salutares
303 1354 325 1389 ei
340 1348 541 1400 supernaturales,
558 1361 621 1401 quae
636 1349 667 1390 ad
682 1349 757 1390 fidem
773 1349 796 1391 et
811 1349 868 1390 dein
883 1350 915 1390 ad
931 1348 1029 1391 iustiti--

171 1411 289 1453 cntionem
308 1411 436 1461 sufficiunt
454 1411 478 1453 et
497 1411 517 1452 si
536 1412 616 1460 homo,
636 1412 662 1452 in
681 1423 724 1454 sue
743 1411 806 1453 bona
824 1411 946 1454 voluntate
965 1423 1017 1464 per-

171 1485 279 1522 manens,
297 1474 336 1514 his
350 1474 434 1525 gratiis
448 1474 536 1515 oblatis
551 1474 656 1515 fideliter
672 1474 817 1525 cooperatur,
836 1487 862 1516 re
877 1485 934 1516 vera
950 1474 1017 1516 iusti-

171 1536 292 1577 iicebitur.

102 1688 104 1691 ·
127 1654 130 1660 ¹
170 1663 225 1704 232.
260 1664 283 1700 Si
299 1664 349 1708 quis
365 1672 415 1698 cnm
431 1662 696 1699 salmanticensibus
713 1663 766 1697 dicit
782 1664 849 1697 etiam
867 1671 954 1698 omnem
970 1671 1016 1698 noa

169 1715 294 1760 facientem,
315 1715 374 1760 quod
392 1715 418 1750 in
436 1724 459 1750 se
477 1714 517 1757 est,
538 1713 659 1759 aliquando
676 1724 704 1750 ex
723 1715 763 1750 Dei
781 1714 896 1751 voluntate
916 1714 1016 1751 salvifica

170 1768 269 1813 accipere
283 1766 383 1811 aliquam
398 1766 495 1810 aratiam
510 1766 623 1802 ent'tatioe
638 1766 838 1810 supernaturalem,
854 1768 916 1803 haud
930 1767 964 1804 ita
977 1767 1016 1803 ad-

170 1828 292 1855 versamur.
310 1819 369 1854 Nam
384 1818 479 1854 maxime
496 1817 520 1854 id
536 1818 680 1861 intendimus,
698 1817 724 1854 ut
739 1817 876 1855 voluntatem
894 1817 1016 1855 salvificam

169 1870 319 1906 universalem
332 1870 416 1905 intuto
429 1869 566 1906 collocemus.
582 1871 649 1913 Quae,
665 1870 685 1905 si
697 1878 733 1906 res
746 1869 779 1905 ita
791 1871 854 1913 esset,
870 1870 957 1916 egregie
971 1880 1016 1907 ser-

170 1922 268 1964 varetur,
282 1921 332 1957 licet
346 1921 484 1967 superfluum
498 1921 599 1957 evaderet
613 1921 639 1957 de
653 1921 699 1957 solo
712 1921 814 1965 iaciente,
829 1923 888 1967 quod
901 1923 925 1958 in
937 1932 961 1959 se
975 1925 1014 1966 est,

170 1973 227 2009 illud
243 1973 379 2019 principium
396 1973 499 2009 statuere.
518 1973 603 2009 Tamen
619 1973 730 2008 sententia
747 1973 958 2011 salmanticensium
976 1975 1016 2021 dif-

170 2024 257 2069 ficiilter
274 2025 387 2070 protatur.
406 2025 469 2067 Quod
487 2024 545 2060 enim
563 2025 640 2060 dicunt
659 2025 685 2061 de
702 2025 866 2062 illuminatione
885 2027 1015 2072 supernatu-

169 2076 213 2113 rali
229 2077 331 2111 omnibus
346 2076 474 2111 bominibus
490 2076 561 2121 primo
577 2077 672 2112 instanti
687 2086 740 2112 usus
757 2078 850 2113 rationis
867 2079 1013 2121 concedenda,

169 2137 261 2173 prorsus
280 2128 351 2172 gratis
371 2128 479 2163 asseritur
498 2128 519 2163 et
537 2129 598 2163 omni
618 2129 900 2174 experientiae-adversari
918 2130 1012 2167 videtur.

168 2181 258 2217 Primae
279 2181 367 2226 gratiae
389 2181 503 2217 entitative
525 2182 707 2227 supernaturales
728 2183 855 2219 infidelibus
876 2184 1014 2230 probabilius

169 2236 221 2270 tunc
236 2235 324 2278 dantur,
341 2235 430 2279 quando
443 2235 547 2270 revelatio
562 2235 672 2271 credenda
685 2236 712 2271 iis
726 2238 858 2282 proponitur
874 2238 909 2284 (ct.
924 2247 945 2274 n.
962 2238 1013 2284 132),

169 2288 190 2323 et
203 2288 298 2324 tortasse
310 2287 412 2324 infideles
426 2288 461 2324 sat
473 2288 538 2324 multi
552 2289 604 2324 inde
619 2290 646 2325 ab
660 2289 724 2332 initio
738 2299 792 2326 usus
807 2290 902 2326 rationis
916 2292 963 2327 suis
977 2292 1014 2328 fla·

169 2341 230 2385 gitiis
242 2341 274 2375 tot
286 2341 306 2377 et
318 2342 393 2377 tantos
406 2342 477 2377 obices
490 2342 575 2386 gratiae
589 2343 708 2389 opponunt,
721 2344 747 2379 ut
760 2353 802 2379 sua
813 2343 880 2390 culpa
892 2354 1014 2391 numquam

168 2403 239 2438 usque
256 2394 285 2430 ad
301 2395 362 2430 istud
378 2395 468 2430 initium
484 2396 542 2432 vitae
560 2397 739 2442 supernaturalis
756 2398 893 2444 perveniant.
911 2420 936 2427 -
953 2400 1014 2442 Quae

169 2447 247 2482 Patres
264 2448 289 2483 de
305 2448 375 2484 Verbo
390 2457 479 2484 omnem
493 2449 607 2486 hominem
621 2450 763 2487 illuminante
780 2452 812 2496 (Io
829 2452 845 2494 1,
863 2452 882 2499 9)
901 2453 978 2489 dicunt
994 2455 1014 2490 et

169 2509 225 2544 quae
240 2500 339 2536 Ecclesia
356 2502 381 2537 de
397 2501 483 2538 influxu
500 2503 581 2539 Christi
597 2504 621 2539 in
636 2502 736 2539 infideles
753 2504 859 2541 adversus
875 2506 1014 2543 lansenistas

236 2636 244 2656 1
263 2635 286 2670 V.
302 2644 322 2678 g.
338 2635 531 2677 Salmantieenses,
547 2636 616 2672 huius
629 2637 700 2682 partis
714 2637 845 2681 adversarii,
861 2638 937 2675 dicunt
953 2639 1013 2685 (tom.

169 2680 180 2716 9
191 2680 254 2716 tract.
269 2679 292 2716 ii
303 2681 358 2727 disp.
372 2680 384 2716 3
395 2690 416 2717 n.
431 2681 486 2728 lea:
502 2693 513 2714 u
520 2683 579 2717 Deus
592 2682 687 2727 denegat
698 2683 795 2727 gratiam
808 2693 831 2720 se
842 2684 1012 2729 impedienti...

168 2725 281 2771 significat
293 2727 363 2762 Deum
377 2727 487 2772 denegare
500 2728 598 2772 gratiam
611 2728 636 2763 in
648 2737 744 2774 poenam
757 2729 909 2775 praecedentis
923 2731 1014 2777 impedi-

167 2772 244 2816 menti,
264 2772 284 2807 et
301 2772 367 2807 simul
384 2782 425 2809 nos
443 2783 468 2809 ex
485 2774 548 2809 nobis
565 2783 630 2819 posse
647 2775 830 2820 impedimentum
847 2776 933 2821 grallae
951 2787 1014 2823 prae-

169 2818 236 2860 stare;
255 2818 313 2862 quod
332 2819 365 2853 est
381 2819 523 2855 verissimum
531 2830 549 2863 »;
567 2820 604 2856 Fr.
623 2820 760 2857 Marta-Sola
777 2824 801 2860 O.
820 2823 845 2859 P.
867 2822 907 2867 (La
925 2824 1014 2861 Ciencia

169 2864 268 2899 Tomista
279 2863 302 2899 33
314 2863 373 2909 [1926
384 2866 404 2911 Ι]
417 2866 461 2911 54);
477 2878 487 2897 ι(
498 2865 542 2901 Con
552 2865 576 2901 la
586 2867 716 2903 naturaleza
728 2867 786 2903 sola.
797 2894 814 2904 ..
829 2878 852 2904 se
863 2869 933 2914 puede
945 2879 1014 2915 poner

168 2919 183 2954 y
196 2919 242 2945 non
254 2920 324 2955 poner
338 2910 432 2955 algunos
445 2911 614 2957 impedimentos
628 2922 642 2948 a
655 2913 678 2949 le
691 2913 779 2958 gracia.
789 2940 808 2949 ..
824 2914 879 2950 Este
893 2924 916 2951 es
928 2916 952 2952 la
965 2916 1014 2952 doc-

168 2957 230 2992 trina
245 2957 354 2991 corriente
371 2957 406 2992 del
421 2958 529 2992 tomismo.
539 2971 549 2990 n
914 2958 917 2961 “
