2214 3350
188 162 212 198 24
261 162 316 197 Sect.
330 162 346 196 Ι.
360 161 405 196 Art.
420 162 435 196 l.
449 161 628 197 Denecessitate·
636 162 722 207 gratiae
735 162 764 197 ad
776 161 839 197 actus
852 160 962 196 salutares

187 268 226 310 37.
262 272 283 309 2.
301 270 329 309 In
344 269 494 310 documentis
509 270 623 311 adversus
640 269 929 319 scnitpelaglanos
939 267 1034 308 directis

187 331 329 383 impotentia
345 332 445 373 naturae
463 332 487 373 et
504 332 631 373 necessitas
649 331 738 382 gratiae
757 332 833 381 magis
852 331 1032 372 determinatur.

187 394 311 434 Indicetes
326 389 453 435 Caelestini
466 407 517 445 cap.
532 398 546 436 9
560 394 628 435 initio
644 394 686 445 (ΒΖ
701 393 763 443 135);
784 394 870 442 «Quod
885 393 918 434 ita
930 394 994 435 Deus
1007 393 1033 433 in

187 456 300 498 cordibus
317 457 444 498 hominum
462 457 532 508 atcue
550 456 643 507 inipso
661 455 736 496 lihero
753 456 864 506 operetur
881 456 987 503 arbitrio,
1007 455 1034 496 ut

186 519 268 560 sancta
281 519 398 571 cogitatio,
410 520 479 571 ,pium
492 519 619 559 consilium
632 520 757 570 omnisque
770 520 849 560 motus
860 518 937 559 honae
950 518 1032 559 volun·

186 585 242 626 tatis
258 596 288 626 ex
305 586 353 626 Deo
370 585 408 633 sit,
426 584 481 636 quia
498 595 540 633 per
558 583 627 623 illurn
645 583 736 633 aliquid
754 583 810 624 boni
828 594 962 634 possumus,
981 583 1032 623 sine

187 661 235 700 quo
252 649 315 689 nihil
333 660 486 701 possumus.»
512 672 544 677 -
569 647 681 688 Clausala
700 648 753 698 post
777 659 828 698 cap.
850 651 875 689 12
903 649 946 700 (ΒΖ
964 648 1027 699 tlh:

188 715 450 755 «01111110111110110111111
466 712 597 753 affectuum
615 713 685 763 atque
701 723 801 764 operum
866 744 925 762 .....
937 706 1032 764 ouibus

186 781 216 820 ab
230 779 298 820 initio
313 777 371 819 tidei
385 778 415 818 ad
429 778 504 818 Deum
519 776 632 826 tenditur,
648 777 725 818 Deum
739 777 898 828 profiteamur
911 776 1031 819 auctorem

186 845 209 884 et
222 855 269 884 non
283 843 420 883 dubitemus
433 841 462 882 ab
476 841 552 891 ipsius
565 841 642 892 gratia
655 841 736 883 omnia
748 841 854 883 hominis
867 843 952 883 merita
964 853 1031 892 prae-

185 906 262 946 veniri
270 922 289 944 ».
301 931 333 935 -
345 905 379 945 [lt.
392 915 444 955 cap.
457 906 470 944 4
480 906 493 944 5
504 905 519 944 7
529 907 549 945 8.
562 930 593 934 -
604 904 738 945 Concilium
750 904 923 946 Arausicanum
934 904 956 945 ll
970 904 1028 955 (529)

185 970 268 1011 multis
279 969 410 1010 canonibus
420 969 444 1010 et
455 968 576 1009 sententiis
587 970 668 1010 01111110
679 970 742 1010 hona
752 970 841 1020 gratiae
852 970 896 1010 Dei
907 968 1029 1010 adscribit.

185 1034 244 1075 Nota
254 1034 386 1085 imprimis:
402 1043 455 1075 can.
469 1033 483 1073 6
497 1034 540 1084 (ΒΖ
551 1035 600 1085 179)
616 1051 626 1071 «
634 1035 660 1075 ut
671 1034 728 1075 haec
739 1034 828 1082 omnia,
842 1034 903 1074 sicut
915 1040 1005 1084 oportet
1013 1036 1029 1081 ¹,

184 1110 252 1149 agere
264 1100 395 1146 valeamus,
408 1110 451 1149 per
462 1097 608 1139 infusionem
621 1097 643 1140 et
655 1098 836 1150 inspirationem
849 1100 873 1140 S.
888 1098 991 1150 Spiritus
1005 1099 1030 1138 in

185 1163 253 1203 nobis
266 1162 320 1203 lieri
329 1175 349 1211 »ς
365 1172 416 1203 cun.
433 1162 446 1203 7
462 1162 504 1214 (ΒΖ
519 1164 581 1213 180);
600 1164 675 1203 Nemo
688 1163 765 1213 potest
780 1180 789 1199 a
796 1174 841 1214 per
853 1169 953 1203 naturae
966 1163 1030 1213 cipe.

184 1238 235 1267 rent
248 1227 340 1268 bonum
355 1226 455 1278 aliquid,
472 1227 537 1277 quod
553 1228 583 1267 ad
599 1227 700 1267 sulutem
716 1227 819 1279 pertinet
833 1227 896 1269 ritae
912 1227 1028 1275 aeternae,

183 1292 293 1343 cogitare,
312 1298 339 1332 ut
359 1292 459 1342 expedit,
480 1291 522 1332 aut
540 1291 670 1342 eligere...
697 1293 786 1343 absque
812 1291 987 1333 illuminatione
1007 1293 1030 1333 et

183 1357 338 1408 inspiratione
350 1354 454 1407 Spiritus
465 1356 572 1397 Sancti».
585 1357 647 1407 Ergo
658 1356 713 1397 talis
723 1356 801 1407 gratia
811 1356 904 1398 interna
914 1357 938 1398 et
948 1367 1028 1407 super-

182 1422 300 1463 naturalis
316 1420 423 1462 absolute
441 1421 573 1461 necessaria
590 1422 625 1462 est
643 1422 673 1462 ad
691 1421 780 1470 omnia,
799 1432 860 1472 quae
879 1422 909 1466 ad
928 1421 1028 1463 salutem

183 1486 276 1527 animae
294 1485 421 1536 pertinent,
439 1486 462 1526 et
477 1485 550 1536 rigor¹
562 1486 661 1527 naturae
678 1486 745 1527 nullo
762 1487 834 1527 modo
851 1486 942 1527 sufficit.
961 1486 1029 1527 Eius

183 1550 248 1590 rnodi
267 1551 393 1591 necessitas
410 1551 446 1591 est
462 1550 570 1590 absoluta
587 1551 610 1591 et
627 1550 732 1600 physica.
751 1576 783 1581 -—
800 1551 835 1591 Gt.
856 1561 907 1590 can.
926 1553 939 1591 9
956 1554 983 1592 12
1001 1554 1028 1592 16

181 1617 267 1655 20-24
283 1615 306 1655 et
321 1613 417 1655 initium
434 1613 521 1665 epilogi
538 1615 567 1654 ad
585 1615 684 1655 modum
701 1615 804 1666 symboli
822 1615 863 1667 (ΒΖ
881 1615 939 1667 199).

181 1743 220 1784 38.
257 1745 278 1783 3.
296 1742 429 1784 Concilium
445 1742 615 1791 Tridentium,
633 1744 826 1795 exaggerationes
841 1745 1028 1784 Protestcnttnnr

181 1808 306 1855 damnans,
327 1808 485 1848 nihilominus
504 1819 559 1849 curn
578 1808 724 1849 Arausicano
749 1807 912 1850 necessitatem
937 1809 1027 1858 gratiae

182 1872 212 1913 ad
225 1883 310 1913 omnes
323 1873 389 1913 actus
403 1872 519 1913 salutares
533 1873 611 1913 docet:
630 1883 650 1913 5.
667 1874 681 1913 6
698 1883 750 1925 cap.
767 1872 781 1914 5
799 1874 841 1925 (ΒΖ
855 1874 919 1924 797);
938 1874 1026 1914 lustiti-
1040 1925 1042 1929 .

181 1937 281 1978 cationis
297 1937 422 1978 exordium
439 1936 474 1977 est
492 1949 507 1977 a
524 1937 689 1987 praeveniente
708 1937 791 1987 gratia.
812 1938 875 1979 Deus
893 1937 969 1989 tangit
986 1950 1028 1980 cor

180 2001 285 2041 hominis
298 2013 340 2051 per
354 2001 458 2052 Spiritus
472 2001 552 2042 Sancti
568 2001 776 2043 illuminationem.
793 2003 870 2043 Homo
884 2003 935 2043 sine
948 2003 1027 2054 gratia

181 2066 222 2106 Dei
239 2077 334 2106 movere
350 2077 375 2107 se
390 2067 421 2107 ad
437 2066 552 2107 iustitiam
569 2078 617 2107 non
633 2067 718 2118 potest
740 2092 771 2098 -
795 2077 846 2119 cap.
864 2068 879 2108 6
898 2068 939 2119 (ΒΖ
956 2070 1020 2121 798);

180 2129 346 2181 Disponuntur
362 2130 457 2172 excitati
474 2130 557 2172 divina
574 2131 651 2181 gratia
668 2131 692 2172 et
708 2130 793 2180 actutu
811 2122 913 2185 Λαίῳ.
934 2133 961 2174 16
982 2133 1025 2185 (ΒΖ

179 2195 243 2245 899);
260 2194 348 2244 Virtus,
361 2207 434 2246 quam
448 2195 556 2237 Christus
568 2197 594 2236 in
607 2195 747 2236 iust'iicatos
760 2197 847 2247 iugiter
858 2197 947 2245 influit,
962 2199 1026 2239 loona

178 2270 262 2300 eorum
274 2270 346 2309 opera
357 2270 450 2311 semper
461 2260 579 2301 antecedit
590 2260 614 2301 et
626 2259 752 2301 comitatur
763 2262 787 2302 et
799 2262 959 2313 subsequitur;
973 2263 1025 2304 sine

178 2335 226 2374 qua
236 2323 303 2363 nullo
312 2324 381 2373 pacto
390 2325 437 2365 Deo
448 2325 515 2376 grata
525 2325 547 2365 et
557 2324 679 2365 meritoria
689 2335 739 2366 esse
749 2326 852 2377 possent
862 2350 894 2355 —-
905 2337 956 2368 cau.
967 2327 977 2367 l
987 2327 1024 2369 23

181 2388 222 2440 (ΒΖ
237 2388 330 2439 81155);
347 2388 442 2439 Absque
456 2388 533 2439 gratia
547 2389 635 2430 Christi
650 2390 722 2431 horno
735 2402 783 2432 non
798 2390 874 2442 potest
888 2391 1022 2441 iustificar13

179 2464 207 2493 ne
224 2463 294 2502 aegre
308 2453 405 2503 quidem
420 2454 443 2495 et
457 2452 584 2495 difficulter
599 2454 659 2495 iuste
674 2455 754 2497 vivere
769 2467 796 2496 ac
811 2455 886 2497 vitam
902 2458 1023 2498 aeternam

178 2516 309 2567 promereri
332 2517 414 2575 potest3
437 2517 504 2559 actus
527 2519 557 2559 ad
581 2518 776 2561 iustificationem
799 2520 951 2571 disponentes
975 2533 1023 2562 non

178 2580 249 2628 fiunt,
268 2580 330 2620 sicut
344 2581 442 2631 oportet
459 2605 491 2611 ν-
509 2592 560 2623 can.
580 2583 610 2624 32
630 2585 672 2635 (ΒΖ
689 2585 753 2636 842);
776 2584 853 2636 Opera
870 2586 991 2628 meritoria
1008 2599 1023 2627 a

177 2643 307 2685 iustificate
322 2655 366 2694 per
381 2645 423 2686 Dei
439 2646 541 2697 gratiam
558 2648 581 2689 et
597 2648 650 2688 Iesu
668 2648 755 2689 Christi
773 2649 886 2690 meritum
903 2651 974 2692 fiunt.
992 2677 1023 2683 »-

177 2710 239 2760 Ergo
254 2720 309 2748 cum
323 2709 440 2757 adactus,
456 2712 543 2761 quibus
558 2712 691 2763 peccatores
706 2724 730 2754 se
746 2713 876 2764 disponunt
890 2715 921 2755 ad
935 2713 1023 2755 iustili-

240 2843 247 2863 1
265 2841 338 2877 Verba
355 2842 431 2893 ‹insicut
446 2843 549 2888 oportet»
567 2807 620 2881 sunt
636 2845 723 2882 biblica.
742 2846 798 2882 Rom
814 2845 832 2888 8,
850 2845 885 2883 26:
907 2846 1023 2892 «Spiritus

177 2887 270 2923 adiuvat
294 2886 446 2922 infirmitatem
469 2890 576 2934 nostram;
593 2900 647 2926 nam
665 2891 718 2936 quid
736 2900 830 2937 oremus,
856 2892 914 2928 sicut
937 2894 1023 2938 oportet

174 2931 236 2979 (καθὸ
249 2933 291 2978 δεῖ).
309 2932 426 2969 nescimus.
436 2945 446 2966 n
