2214 3350
288 144 364 180 Tliesis
378 144 395 180 5.
411 145 454 178 Lex
467 143 577 179 iecturalis
591 143 630 178 diu
644 142 755 177 servanda
916 140 940 176 93

97 257 170 311 (apitii
181 254 238 295 lilot.
252 255 268 293 l.
282 264 301 293 c.
314 254 374 303 disp.
389 255 414 292 lo
426 253 562 293 membrum
574 255 587 310 2
600 251 707 310 [p.·98]):
726 251 874 292 «Necessitas
885 262 938 302 pee—
977 281 980 284 »

2 349 3 353 =
92 320 172 368 candi,
189 329 251 370 quae
264 330 295 358 ex
310 317 390 358 nostra
405 317 440 358 est
456 316 604 364 infirmitate,
622 315 658 356 est
669 314 842 356 inevitabilitas
858 316 938 366 quoad

38 431 42 435 ,
95 386 213 431 universa,
238 394 299 434 quae
323 380 509 432 iiraecipiuntur,
536 380 656 422 collective
682 380 783 430 sumpta,
809 391 857 421 non
881 386 937 421 vero

92 446 328 503 400011110911101
365 455 366 459 ’
448 447 449 450 ’
701 450 703 452 ’

100 531 110 536 ·=
163 512 244 562 Itaque
267 510 328 551 inter
349 509 469 560 theologos
491 510 547 550 satis
569 509 679 550 convenit
700 520 747 549 nen
770 508 839 549 licere
862 508 937 548 iibere

92 576 193 620 arbitrio
204 575 307 616 maiores
318 575 381 615 vires
393 574 533 623 adscribere,
548 585 621 625 quarn
633 573 715 615 nostra
727 573 801 615 thesis
812 572 936 624 permittit.

97 713 148 756 153.
184 712 211 753 V.
230 711 300 757 Ratio
320 712 347 762 (P
365 711 422 761 154).
442 710 627 764 Experientia
643 710 762 750 externa
779 707 938 760 (1000101011-

93 771 147 818 mos
163 776 273 817 homines
290 776 514 827 ξ11101111111100001ος
535 775 623 816 seimus
641 775 721 816 tamen
739 786 770 815 ex
787 774 837 814 fide
854 784 938 814 ornnes
989 775 991 779 '

95 837 181 882 habere
197 840 338 881 sufficientes
353 840 442 890 gratias
457 841 480 881 et
495 840 584 880 multos
599 839 755 880 abundantes.
775 838 835 880 Hinc
853 838 945 896 saltem.

90 904 272 946 admiratorem
290 904 458 954 difficultatem
475 897 774 953 concludere‘lic'etonae
792 896 842 944 sine
860 902 937 954 gratia

94 964 228 1010 haberetur.
251 994 283 999 —
306 969 371 1009 idem
394 967 552 1008 confirmatur
574 967 754 1018 experientia
777 967 892 1008 interna
913 968 942 1008 et

91 1032 197 1084 vgenerali
225 1033 455 1074 consideratione
482 1033 600 1073 naturae
628 1033 779 1073 hnmanae.
808 1033 845 1072 Ad
872 1032 939 1072 mala

94 1098 165 1137 facile
182 1096 294 1145 labi-mur,
314 1097 440 1138 difficulter
457 1097 577 1148 surgimus
596 1097 626 1137 ad
644 1098 714 1137 bona.
734 1096 863 1148 Praecepta
882 1097 938 1137 sulit

94 1161 177 1208 multa,
195 1161 330 1212 treduentes
346 1161 460 1211 peccandi
476 1162 617 1209 occasiones,
636 1161 790 1201 vehementes
805 1159 937 1202 inclinatio

93 1236 137 1265 nes
152 1225 175 1266 et
189 1225 318 1276 passiones
335 1224 475 1266 tentationes
491 1225 588 1273 multae,
607 1225 741 1272 diuturnae,
760 1225 874 1274 intensae,
889 1225 950 1266 'ter-¹

91 1289 175 1329 ribiles
196 1289 289 1330 inimici
312 1289 394 1329 salutis
418 1289 505 1331 interni
522 1290 545 1330 et
561 1289 659 1330 externi.
685 1291 742 1331 Pars
765 1290 887 1330 rationalis
912 1291 937 1330 in

94 1353 190 1393 bomine
209 1353 335 1394 coniuncta
353 1354 388 1394 est
406 1354 431 1393 in
451 1353 566 1395 unitatem
585 1355 684 1395 naturae
704 1366 758 1395 eum
779 1355 844 1406 parte
864 1356 937 1394 reiici-

92 1418 142 1457 ntea
158 1423 180 1457 ct
195 1414 295 1458 carnuti
310 1418 392 1459 Omnis
409 1418 513 1469 cognitio
527 1430 570 1469 per
585 1430 669 1460 sensns
684 1418 771 1470 incipit
783 1420 807 1460 et
822 1421 850 1460 de
867 1419 937 1460 ratio-

92 1480 189 1521 nalibus
206 1493 255 1532 qua
271 1481 359 1522 talibus
375 1493 423 1522 non
440 1483 557 1524 habemus
574 1483 628 1523 nisi
639 1484 808 1524 obstructurum
825 1483 936 1534 cognitio-

93 1556 155 1585 nem.
173 1546 262 1585 Tamen
278 1545 387 1586 honestas
402 1545 500 1586 moralis
516 1546 663 1588 diiudicatur
679 1548 809 1588 secundum
826 1560 937 1589 normani

92 1613 191 1647 iitoturoc
210 1608 332 1648 reiiceretis
358 1621 406 1659 qua
425 1610 485 1650 talis.
513 1611 606 1651 Bonum
633 1612 773 1653 delectabile
798 1613 936 1663 saepissime

90 1671 222 1722 opponitur
238 1672 301 1712 bono
317 1673 419 1713 honestoi
438 1674 462 1715 et
485 1674 561 1715 multo
584 1675 749 1716 vehementius
773 1688 846 1728 quam
871 1677 935 1718 istud

91 1735 238 1776 uoluntatem
265 1736 346 1777 allicit.
372 1737 453 1778 Motus
477 1738 606 1779 inordinati
632 1739 792 1781 sensualitatis
818 1741 935 1782 rationem

91 1799 252 1849 praevertunt.
269 1825 300 1831 —
315 1801 392 1842 Etiam
409 1802 506 1852 quando
522 1802 620 1843 tentatio
635 1815 683 1843 non
701 1803 730 1844 iit
745 1817 789 1856 per
804 1805 867 1846 hena
884 1817 935 1846 sen-

91 1862 176 1911 sualia,
195 1864 235 1904 sed
252 1875 295 1914 per
311 1865 374 1905 bona
389 1866 469 1915 potius
485 1865 619 1917 spiritualia
638 1868 669 1918 (v.
688 1880 709 1919 g.
728 1870 759 1910 ad
778 1870 933 1922 superbiam),

90 1926 218 1969 difficultas
232 1940 318 1980 magna
333 1931 367 1971 est
382 1931 478 1981 propter
494 1949 505 1968 «
513 1931 655 1982 philantiam
665 1952 674 1970 »
692 1934 740 1974 sire
756 1933 936 1977 inclinationem

95 1994 302 2044 «egoeentrieam»
321 1996 432 2036 hominis.
450 1996 560 2048 Exigitnr
578 2010 664 2039 «amor
680 2000 723 2041 Dei
741 2012 816 2052 usque
834 2003 865 2042 ad
883 2013 936 2042 eon-

91 2058 209 2109 temptum
227 2060 291 2108 sui»,
309 2062 349 2102 sed
366 2062 439 2102 bomo
454 2074 522 2114 saepe
539 2076 563 2104 se
579 2064 701 2106 sollicitari
718 2067 790 2108 sentit
806 2069 836 2108 ad
854 2079 936 2109 ‹ramo-

89 2133 141 2162 rem
165 2124 201 2163 sui
224 2135 298 2175 usqne
319 2127 349 2166 ad
371 2127 534 2178 contemptum
554 2129 615 2169 Dei»
640 2131 680 2181 (ci.
703 2131 811 2183 iuquit,
834 2133 869 2173 De
890 2132 934 2174 civ.

91 2186 135 2225 Dei
151 2190 184 2236 tt,
201 2188 246 2239 28).
262 2214 293 2218 —
309 2189 427 2230 Omnibus
442 2191 479 2231 bis
495 2193 618 2243 perpensis
633 2205 681 2234 11011
697 2194 822 2244 miramur,
839 2198 935 2247 quando

91 2262 122 2289 en
140 2253 282 2293 revelatione
300 2255 414 2296 discimus
433 2257 522 2298 tantam
541 2259 703 2302 difficultatem
721 2274 736 2302 a
754 2259 822 2302 nullo
839 2261 936 2303 homine

89 2316 199 2358 evolutae
216 2319 313 2360 rationis
330 2321 371 2361 diu
388 2322 439 2363 sine
456 2323 552 2373 speciali
568 2325 611 2366 Dei
627 2326 717 2368 anxilio
735 2329 842 2378 superari
858 2339 934 2379 posse.

93 2448 146 2490 154.
183 2452 351 2494 Accuraticr
365 2454 523 2504 explicatio
540 2457 566 2507 (P
583 2457 676 2507 tdlsslz
697 2459 844 2509 impotentia,
862 2472 935 2512 quam

93 2514 153 2555 thesi
169 2518 303 2567 asserimus,
320 2519 353 2560 ita
367 2518 521 2561 determinari
537 2522 613 2571 debet,
630 2524 657 2564 ut
671 2536 700 2564 ex
714 2526 789 2566 altera
803 2526 869 2576 parte
883 2528 935 2577 jon-

90 2579 156 2620 ithus
173 2583 281 2631 satisfiat,
299 2596 327 2624 ex
343 2585 416 2626 altera
440 2598 494 2627 vero
517 2599 546 2628 ea
568 2589 665 2629 libertos
687 2591 809 2632 electionis
832 2594 933 2640 maneat,

89 2655 152 2693 quae
167 2647 197 2688 ad
212 2649 342 2690 mortaliter
357 2651 504 2700 peccandum
520 2654 662 2705 requiratur.
679 2657 780 2708 Physica
793 2658 936 2709 impotentia

90 2720 187 2752 omnem
210 2713 343 2755 libertatem
367 2716 435 2765 tellit,
461 2729 538 2769 neque
560 2720 641 2761 niinns
663 2733 705 2772 pro
728 2722 778 2764 tota
799 2723 935 2765 collectione

93 2774 189 2818 actuum
205 2789 279 2829 quam
295 2791 337 2830 pro
354 2781 462 2832 singulis.
480 2784 543 2834 Ergo
559 2785 700 2836 impotentia
714 2790 750 2830 est
765 2790 869 2830 nantolis.
889 2790 935 2831 Sed

128 2842 272 2890 possibilitas
292 2845 389 2886 moralis
409 2847 455 2886 tote
477 2848 545 2898 dieto,
568 2861 627 2901 quae
649 2852 781 2902 aliquoties,
804 2854 858 2895 licet
878 2855 936 2895 diffi-

90 2904 173 2954 culter,
196 2910 327 2958 snperatur,
351 2911 456 2952 lontibus
477 2924 524 2954 11011
544 2914 639 2956 ridetur
660 2917 801 2960 satisfacere.
824 2921 865 2961 Sin
887 2922 935 2961 iam
