2214 3350
104 142 117 177 2
442 140 600 178 praenotanda

105 253 117 289 1
132 250 187 291 Petr
202 253 229 291 12
243 264 273 299 ><;
289 251 314 291 in
328 251 384 292 aliis
397 249 505 301 epistulis
520 260 582 289 rare.
599 250 710 304 Χάρισμα
726 260 773 289 non
789 249 892 290 occurrit
907 247 954 289 nisi

106 313 171 364 apud
187 314 211 354 S.
228 315 332 355 Paulum
350 314 424 367 (14κ)
441 313 464 354 et
479 313 502 353 S.
520 312 618 353 Petrum
635 313 679 364 (1)(
689 313 704 363 ).
722 312 794 370 Apud
810 314 913 354 Paulum
928 312 954 354 ot

108 376 197 417 Lucam
227 376 384 418 inveniuntur
411 377 484 417 verba
500 377 626 433 χαρίζομαι
644 376 667 415 et
685 377 796 433 χαριτόω,
813 387 873 426 quae
903 386 951 416 non

105 438 283 491 restringuntur
308 440 339 480 ad
365 439 440 481 solam
465 438 663 479 condonationem
689 438 840 489 peccatorum
868 439 900 490 [v.
927 450 950 489 g.

107 501 138 543 Lo
158 504 178 550 1,
198 505 234 551 303
254 506 275 552 2,
296 504 341 554 40).
362 502 497 544 Generatim
516 501 660 553 exprimitur
679 501 818 543 omnimoda
836 503 953 553 pruiuitus

107 564 132 604 in
147 565 295 616 oppositione
311 567 342 607 ad
357 565 490 606 mercedem
504 575 613 615 operumq
629 565 706 616 potest
721 564 801 605 tamen
816 577 846 606 ex
861 563 954 616 signifi-

106 627 197 669 catione
216 628 279 679 greti
290 629 373 669 ‘animi
394 627 474 669 induci
495 628 560 669 notio
579 628 950 678 recompensationiacuiusdam

107 691 198 741 (quare
209 692 240 732 Lc
259 695 280 740 6,
299 695 325 732 32
336 694 406 750 χάρις
421 691 484 732 idern
502 693 538 732 est
555 702 583 731 ac
601 691 638 731 Mt
655 694 675 738 5,
696 693 722 732 46
734 690 837 744 μισθός),
852 691 953 742 Tropice

106 754 130 794 S.
148 755 239 795 Paulus
256 754 363 806 loquitur
379 755 407 796 de
425 754 500 806 gratia
517 754 640 805 tamquam
658 754 687 795 de
704 753 787 805 aliqua
802 754 905 805 repione,
924 754 949 794 in

105 828 153 868 qua
167 828 300 866 versemur,
317 818 355 859 vel
371 818 400 858 de
416 817 495 868 aliquo
513 817 635 867 elementa,
652 816 678 857 in
694 828 741 868 quo
757 815 862 858 vivimus
880 817 949 868 (Rom

102 881 124 927 5,
138 882 164 919 2:
183 882 390 938 μ’]νπροσαγωμὴμ
400 882 534 938 ἐσχήκαμεν
543 882 705 937 εἰςτίμχάριν
715 882 809 937 ταύτην,
828 880 871 920 Gal
886 883 906 928 5,
922 882 946 921 4:

102 949 143 998 τῆς
159 944 259 998 χάριτος
281 944 425 997 ἐξεπέσατε),
454 943 477 983 et
493 944 519 983 in
536 943 595 984 Rom
612 945 625 983 5
643 954 666 983 ss
683 942 807 993 tamquam
824 943 852 984 de
871 942 951 994 aliqua

105 1004 271 1055 potentissima
285 1007 375 1056 rapina,
392 1017 452 1057 quae
467 1006 604 1060 dominatur
618 1006 643 1046 in
659 1016 700 1046 suo
716 1016 789 1056 regno
804 1006 827 1046 et
841 1005 952 1047 inimicas

102 1066 236 1117 potestates,
250 1070 293 1126 τὴν
306 1071 422 1124 ἁμαρτίαν
437 1070 526 1110 scilicet-
541 1058 638 1121 eiusque
656 1069 775 1117 satellites,
789 1069 831 1110 ror
841 1069 950 1118 θάνατον,

101 1132 143 1187 τὴν
161 1130 291 1182 ἐπιθυμίαν,
308 1132 350 1173 τὸν
366 1133 446 1183 νόμον,
471 1132 574 1172 debellat
591 1132 660 1182 atque
678 1131 818 1183 triumphat.

103 1256 126 1296 4,
162 1255 463 1310 Hebraiceacorrespondet
483 1266 510 1314 p]
527 1258 587 1298 cheu
602 1259 641 1309 (ci.
659 1258 781 1306 Οίιαίιααίι,
796 1268 883 1299 nornen
898 1269 950 1308 pro-

104 1320 185 1370 prium
202 1320 281 1371 Anna)
311 1342 331 1356 z
359 1320 478 1369 venustas,
498 1322 572 1369 favor,
591 1320 755 1362 benevolentia
780 1321 864 1371 (rnaaa'
890 1320 949 1361 chen

102 1382 192 1423 tefam}
210 1404 230 1419 =
251 1382 377 1424 «invenire
390 1383 491 1434 gratiam
506 1383 530 1423 in
544 1384 636 1424 oculis»
652 1384 695 1424 Dei
708 1384 746 1424 vel
760 1383 862 1424 alicuius
875 1383 948 1424 homi-

101 1444 156 1496 nis).
178 1446 337 1497 Frequentius
353 1447 391 1486 est
408 1446 552 1487 vocabulum
572 1454 617 1501 ⁵¹9¹]
639 1446 730 1495 chased,
753 1446 817 1498 quod
837 1446 949 1497 primitus

103 1507 240 1559 siguificare
257 1509 353 1549 videtur
369 1509 468 1549 modum
486 1509 572 1559 agendi
590 1502 736 1550 conformem
753 1509 826 1549 alicui
844 1508 947 1550 societati

105 1572 135 1621 (u.
148 1567 177 1622 g.
197 1571 261 1612 iuter
278 1572 402 1624 cognatos,v
416 1572 512 1620 amicos,
532 1572 671 1620 foederatos,
690 1572 776 1613 herum
794 1572 818 1613 et
836 1571 947 1620 famulos,

102 1628 182 1686 regern
200 1636 223 1676 et
242 1635 367 1686 subditos);
387 1628 428 1675 sed
447 1634 530 1675 saltem
549 1635 575 1674 in
593 1633 763 1675 recentioribus
782 1634 852 1675 libris
870 1635 898 1676 V.
918 1635 946 1674 Τ.

102 1700 173 1741 1154351
185 1700 259 1740 etiarn
272 1699 393 1740 notionem
407 1698 561 1750 benignitatis
574 1699 648 1751 gratis
662 1698 786 1751 praestitae
802 1700 841 1750 (ci.
858 1699 947 1740 Gluaclr

99 1762 123 1803 et
139 1762 275 1803 Sclrolasttlr
293 1765 306 1803 3
326 1762 399 1820 [1928]
419 1765 459 1803 299
479 1762 508 1812 s).
535 1762 599 1814 Sept.
620 1762 681 1802 illud
697 1763 801 1803 reddunt
825 1774 869 1814 per
879 1762 948 1815 ἔλεος

101 1828 124 1868 et
144 1827 321 1878 aequivalentia
340 1827 464 1875 vocabula,
488 1827 559 1877 Vulg.
581 1838 625 1877 per
648 1826 883 1875 «misericordiam»;
906 1827 946 1868 sed

102 1902 149 1930 non
168 1892 301 1942 necessario
319 1891 430 1932 connotat
447 1890 570 1931 iniseriam
589 1890 669 1931 amati.
690 1891 765 1941 Saepe
782 1892 886 1932 occurrit
903 1892 945 1932 Dei

104 1973 114 1991 α
122 1956 208 1995 altered
229 1956 379 1995 we'emeta»
405 1954 578 2006 (misericordia
598 1956 622 1996 et
641 1955 735 2000 ueritas.
758 1955 856 1996 rectius:
882 1957 945 1997 beni-

101 2019 180 2069 gnitas
195 2019 219 2060 et
234 2020 346 2067 fidelitas,
363 2019 428 2059 Ημίαί
442 2021 494 2060 und
511 2019 605 2070 raama
621 2020 647 2060 Io
663 2022 681 2068 1,
699 2023 725 2061 14
740 2022 771 2061 ad
787 2020 851 2062 hunc
867 2021 945 2061 termi-

102 2093 161 2122 num
178 2082 273 2123 alludit.

171 2166 313 2209 Germanica
330 2168 396 2208 von:¹
409 2168 505 2218 pirardo,
524 2167 626 2216 Genucio,
646 2167 727 2207 Gnade
747 2168 787 2219 (cl.
806 2170 875 2217 nolte,
894 2170 944 2209 sicli

101 2228 194 2283 rteiqen,
215 2233 306 2284 uterer)
322 2244 424 2285 sensum
443 2233 466 2273 et
485 2232 642 2273 subiectivum
661 2233 684 2273 et
702 2233 845 2274 obiectivum
865 2234 943 2274 habet,

101 2298 175 2338 Valde
193 2297 307 2347 exprimit
323 2296 452 2347 gratuitam
470 2297 638 2336 demissionem
656 2297 784 2347 superioris
801 2298 832 2338 ad
850 2297 944 2338 inferio-

102 2373 152 2402 rem
177 2361 326 2402 immeritum
344 2361 368 2402 et
385 2361 454 2403 facile
473 2361 553 2403 innuit
577 2362 774 2402 condonationem
799 2363 882 2414 culpae
906 2363 944 2404 vel

97 2437 187 2477 poenae
203 2425 403 2477 (Bepnudipunp).

99 2551 122 2592 5.
159 2550 292 2592 Divisiones
307 2550 396 2601 gratiae
411 2551 551 2603 conceptum
567 2553 724 2604 theologicum
739 2554 874 2595 accuratius
887 2540 958 2594 enus*

100 2616 189 2656 cicant:

168 2699 202 2737 1.,
221 2696 302 2737 Gratia
316 2697 376 2737 dans
395 2697 610 2749 (subiectiralz
631 2699 699 2739 favor
714 2699 763 2739 sive
779 2698 943 2739 benevolentia

99 2761 172 2812 gratis
193 2759 279 2809 dantis,
300 2761 323 2802 et
342 2762 419 2813 gratia
437 2762 496 2803 data
517 2762 712 2814 (obiectivalz
735 2763 882 2803 beneficium
901 2773 942 2803 seu

98 2826 190 2879 donum
206 2825 279 2876 gratis
295 2826 386 2867 datum.

166 2909 188 2947 2.
220 2906 301 2962 Gratia
316 2907 419 2948 humana
434 2908 458 2948 et
473 2907 558 2949 divina.
