2214 3350
292 222 294 225 ·
352 207 429 244 Thesis
441 205 470 243 24.
485 205 625 250 Molinisnius
692 196 693 199 ¹
877 205 916 242 505

70 315 280 366 esseeiiecturam3
291 342 323 348 -
334 317 359 369 b)
373 316 438 356 Deus
449 285 512 364 hanc
524 314 612 354 aeriani
625 313 748 361 veritatem
761 297 815 356 iarn
823 314 904 366 insati'
919 349 921 353 ,

0 375 3 434 ’1
72 379 157 419 biiiter
173 379 289 430 naqadein
310 405 342 412 -
360 379 383 430 c)
401 379 465 418 Dens
480 377 557 418 sciens
573 376 700 427 volensque
717 377 781 429 hunc
799 377 912 418 eiiectnm

0 467 2 487 f
71 441 205 488 salutarem,
227 441 301 483 iibere
323 442 471 482 decernendo
492 439 564 481 telem
586 438 687 489 gretiam
702 440 746 480 hoc
762 435 805 481 'suo
820 440 916 480 decreto»

0 509 2 532 1
70 501 229 545 infrustrabili
242 503 409 556 interitionem
424 503 491 545 actus
505 502 615 543 salutaris
629 503 723 556 primus
738 504 911 543 determinavit.

0 564 2 616 [
70 569 130 618 Ergo
141 568 230 617 gratiae
244 568 384 609 molinistice
398 566 484 608 efficaci
498 577 580 606 revera
593 565 705 616 competit
717 565 858 606 antecedens
871 566 917 606 ille.

70 630 171 672 efficacia
185 630 273 681 triplici
287 631 402 672 elemento
417 629 598 671 infallibilitatis
612 627 733 679 insignita.

0 766 2 769 ’
70 762 124 802 638,
146 760 341 807 =e)lniallibilitas
354 760 467 798 obiectiva
476 761 501 796 ut
514 760 631 803 habeatur,
647 758 752 795 obiective
766 757 852 803 oportet
867 767 915 794 esse

70 813 218 849 infallibiliter
233 813 328 850 certum:
345 813 405 849 Haec
421 812 496 857 gratia
510 811 588 848 efficiet
603 819 741 847 consensum.
759 810 826 855 Atqui
841 810 865 846 id
881 809 914 845 est

71 864 176 900 obiective
189 864 338 906 infallibiliter
353 866 444 908 certum,
467 864 520 909 quia
543 863 663 908 antequam
684 862 762 899 iutura
786 860 919 898 exsistentia*

70 916 137 951 huius
149 915 235 960 gratiae
246 916 315 960 libero
327 917 366 952 Dei
379 916 465 952 decreto
479 914 670 958 determinaretur,
683 915 730 950 iam
743 913 848 950 obiective
860 921 914 949 vera

70 967 260 1012 infallibiliterque
279 968 339 1004 certa
357 968 405 1004 eret
422 967 543 1014 propositio
568 965 781 1003 condicionalis:
810 966 832 1003 Si
858 965 912 1001 haec

70 1019 144 1064 gratia
158 1020 254 1062 deretur,
266 1019 359 1055 illatura
373 1021 430 1055 esset
442 1027 580 1055 consensum.
595 1019 675 1055 Divino
690 1019 777 1054 decreto
791 1017 918 1063 aliquando

71 1071 139 1107 dandi
158 1071 251 1107 eandem
269 1072 366 1116 gratiam
383 1071 489 1116 impletur
507 1070 614 1114 condicio,
634 1070 771 1115 habeturque
790 1068 917 1116 propositio<

71 1122 196 1159 absoluta
218 1122 367 1159 infallibiliter
383 1124 461 1161 certa:
487 1123 547 1158 Haec
572 1123 645 1167 gratia
668 1122 747 1167 inferet
771 1129 910 1158 consensum.

69 1194 92 1200 υ
101 1174 122 1218 b)
138 1172 300 1219 cognosciiiva
310 1174 572 1219 infallibilitascompetit
583 1174 669 1218 gratiae
679 1173 812 1209 molinistice
823 1171 916 1214 efficaci„

50 1245 52 1251 ν
70 1226 135 1272 prout
151 1226 226 1261 subest
242 1226 351 1261 divinae
367 1225 509 1260 scientiae,
529 1225 589 1266 Quae
606 1233 652 1260 non
667 1225 738 1269 potest
755 1233 803 1260 esse
819 1224 913 1260 scientie

71 1277 205 1323 simplicis
220 1276 439 1321 intellegentiae,
456 1278 509 1322 quia
522 1277 577 1312 haec
593 1276 689 1312 ostendit
704 1276 770 1321 pinna
783 1276 917 1322 diversaque

70 1339 109 1376 pro
124 1329 226 1365 libertate
241 1329 329 1364 arbitrii
344 1329 413 1365 creati
427 1327 476 1364 fieri
490 1337 561 1374 posse,
578 1328 617 1364 sed
631 1337 677 1363 non
692 1328 802 1372 designat,
819 1328 873 1378 quid
889 1337 915 1363 ex

70 1382 130 1417 hisce
148 1381 292 1426 possibilibus
311 1381 455 1416 determinate
474 1380 605 1416 eventurum
623 1380 657 1415 sit.
675 1380 750 1425 Neque
769 1380 802 1415 est
821 1379 919 1415 scientia

71 1427 197 1475 visionis,
215 1433 269 1477 quia
285 1432 339 1468 haec
354 1431 570 1478 noncomplectitur
585 1431 630 1467 nisi
648 1431 768 1477 aliqnando
787 1431 918 1467 resistentia

71 1484 169 1529 nihilque
187 1483 308 1529 aliquando
324 1483 415 1528 exsistit,
434 1484 479 1519 nisi
495 1483 605 1528 quatenus
621 1483 679 1519 Deus
697 1483 744 1520 eius
763 1481 914 1520 'exsistentiam

71 1536 170 1572 absolute
182 1535 284 1579 decrevit,
298 1536 336 1572 sed
349 1545 408 1571 nunc
422 1535 537 1579 agiturne
552 1535 651 1579 scientia,
666 1545 722 1581 quae
737 1535 812 1572 divino
827 1536 918 1571 decreto-

73 1583 102 1623 'ta
118 1584 196 1623 debeat
211 1587 379 1634 praelucere,
396 1588 422 1622 ut
437 1587 541 1635 regimini
557 1588 635 1636 mundi
649 1587 764 1636 sapienter
778 1588 849 1632 possit
865 1597 913 1633 pro-

70 1639 151 1681 videre,
171 1647 231 1684 quae,
244 1639 336 1684 proinde
355 1648 401 1674 non
418 1639 524 1684 sequitur,
551 1640 589 1675 sed
614 1639 762 1675 antecedit
777 1639 914 1676 decretum

71 1692 126 1727 Dei.
145 1691 203 1736 Ergo
220 1691 253 1727 est
270 1691 363 1728 scientie
378 1691 466 1728 media
480 1693 506 1727 de
523 1690 599 1728 liberis
615 1691 774 1735 futurihilibus‚
793 1701 838 1737 qua
855 1693 919 1727 Deus·

71 1743 129 1778 certo
145 1743 257 1788 cognoscit
273 1743 331 1779 hanc
348 1743 445 1788 gratiam
462 1752 508 1779 esse
526 1742 604 1789 aptum
619 1744 717 1786 medium
734 1745 764 1780 ad
781 1752 914 1779 consensum

70 1794 254 1831 infrustrabiliter
268 1795 419 1837 obtinendum;
433 1804 489 1840 quae
504 1795 580 1830 divina
595 1795 688 1832 seientia
702 1804 771 1841 aeque
784 1797 817 1832 est
830 1795 913 1831 infal-

70 1845 158 1882 libilis
181 1847 247 1892 atque
264 1847 336 1882 oninis
351 1846 397 1882 alia
412 1848 453 1883 Dei
470 1847 571 1883 omniscii
588 1847 690 1892 cognitio.
713 1866 736 1874 -
759 1849 778 1894 c)
804 1846 916 1883 effectiva

70 1897 160 1934 tandein
173 1898 333 1934 infallibilitate
348 1898 421 1943 gratia
436 1898 510 1934 efficax
524 1897 652 1943 insignitur,
668 1899 733 1945 prout
748 1900 823 1935 subest
838 1900 914 1935 divino

71 1950 184 1992 decreto,
197 1950 255 1994 quod
267 1949 408 1996 praelucente
421 1950 515 1986 scientia
527 1951 601 1986 media
615 1951 689 1987 actum
702 1950 824 1988 salutarem
837 1961 913 1996 prae-

72 2001 180 2044 definit,
203 2002 249 2037 sive
269 1999 337 2047 prout
349 2002 379 2037 ad
394 2001 468 2037 actum
488 2002 610 2038 salutarem
632 2002 777 2039 obtinendum
792 2014 805 2039 a
820 2005 865 2039 Deo
881 2005 918 2039 est·

71 2052 170 2087 absolute
183 2052 253 2088 volita
266 2053 286 2088 et
300 2053 408 2088 ordinata.
423 2053 489 2098 Atqui
503 2054 522 2089 si
535 2054 600 2097 Dens,
616 2054 718 2089 benevole
732 2054 850 2090 intendens
864 2065 914 2090 con-

72 2112 162 2139 sensum
176 2104 280 2147 hominis,
295 2104 368 2149 seligit
383 2105 498 2148 auxilium,
515 2106 573 2150 quod
590 2105 682 2142 scientia
697 2106 772 2142 media
786 2106 920 2151 perhibetur

72 2156 152 2200 efficax,
163 2157 208 2193 tale
221 2158 332 2194 decretum
345 2158 434 2194 divinae
446 2158 566 2194 voluntatis
580 2160 612 2194 est
623 2168 715 2205 prorsus
727 2158 880 2196 infallibile
893 2161 914 2195 et

72 2210 278 2254 infrustrahile3
296 2220 349 2252 narn
364 2211 457 2247 scientia
468 2212 547 2248 ‘media
561 2213 639 2257 nequit
655 2212 704 2248 ialli
719 2214 740 2249 et
757 2214 921 2258 consequenter

72 2262 183 2299 decretum
197 2264 268 2300 eidem
281 2264 379 2301 innitens
392 2265 469 2310 nequit
479 2266 591 2301 frustrari.

72 2410 127 2453 639,
158 2388 214 2515 ΞΠ.Υ
234 2411 382 2477 Molinismns
410 2414 489 2455 servat
517 2424 598 2456 omnes
625 2413 739 2456 veritates
766 2414 790 2456 in
817 2415 862 2457 bae
889 2426 920 2456 re

73 2483 211 2516 servaras.

72 2626 114 2667 b'l'
142 2566 169 2669 ιζ
187 2567 270 2608 Servat
284 2567 394 2609 veritates
415 2567 488 2609 thesi
504 2572 531 2609 20
552 2536 668 2609 stabilitas
689 2569 712 2610 et
733 2568 807 2609 thesi
823 2571 850 2609 25
871 2555 922 2610 sca-i

89 2639 146 2669 rien
165 2641 211 2670 ase

142 2723 162 2760 l.
177 2719 260 2762 Gratia
275 2731 332 2774 pure
347 2720 471 2763 sufficiens
487 2724 525 2763 est
540 2732 594 2762 vere
610 2720 744 2771 suiiiotens;
761 2733 818 2764 narn
835 2735 922 2765 secun
948 2763 950 2767 ,

74 2782 131 2824 duni
145 2784 218 2825 totam
232 2797 299 2826 suam
313 2784 462 2826 entitatem
476 2787 511 2828 est
523 2786 648 2827 eiusdem
662 2786 786 2828 rectionis
799 2800 826 2829 ac
840 2788 922 2838 gratie.

73 2846 161 2897 efficex3
177 2850 313 2891 virtutem
329 2861 427 2901 prorsus
443 2850 604 2899 sufficientem,
622 2850 720 2893 tortasse
738 2853 862 2903 aequalem
878 2853 919 2894 rel

74 2911 145 2952 etiam
159 2914 275 2956 maiorem
289 2926 361 2965 quam
375 2914 452 2966 gratie
464 2915 544 2956 efficax
559 2915 657 2956 coniert.
671 2915 775 2967 Utraque
791 2917 867 2968 gnatia
882 2918 922 2958 est

74 2977 192 3018 auxilium
205 2979 383 3030 supernaturale
396 2980 512 3030 praebens
524 2980 586 3019 uires
599 2981 628 3020 ed
642 2980 721 3022 actum
735 2981 862 3023 salutarem
876 2981 922 3022 eli*
