2214 3350
152 180 189 216 loe
208 164 213 166 ⁰
310 149 366 215 Sect¹
379 179 402 214 V.
418 179 464 214 Art.
480 179 508 214 Π.
523 177 646 224 Explicatio
659 176 745 222 gratiae
759 175 852 212 efficacis
886 201 888 203 »

152 286 207 328 587.
243 286 274 328 11.
294 286 486 333 Ratio-ostendit
502 285 603 336 gretiam
621 283 753 326 themistice
772 283 927 325 sufficientem
943 295 997 324 non

151 361 211 394 esse
239 361 304 390 vere
334 350 532 391 sufficientem
559 349 583 389 et
609 347 722 397 effugia
749 348 1015 395 Bannezicnorumv

150 424 224 453 vene
238 424 287 454 esse
305 414 336 465 (v.
352 414 482 463 Linibourq
494 424 517 462 p.
533 413 574 468 498
582 411 623 462 ss).

221 508 241 544 i.
261 505 349 553 Gratia,
366 515 426 554 quse
443 504 474 543 ed
490 501 559 542 illurn
576 502 697 551 effectum,
716 501 812 552 propter
828 512 900 553 quem
918 501 996 551 detur,

83 583 84 586 ¹
151 574 206 608 colii
220 568 403 619 producendum
418 565 524 607 absolute
539 566 641 616 requirit
654 576 741 605 novam
757 565 860 616 pretium
876 577 890 606 s
907 575 931 606 se
947 576 1002 606 resa

151 631 206 672 liter
220 631 244 672 et
260 630 413 671 essentialiter
430 629 566 669 distinctum
584 635 654 679 utque
670 629 879 679 independentem,
898 628 951 679 ipse
968 640 997 669 ex

152 706 195 735 sue
206 694 292 735 nature
303 694 337 734 est
348 692 536 733 insufficiens
546 693 577 733 ed
589 692 691 733 eundem
704 691 817 733 effectum
828 692 995 734 obtinendum.

151 757 224 808 Atqui
236 756 292 797 telis
302 756 338 797 est
348 755 425 806 gratis
435 755 568 797 themistice
582 755 706 796 sufficiens.
720 781 751 786 —-
763 756 845 796 Gretic
857 756 922 797 enirn
935 755 996 796 suffi-

152 821 216 860 ciens
230 831 277 860 ncn
292 819 369 867 datur,
385 819 412 860 ut
423 819 496 859 homo
509 818 607 858 ornetur
621 815 701 868 alicua
719 819 859 869 «potentin»
875 818 900 859 in
916 819 995 859 ectum

151 894 198 923 non
214 882 347 931 seducibili,
365 883 405 923 sed
420 883 448 923 ut
463 888 528 921 octus
544 881 656 921 saluteris
670 892 753 922 revera
768 882 864 932 abipso
879 882 994 933 praestari

150 945 230 996 possit.
245 946 305 985 Nem
319 946 381 985 Deus
396 945 460 984 lirino
473 951 552 985 ocium
564 945 669 995 postulat
682 945 711 993 et,
726 945 744 984 si
759 954 807 986 non
820 945 856 994 fit,
873 945 997 986 hominem

148 1008 227 1059 punit.
243 1009 304 1058 Ergo
319 1008 396 1059 gretie
409 1007 526 1048 sufficiens
541 1006 611 1049 dehet
625 1007 736 1057 sufficere,
752 1008 780 1049 ut
792 1008 859 1049 sotus
872 1007 923 1048 fiet.

149 1138 204 1180 588.
241 1137 344 1184 Effugia:
374 1140 395 1185 a)
413 1140 467 1174 Vox
485 1139 669 1174 «sufficiens»
687 1138 722 1174 hic
739 1147 784 1174 non
801 1139 896 1174 sumitur
914 1138 996 1174 sensu

148 1190 349 1235 grammaticali
366 1191 395 1236 (=
410 1190 515 1236 possibile
528 1191 623 1226 reddens
640 1190 663 1228 τὸ
673 1191 754 1237 agere),
770 1191 809 1226 sed
823 1200 891 1226 sensu
903 1190 995 1236 speciali

148 1241 302 1286 theologico
322 1242 350 1287 (=
371 1242 427 1277 dans
446 1241 470 1280 τὸ
486 1243 565 1288 posse).
584 1261 609 1267 -
623 1242 702 1287 Resp.
720 1242 824 1278 Potentia
841 1251 887 1278 non
904 1243 995 1289 propter

150 1303 173 1330 se
188 1294 263 1339 ipsam
278 1294 351 1335 datur,
369 1295 408 1329 sed
422 1296 512 1339 propter
528 1296 608 1330 actum.
627 1294 660 1330 Ea
675 1294 780 1340 potentia,
799 1296 835 1329 cui
852 1295 915 1330 acius
931 1303 994 1339 repu-

148 1345 209 1390 gnat,
224 1354 270 1380 non
282 1346 315 1380 est
327 1345 427 1391 potentia
439 1346 543 1391 perfecta,
557 1346 672 1392 completa
680 1347 700 1382 et
712 1346 818 1391 expedita.
834 1346 897 1382 Vires
911 1346 994 1382 dantur

148 1398 265 1439 voluntati,
278 1394 360 1433 ncn'ut
372 1407 409 1434 ees
422 1399 510 1442 haheat,
524 1398 562 1434 sed
574 1399 600 1434 ut
611 1399 640 1434 iis
651 1397 737 1444 uictum⁴
748 1407 801 1433 nam
813 1399 871 1434 Deus
886 1398 953 1442 cripit
965 1399 993 1433 ab

148 1450 244 1491 homine,
259 1459 306 1485 non
317 1451 342 1485 ut
356 1450 437 1486 habeat
451 1451 509 1485 vires
523 1449 662 1494 sufficientes,
679 1450 755 1486 sedni
769 1449 804 1485 his
818 1450 904 1485 viribus
918 1451 994 1485 actum

148 1501 227 1545 eliciet,
242 1503 314 1544 Quare
327 1514 337 1534 α
345 1503 445 1546 potentio
453 1514 463 1534 »
475 1502 508 1537 est
518 1503 594 1537 inanis
605 1511 653 1545 vox,
666 1502 710 1537 nisi
720 1502 758 1537 det
770 1502 941 1547 possibilitatem
952 1502 993 1537 hoc

148 1562 221 1595 sensu,
233 1553 258 1588 ut
270 1553 333 1597 actus
344 1552 392 1589 fieri
403 1554 480 1599 possin
492 1554 526 1589 vel
538 1553 618 1600 saltem
629 1563 674 1588 nen
685 1554 718 1589 est
729 1554 874 1598 completores
885 1553 991 1598 potentia,

148 1615 192 1650 qua
202 1615 248 1641 non
258 1607 330 1652 potest
342 1607 404 1642 nctus
414 1605 464 1641 fieri
475 1605 519 1641 nisi
530 1605 605 1641 addito
618 1605 692 1651 aliquo
704 1606 754 1642 alio.
767 1606 792 1643 ¹Si
803 1605 916 1649 theologia
924 1605 993 1641 talem

146 1658 270 1704 potentiam
282 1659 370 1693 vocaret
384 1657 617 1700 «sufficientem»,
632 1659 707 1693 sensui
721 1658 832 1693 communi
846 1657 955 1693 illuderet.
970 1676 993 1683 —-

146 1710 168 1755 h)
182 1710 257 1745 Etiam
270 1710 344 1754 gratia
356 1708 481 1745 thomistfce
492 1708 603 1745 sufficiens
623 1708 805 1753 dataliquem
825 1708 923 1751 actum,
944 1709 990 1745 scil.

146 1761 196 1807 pias
212 1761 357 1806 cogitationes
373 1762 394 1797 et
409 1761 544 1806 affectiones
561 1761 625 1797 actus
640 1760 839 1797 indeliberatos
856 1762 880 1796 et
896 1761 992 1806 imper-

147 1813 242 1849 fectos.
259 1832 283 1838 -
297 1813 375 1858 Resp.
393 1815 436 1849 Per
452 1814 494 1849 hoc
510 1822 555 1848 non
571 1814 604 1848 est
620 1813 734 1858 sufficiens
751 1813 796 1848 nisi
813 1813 842 1848 ad
856 1813 911 1849 istos
929 1814 991 1848 ocius

147 1867 293 1910 imperfectos.
315 1866 391 1902 Talem
410 1866 508 1909 gratiam
529 1873 659 1910 «parvam»
681 1864 854 1901 Iansenistae
875 1865 991 1907 sincerius,

146 1918 184 1953 sed
198 1918 309 1953 haeretice
323 1918 402 1953 vocant
415 1917 635 1962 «insufficientem».
651 1917 730 1962 Agitur
745 1917 804 1953 enirn
819 1917 845 1952 de
859 1915 993 1952 sufficientia

147 1970 176 2005 ad
192 1969 267 2004 actum
289 1979 350 2005 vere
373 1969 532 2005 salutarem.
556 1988 580 1994 —
601 1970 620 2016 c)
639 1970 662 2005 Si
679 1978 729 2004 cum
746 1970 819 2005 Baiter
836 1968 961 2013 potentia
978 1977 993 2003 a

146 2022 220 2065 gratia
236 2020 356 2056 sufficiente
371 2020 453 2057 collata
468 2029 507 2066 per
522 2021 620 2065 gratiam
633 2019 742 2056 efficacem
757 2020 886 2066 compleri
902 2020 990 2062 dicitur,

146 2074 274 2109 immediate
287 2074 405 2109 hahemus:
424 2073 477 2110 Sola
490 2074 564 2117 gratia
577 2072 688 2109 sufficiens
703 2082 748 2108 non
761 2074 800 2108 dat
813 2073 904 2118 plenam
917 2073 992 2118 poten-

146 2126 202 2160 tiam
217 2126 262 2160 sive
278 2134 323 2159 non
339 2127 372 2160 est
388 2125 452 2169 piene
469 2125 590 2169 sufficiens.
607 2144 631 2151 „-
646 2125 670 2161 Si
683 2125 781 2160 iuniores
798 2125 925 2161 Thomistae
943 2134 991 2160 con-

146 2177 241 2212 tendunt
259 2176 356 2221 gratiam
374 2175 484 2212 efficacem
500 2185 545 2211 non
563 2176 658 2212 ulterius
676 2176 785 2221 complere
803 2176 932 2222 potentiam,
952 2176 991 2212 sed

146 2239 271 2275 supponere
287 2230 333 2264 iam
349 2228 472 2275 potentiam
488 2237 527 2273 per
543 2228 641 2271 gratiam
663 2227 807 2264 sufficientem
828 2228 919 2264 omnino
935 2237 991 2263 corn-

145 2281 236 2327 pletam,
251 2290 318 2325 quam
331 2280 356 2315 in
369 2280 444 2315 actum
456 2280 555 2323 reducat,
571 2279 637 2324 atque
650 2280 681 2315 sic
694 2288 740 2315 non
754 2281 782 2316 ad
797 2280 871 2316 actum
885 2280 989 2326 primum,

145 2335 184 2371 sed
200 2335 233 2371 ad
250 2334 336 2370 solum
354 2334 442 2369 actum
460 2334 606 2369 secundum
624 2333 757 2378 spectare,
777 2333 882 2371 dicimus:
904 2333 992 2369 Themi-

145 2386 198 2427 stae,
215 2386 234 2420 si
249 2386 296 2421 suis
311 2386 412 2421 constare
426 2384 543 2431 principiis
558 2386 579 2420 et
594 2394 635 2430 ope
650 2384 769 2420 eorundem
783 2384 893 2431 triplicem
907 2385 991 2421 infalli-

144 2438 193 2474 bilit
209 2439 254 2473 teni
267 2447 317 2474 vere
332 2437 442 2483 explicare
456 2436 582 2480 intendunt,
597 2446 642 2472 non
657 2437 750 2482 possunt
764 2445 847 2480 negare
861 2446 927 2472 suam
941 2446 990 2482 gra-

144 2490 200 2525 tiam
213 2488 323 2525 efficecem
335 2498 383 2524 esse
395 2497 505 2524 causam
519 2488 687 2524 efficientem
700 2488 762 2524 actus
776 2488 883 2525 salutaris
896 2489 990 2533 ideoque

144 2541 244 2576 natura
257 2541 351 2577 eundem
363 2540 535 2587 praecedere.
551 2540 617 2585 Atqui
630 2550 699 2576 causa
712 2540 807 2577 efficiens
822 2541 885 2577 ectus
898 2540 990 2576 secundi

144 2594 270 2630 necessarie
284 2593 452 2639 praerequisita,
467 2593 492 2628 ui
505 2593 546 2628 iste
559 2592 605 2635 fiat,
619 2593 693 2638 aliquo
706 2603 757 2629 vero
771 2602 839 2630 sensu
852 2594 990 2629 uoluntatem

144 2646 217 2681 reddit
232 2647 343 2690 potentem
358 2646 421 2681 edere
438 2644 513 2681 actum
528 2645 574 2680 sive
589 2646 609 2680 ei
624 2644 662 2681 dot
677 2645 767 2691 aliquod
782 2654 846 2689 posse
861 2654 929 2690 quam
943 2654 990 2681 ma·

143 2697 201 2732 xime
212 2697 369 2741 necessarium,
381 2706 446 2743 posse
458 2696 541 2732 scilicet
552 2697 686 2741 coniungere
697 2697 772 2733 actum
782 2706 832 2732 cum
843 2707 870 2733 ea
881 2696 987 2742 potentia,

144 2759 200 2794 quae
213 2750 259 2785 iam
273 2750 340 2785 antea
352 2749 502 2795 pergratiam
515 2747 660 2785 sufficientem
673 2750 756 2785 aderat.
771 2749 831 2785 Haec
844 2750 914 2793 igitur
928 2750 990 2796 prior
1010 2746 1011 2749 ’

143 2802 243 2846 potentia
255 2810 301 2836 non
314 2803 347 2836 esi
359 2801 474 2846 sufficiens
488 2801 517 2836 ad
530 2801 610 2843 actum,
623 2803 661 2837 sed
674 2801 776 2838 absoluta
788 2802 920 2838 necessitate
934 2811 990 2837 com-

143 2853 226 2898 plectio
244 2854 282 2889 est.
301 2872 325 2878 —-
342 2853 364 2899 d)
384 2852 595 2889 insufficientia
611 2853 697 2898 gratiae
715 2853 840 2889 thomistice
859 2852 989 2889 sufficientis

144 2905 225 2950 optime
239 2904 401 2940 illustretur
416 2904 546 2950 exemplis
561 2907 589 2941 ab
604 2905 659 2951 ipsis
675 2906 750 2941 afferri
766 2905 837 2941 solitis
854 2907 880 2952 (v,
895 2907 914 2942 P
929 2904 986 2951 238lz

89 2970 92 2974 ⁴
143 2957 212 2992 Panis
230 2957 262 2992 est
278 2956 388 2992 sufficiens
405 2957 435 2992 ad
451 2956 641 2992 conservationem
657 2957 716 2993 vitae
732 2966 817 3002 perse,
835 2958 848 2993 i.
868 2967 885 2993 e.
905 2958 990 2994 abstra-
