2214 3350
159 164 195 209 456,
261 133 263 135 .
317 164 371 209 Seri
387 164 410 206 V,
425 162 471 207 Art
486 163 515 207 ΙΙ,
530 141 752 210 00110οο0000
765 137 873 211 elisaee

97 321 99 324 a
158 272 200 320 Est
212 271 310 320 motio,
324 272 382 323 eote
394 272 459 324 neus
471 283 514 323 rer
526 271 817 323 controversatum
830 272 862 320 ecl
876 270 1005 322 recedunt

158 335 311 385 praenotio,
328 335 392 386 quta,
408 335 464 384 licet
477 346 525 383 non
540 335 652 386 100οο0,
669 334 749 384 umen
764 341 858 384 natura,
875 335 926 383 scil
942 335 1006 385 orii

158 408 189 437 ne
202 398 374 449 dependentiae
386 405 409 447 et
421 399 566 448 0005011005
580 398 713 450 efficientis,
726 398 793 450 prior
805 398 841 440 est
853 408 928 450 quam
938 398 1005 446 aetus

160 462 279 510 secundus
293 461 343 512 sive
358 461 438 513 ipsum
451 461 579 509 activitatis
593 461 732 511 exercitium
747 473 777 503 ex
792 462 860 512 parte
875 461 1005 511 ereaturam
1056 495 1057 498 ,

159 524 289 576 physice,
312 536 361 573 non
382 525 488 574 moralis,
504 524 562 575 quia
577 534 625 573 nou
640 525 719 574 movet
739 525 861 578 obierim,
885 523 1005 574 mediante

159 588 301 639 bannitione,
313 600 374 640 quae
385 588 501 639 voluntati
514 587 630 636 rationem
642 588 698 636 boni
710 584 829 639 proponit,
843 599 920 639 neque
932 588 1005 639 inspi,

159 652 235 697 rando
251 651 368 700 voluntati
391 651 544 702 affectionem
564 650 754 700 indeliberatum,
776 662 837 701 quae
853 652 885 701 ad
895 651 1005 700 liberum

160 725 302 762 eonsensum
315 714 396 763 allicit,
411 714 452 763 sed
466 713 595 763 subiectioe
608 714 631 761 et
644 714 768 764 tamquam
782 726 853 762 eausa
865 716 966 766 pbpsiea
979 714 1005 762 in

159 777 299 827 facultatem
310 777 470 829 quiescentem
484 776 650 828 introituque
664 778 764 826 eandem
778 779 822 825 hoe
835 777 933 827 influxu
947 778 1005 829 ehr-

160 840 207 888 sioo
219 840 324 899 applicat
337 841 368 889 ad
381 840 526 889 eliciendum
540 840 627 886 actum.
642 842 712 889 Recte
726 840 799 888 ellam
813 840 911 897 roratur
925 852 1005 893 prae÷
1057 844 1060 848 ”

159 903 375 953 determinatio,
388 904 446 955 quia
457 915 506 944 non
518 915 577 956 cape
589 910 612 944 et
623 904 790 956 indifferenter
803 904 906 956 impellit
918 906 951 954 ad
960 905 1005 953 hee

158 966 196 1008 vel
211 966 273 1007 illud
288 966 432 1015 taciendam,
448 968 489 1007 sed
504 966 573 1008 unice
588 968 667 1009 movet
680 968 715 1008 ad·
726 967 797 1017 illum
812 975 893 1008 actum
907 970 1005 1009 omnino

159 1030 352 1079 determinatum,
370 1030 401 1070 ad
414 1041 486 1081 quem
501 1029 566 1075 Deus
581 1021 713 1071 ereaturam
729 1041 824 1072 movere
841 1031 952 1077 decrevit.
970 1031 1005 1073 ns
1041 1085 1043 1088 Α

158 1103 197 1141 res
209 1104 234 1134 se
247 1093 335 1141 habere
348 1092 497 1143 dicitur-non
511 1092 596 1143 solum,
612 1093 708 1144 quando
721 1095 829 1142 creatura
843 1094 1005 1143 necessario

159 1155 215 1207 agit,
233 1156 249 1202 i.
264 1167 284 1205 0.
302 1156 398 1208 quando
413 1167 443 1198 ex
458 1168 508 1202 sese
523 1158 554 1203 ad
569 1168 646 1204 unum
661 1157 775 1204 eiieoium
791 1157 1003 1207 determinantem,
1069 1169 1070 1172 ’
1096 1169 1098 1171 ·

160 1219 296 1269 sedetiam,
311 1219 411 1271 quando>
423 1219 514 1268 libere
529 1231 600 1261 suum
615 1219 694 1269 aetum
709 1220 780 1271 elicit,
797 1221 812 1261 i.
829 1233 849 1262 e.
865 1222 1005 1272 quandoed

160 1283 243 1335 plures
256 1284 356 1325 effecius
369 1284 512 1336 indifferens
527 1284 562 1326 est
576 1285 599 1328 et
612 1285 642 1325 ed
657 1295 733 1325 unum
748 1296 773 1329 se
786 1285 839 1335 ipsa
854 1285 1003 1334 determinat¹>

160 1347 222 1387 Nam
235 1358 284 1387 non
299 1348 368 1388 aliter
384 1358 434 1388 sese
450 1348 480 1388 ad
497 1358 574 1388 unum
591 1347 748 1393 determinare
766 1346 861 1396 dieitur,
879 1347 926 1389 nisi
943 1348 1005 1399 post

159 1421 233 1460 quem
248 1410 272 1456 et
285 1410 357 1461 prout
369 1423 382 1451 a
396 1412 446 1453 Deo
459 1411 674 1462 praedeterminata
688 1410 730 1451 051.
747 1411 1005 1452 Praedeterminatioue

160 1472 242 1519 divina
254 1484 302 1513 non
313 1484 423 1514 concessa
434 1473 595 1524 metapbnsrce
607 1480 724 1525 repupnat
735 1474 869 1515 ereaturam
881 1475 912 1515 ad
925 1474 1005 1515 aetum

159 1538 294 1588 procedere3
312 1536 387 1578 stante
403 1548 459 1586 vero
476 1537 559 1585 eadem
575 1536 829 1588 praedeterminatione
843 1538 1004 1589 metaphysiee

159 1600 277 1651 repugnat
298 1611 347 1640 non
369 1600 426 1650 poni
448 1599 486 1641 vel
509 1600 584 1649 aliter,
601 1612 674 1652 quam
690 1600 929 1652 praedeterminatur‚
948 1600 1004 1651 poni

159 1663 247 1704 aetum.
272 1688 304 1694 -
328 1662 485 1714 Distinguunt
508 1663 788 1714 praedeterminationem
813 1663 1004 1707 extrinsecam

161 1726 304 1778 (formalem,
325 1726 445 1778 idealem),
465 1718 526 1778 quae
551 1725 630 1777 potius
651 1726 749 1768 vocatur
772 1728 957 1779 praedestinatio
982 1727 1006 1769 01

158 1789 327 1840 praedefinitio
344 1789 425 1840 estque
443 1789 567 1831 aeternum
584 1790 627 1838 Dei
646 1790 774 1839 decretum,
792 1801 839 1841 quo
857 1789 964 1831 absolute
982 1790 1006 1831 et

159 1852 325 1893 antecedenter
341 1853 372 1904 ad
389 1863 486 1893 omnem
504 1852 637 1904 praevisam
655 1853 844 1904 cooperationem
864 1853 1005 1894 determina-

159 1917 212 1958 tum
226 1917 306 1958 aetum
321 1929 336 1957 e
350 1917 459 1957 ereatura
472 1916 577 1967 positum
590 1916 620 1957 iri
634 1916 699 1958 Deus
712 1917 742 1958 ab
758 1915 854 1957 aeterno
869 1916 952 1958 statuit
967 1916 1005 1968 (de

159 1992 206 2032 qua
219 1980 290 2031 plura
303 1979 412 2021 dicentur
424 1990 448 2020 n.
462 1980 551 2031 64655),
566 1979 590 2021 01
602 1979 789 2021 intrinsecam
805 1978 941 2032 (causalem,
956 1989 1005 2032 rea

158 2043 225 2095 lem),
242 2044 271 2084 de
286 2055 334 2094 qua
350 2042 400 2084 sola
415 2044 479 2083 nunc
494 2043 580 2094 agitur.
598 2043 660 2085 Haeo
674 2044 709 2085 est
723 2044 793 2095 quasi
807 2043 1003 2092 instrumentum,

159 2118 206 2158 quo
229 2107 293 2147 Deus
315 2105 466 2157 omnipotens
487 2117 558 2158 suum
581 2107 701 2148 decretum
717 2106 842 2147 aeternum
858 2106 883 2146 in
899 2106 1004 2155 tempore

159 2171 321 2212 infallibiliter
347 2170 371 2211 et
398 2169 599 2210 indeclinabiliter
627 2170 770 2220 exsequitur,
799 2167 952 2219 consistimus
978 2169 1005 2209 in

159 2234 238 2275 creata
250 2233 354 2285 petitote,
368 2244 382 2273 a
395 2232 445 2273 5010
457 2233 505 2273 Deo
519 2232 544 2272 in
557 2231 643 2273 virtute
657 2232 733 2273 activa
746 2231 867 2277 creaturae
881 2232 1003 2284 producta,

159 2308 203 2348 per
219 2308 293 2348 quam
310 2296 340 2337 ad
358 2295 437 2337 aetum
456 2295 588 2342 seeundum
605 2296 701 2348 physice
718 2296 741 2338 et
758 2295 882 2338 efficaciter
898 2307 1005 2348 praemo-

159 2360 229 2401 vetur
246 2360 284 2411 (oi.
301 2370 324 2399 n.
341 2359 399 2410 519).

159 2492 214 2535 581.
250 2493 274 2544 b)
294 2494 361 2541 Hanc
378 2490 511 2540 doctrinam
529 2501 658 2538 concursus
675 2490 769 2547 praevii
791 2491 814 2532 et
837 2489 1005 2541 praedetermi-

158 2556 239 2601 nantis
250 2557 275 2596 in
283 2556 397 2603 omnibus
407 2554 517 2600 omnium
529 2553 691 2604 creaturarum
702 2553 881 2606 operationibus
892 2553 1005 2605 insignio-

158 2631 197 2660 res
214 2619 350 2666 Themistae
365 2618 507 2659 ultimorum
524 2618 672 2666 saeculorum
690 2618 749 2659 iere
766 2628 864 2658 omnes
881 2617 1004 2668 tamquam

158 2682 322 2735 philosophice
340 2688 429 2722 certa-m
447 2682 484 2729 vel
501 2682 586 2730 saltem
601 2681 788 2732 probabiliorem
807 2680 922 2730 statuunt3
947 2692 1005 2722 000-

159 2745 221 2794 00111
236 2745 316 2786 tamen
331 2743 611 2796 praedeterminetionem
625 2745 656 2785 ad
671 2744 738 2786 sotus
752 2744 890 2796 inhonestas
903 2743 1006 2784 reiciunt

161 2811 192 2862 (v.
210 2811 229 2851 P
245 2810 304 2860 268).
326 2810 354 2849 ln
377 2809 514 2860 quaestione
536 2808 615 2850 autem
638 2809 770 2861 thealopica
792 2807 883 2858 gratiae
905 2808 1005 2850 efficacis

158 2884 257 2915 omnes
275 2874 421 2914 Benneziani
441 2873 544 2925 gratiam
563 2873 659 2924 physice
678 2872 936 2924 praedeterminantem
956 2883 1005 2913 non

160 2939 237 2980 solum
246 2938 274 2980 01
283 2937 425 2979 naturaliter
434 2938 523 2979 certam
533 2938 570 2979 vel
581 2938 774 2989 probabiliorem,
787 2938 828 2978 sed
839 2938 866 2978 ut
877 2937 1006 2978 conclusio-
