2214 3350
198 247 235 284 soe
332 224 334 227 ’
357 247 411 283 sect.
426 247 450 282 y.
465 246 510 282 Art.
527 248 553 283 11.
569 233 692 293 explicabo
704 243 897 290 gratiae-efficacis

182 355 301 398 vritionem
319 355 437 400 supponat.
458 354 614 392 Futuribilitas
630 352 800 400 possibilitatem
820 353 909 398 quidem
928 352 1039 399 supponit,

197 406 392 452 sednequaquam
406 406 566 442 interitionem.
581 406 641 442 Haec
655 404 736 440 ultima
750 403 825 440 autem
838 402 889 440 illas
904 404 1041 449 ambasiam
1092 423 1093 426 =

197 457 363 503 praesupponit.
380 457 439 502 Ergo
453 456 575 493 secundum
588 457 647 491 hunc
662 455 762 490 ordinem
777 452 911 490 obiectorum
925 455 970 491 tres
984 454 1040 490 istas

197 508 237 544 Dei
253 509 358 544 scientias
374 509 444 554 logice
461 508 565 544 ordinare
581 507 690 543 debemus,

259 577 356 613 scientia
374 577 449 613 media
470 586 522 612 non
545 575 641 622 pertinet
660 575 689 610 ad
708 574 824 610 scientiam
849 574 889 610 Dei
913 574 1038 616 liberam
1105 575 1107 606 ζ

195 628 351 665 antecedenter
368 629 428 664 enim
445 629 474 664 ad
491 637 554 663 omne
571 627 683 663 decretum
699 626 739 663 Dei
755 626 856 669 habetur,
873 626 894 661 et
911 625 1036 669 haberetur,
1105 624 1107 659 ῗ

196 680 248 717 licet
264 682 324 717 Deus
340 681 397 716 nihil
414 689 513 724 unquam
530 679 620 714 crearet.
640 678 682 714 Sed
699 687 783 723 neque
801 677 890 714 eodem
908 685 989 714 sensu
1006 678 1039 714 est
1105 695 1107 697 ν

195 732 290 768 scientia
314 732 472 770 necessaria
495 730 560 776 atque
586 729 679 766 scientia
704 729 852 776 possibilium
876 738 930 765 nem
948 738 994 765 non
1011 737 1038 765 ex
1105 742 1107 745 ·

194 783 330 820 immutabili
341 792 416 819 rerum
428 783 524 818 essentia
535 781 633 829 profluit,
647 783 686 818 sed
698 792 724 818 ex
735 780 806 819 libera
817 780 938 817 voluntatis
950 781 1037 817 creatae
1104 802 1107 826 3,

188 831 379 871 'determinatione
395 835 547 871 condicionate
565 835 648 870 futura.
665 833 862 878 contingenter
878 833 948 878 igitur
965 833 1039 869 estin
1103 842 1107 883 ζ

193 888 239 922 Deo
251 888 296 922 sive
308 886 382 932 posset
395 895 442 922 esse
456 886 507 922 alia.
519 885 544 923 'Si
557 887 617 921 enim
628 886 709 921 Petrus
723 887 764 923 sub
776 886 821 921 ista
833 885 907 930 gratia
921 894 967 921 non
979 885 1036 921 esset
1103 881 1107 908 0³

194 947 349 980 consensurus,
366 938 405 973 sed
418 938 492 984 potius
506 937 654 980 dissensurus,
670 937 695 973 id
709 939 768 983 quod
781 938 871 972 omnino
885 937 990 982 possibile
1004 936 1037 972 est
1102 933 1107 981 ζ

194 990 215 1025 et
230 999 244 1025 a
258 989 321 1025 nulla
334 989 381 1025 alia
395 998 464 1026 eausa
477 989 521 1025 nisi
536 991 564 1026 ab
579 989 627 1026 eius
640 988 710 1025 libero
725 989 817 1025 arbitrio
831 989 918 1034 pendet,
935 991 993 1025 Deus
1008 989 1036 1025 ab
1102 1002 1107 1031 31

183 1041 289 1083 aeterno,
306 1050 351 1076 non
367 1042 433 1087 prout
450 1050 509 1077 nunc
525 1050 560 1077 res
577 1050 600 1077 se
616 1041 689 1083 habet,
707 1041 846 1077 interibilem
862 1041 1033 1082 conversionem,

191 1090 231 1129 'sed
245 1093 334 1129 econtra
348 1094 566 1129 non-conversionem
582 1093 644 1129 Petri
658 1094 683 1129 ut
696 1094 737 1129 sub
753 1093 829 1129 eadem
844 1093 918 1138 gratia
933 1092 1035 1129 luturibi·

191 1145 236 1180 lem
251 1144 345 1180 scientia
358 1145 433 1180 media
447 1145 648 1190 praecognosceret.
665 1164 689 1170 ψ
703 1144 772 1180 Varia
787 1153 894 1189 responsa
909 1144 1035 1181 Molinistae

191 1197 247 1231 dant
261 1196 382 1241 quaerenti,
396 1197 425 1232 in
437 1206 552 1241 quonam
564 1197 650 1233 medio
662 1198 722 1233 Deus
735 1197 805 1233 libera
818 1195 944 1233 iuturibilia
957 1204 1035 1241 cogno-

192 1248 245 1283 scat.
267 1248 309 1284 Sed
326 1247 381 1284 baec
398 1248 498 1293 quaestio
517 1248 625 1284 exclusive
644 1248 739 1294 pertinet
758 1250 787 1284 ad
805 1248 926 1284 tractatum
945 1249 971 1285 de
990 1249 1034 1284 Dec

190 1301 246 1335 Uno.
265 1301 329 1335 Nunc
348 1300 405 1335 nihil
424 1300 487 1335 aliud
504 1300 650 1346 supponimus
668 1300 713 1336 nisi
730 1301 756 1335 in
774 1301 849 1336 eodem
867 1301 966 1337 tractatu
983 1309 1033 1336 cum

190 1352 322 1399 certitudine
344 1352 446 1397 probari:
472 1354 530 1388 Deus
553 1352 646 1388 scientia
661 1353 736 1388 media
752 1352 900 1388 infallibiliter
921 1351 1033 1397 cognoscit

191 1403 268 1438 omnia
282 1402 352 1439 libera
366 1403 519 1439 condicionate
534 1403 612 1440 futura
629 1406 654 1450 (P
668 1405 690 1439 II
706 1413 738 1449 pr.
757 1403 781 1441 32
795 1403 879 1451 37-39).

190 1507 245 1547 632.
282 1507 337 1557 Ope
355 1507 429 1557 igitur
445 1506 517 1547 buius
535 1505 629 1548 divinae
647 1506 786 1548 scientiae
802 1507 911 1548 mediae
930 1506 1033 1562 dicimus

189 1568 355 1609 Molinismum
374 1569 448 1610 recte
467 1568 612 1620 explicare
629 1569 756 1611 efficaciam
774 1569 871 1621 gratiam
890 1570 906 1610 i.
926 1581 945 1611 e.
964 1568 1032 1610 Moli·

188 1632 282 1671 nismus
303 1643 360 1683 prae
384 1628 469 1673 ceteris
491 1631 624 1683 systematis
638 1634 687 1673 iam
704 1632 826 1683 tamquam
850 1632 918 1673 talsis
940 1632 1032 1673 reiectis

119 1712 121 1714 >
187 1705 271 1735 revera
284 1694 387 1744 explicat
401 1695 519 1745 triplicem
535 1694 602 1735 illam
617 1694 813 1737 infallibilitatem
828 1696 917 1746 gratiae
933 1694 1031 1736 efficacis

187 1768 264 1807 Ile<lue
279 1756 382 1798 offendit
398 1757 479 1798 contra
497 1757 571 1798 ullam
588 1757 661 1799 aliam
676 1756 800 1798 veritatem
817 1757 876 1799 fidei
893 1757 1031 1799 strationis

187 1831 214 1860 ³⁰
230 1819 351 1870 imprimis
366 1820 448 1869 salvat,
464 1831 524 1871 quae
540 1819 627 1861 salvari
644 1820 729 1862 dehere
746 1820 805 1861 thesi
822 1824 849 1862 20
864 1821 888 1862 et
903 1824 929 1862 21
946 1822 1029 1872 proba·

186 1883 267 1922 vimus
285 1882 308 1923 et
326 1883 356 1922 ab
381 1882 435 1923 aliis
461 1883 594 1934 systematis
617 1895 646 1924 ex
670 1884 737 1934 parte
755 1884 818 1925 laedi
838 1883 898 1925 thesi
917 1887 944 1925 22
961 1885 984 1925 et
1002 1886 1040 1927 23χ

185 1944 340 1985 ostendimus¹
1104 1954 1106 1957 ‘

186 2058 240 2099 633.
277 2061 297 2098 3.
315 2058 451 2100 Adversarii
466 2061 521 2100 sunt
536 2060 630 2109 patroni
648 2059 802 2110 systematum
820 2061 967 2110 relectorum,
985 2061 1028 2100 im·

185 2121 272 2171 primis
292 2122 479 2170 Banneziani‚
502 2122 543 2172 qui
565 2122 688 2163 scientiam
709 2123 814 2163 mediam
834 2124 879 2163 Det
898 2130 986 2175 nepum
1005 2123 1028 2164 et

184 2185 302 2232 veritates,
314 2197 375 2236 quae
388 2197 443 2225 cum
456 2185 516 2226 thesi
528 2189 554 2226 21
568 2178 701 2234 cohaerent,
715 2198 731 2226 a
743 2186 871 2227 Molinistis
882 2187 948 2227 haud
962 2198 1027 2228 secus

184 2247 255 2298 atcue
270 2260 284 2288 a
298 2247 495 2298 semipelayianis
509 2246 571 2287 laedi
586 2246 739 2288 contendunt.

253 2329 274 2368 4.
292 2326 452 2377 Qualiiicatio.
470 2327 561 2376 Certe,
580 2327 613 2369 ite
628 2328 655 2368 ut
670 2328 724 2368 aliis
740 2328 873 2378 systematis
888 2339 936 2369 non
953 2340 1026 2369 reme·

183 2391 239 2432 neat
257 2390 302 2430 nisi
322 2390 479 2441 probabilitas
497 2401 562 2431 mere
579 2390 677 2431 externa
695 2392 725 2433 ob
746 2390 908 2433 auctoritatem
928 2402 1025 2433 suorum

183 2454 327 2495 asseclarum
342 2452 365 2494 et
379 2453 388 2494 t
402 2453 528 2493 lerantiam
542 2452 666 2494 Ecclesiae.

150 2582 151 2585 ’
182 2576 236 2619 634ῤ
280 2577 368 2623 Proh,
393 2578 523 2628 Explicetio
549 2578 692 2619 molinistica
715 2579 832 2620 censenda
856 2580 902 2621 erit
924 2590 979 2620 vera
1003 2579 1026 2620 et

183 2643 252 2688 certa,
276 2641 295 2680 si
316 2642 335 2681 Ι0
358 2640 440 2681 nulla
461 2641 519 2681 alia
540 2640 695 2692 explicatio
719 2641 866 2683 satisfaciens
881 2643 976 2691 praesto
990 2642 1025 2683 est

183 2716 259 2755 neque
273 2704 356 2745 haberi
371 2705 454 2755 polest
471 2705 490 2744 si
506 2704 536 2744 Πο
550 2704 631 2745 nost-ra
645 2704 769 2755 explicatio
785 2716 835 2745 rem
849 2705 1022 2755 explicandam,

183 2767 197 2806 i⁴
215 2778 234 2807 e.
249 2766 395 2816 triplicem
410 2766 656 2807 infallibilitatem
671 2766 759 2817 gratiae
775 2767 873 2808 efficacis
889 2778 1023 2818 praemere

183 2829 318 2878 sufficiente,
335 2841 418 2870 revera
432 2830 455 2871 et
468 2828 589 2871 evidenter
604 2829 741 2879 explicet3
758 2830 777 2870 si
790 2831 833 2870 ΙΙΙο
848 2830 947 2871 contra
961 2830 1024 2870 nul·

181 2895 237 2934 lam
254 2893 340 2934 aliam
357 2893 508 2934 veritatem
523 2892 654 2934 necessario
672 2894 813 2934 servandam
830 2893 853 2934 et
871 2893 896 2933 in
912 2894 956 2934 hac
974 2899 1030 2934 ma-'

181 2957 240 2998 teria
253 2956 321 2997 facile
334 2956 471 2997 violabilem
483 2955 593 2996 offendit.
607 2979 638 2985 κ
650 2957 723 3007 Atqui
736 2956 793 2996 haec
806 2955 852 2997 tria
865 2955 978 2997 obtinent.
992 2980 1024 3012 f*

180 3020 241 3070 Erpa
256 3018 410 3060 Molinismus
424 3019 486 3059 certo
502 3019 537 3059 est
550 3018 614 3059 recta
629 3018 754 3069 explicatio
769 3018 858 3068 gratiae
874 3017 978 3059 efficacis,
