2214 3350
129 129 166 166 312
247 130 303 166 Sect.
317 130 357 165 HI.
371 117 416 165 Art..
430 131 458 165 II.
472 131 502 166 De
515 130 579 165 donis
591 130 615 164 fn
626 127 784 165 iustificatione
797 129 855 177 datis

128 237 266 288 imperfecte
282 237 305 278 et
319 238 428 278 inchoate
444 237 551 286 habetur,
570 248 624 277 cum
640 236 724 287 gratia,
736 237 796 278 licet
811 237 863 288 ipsa
878 237 974 277 nullum

128 299 220 340 malurn
232 300 321 352 morale
334 301 456 351 producat,
470 300 607 341 coexsistere
620 300 766 340 tamencum
778 299 873 350 peccato
886 300 974 340 veniali

128 362 151 403 et
162 363 240 404 amitti
252 358 347 414 peccato
359 364 455 403 mortali
466 363 546 414 possit.
561 363 639 404 Etiam
651 374 680 403 ex
692 363 736 403 hac
749 354 815 412 parte
828 362 973 403 consortium

127 426 153 466 in
169 426 243 467 altera
258 426 308 467 vita
323 425 534 474 consummabitur,
552 426 667 476 inquam
685 423 750 465 «non
766 425 866 466 intrabit
880 425 973 476 aliquid

128 489 327 540 coinquinatum»
349 490 408 541 (Ape
425 492 458 537 21,
478 489 523 539 27).
543 489 610 529 Tunc
627 487 708 528 anima
727 488 812 537 creata,
832 488 974 529 naturaliter

72 556 74 558 ’
128 553 277 601 defectibilis,
291 551 503 603 supernaturaliter
515 551 616 602 perfecte
630 551 783 602 participabit
796 552 892 602 plenam
905 552 973 592 natu-

127 626 167 655 rae
187 615 282 656 divinae
306 614 534 665 impeccantiam,
553 613 634 664 >idque
654 624 688 663 e0‚
709 615 773 665 quod
798 613 824 654 in
849 625 972 654 summurn

126 678 217 719 bonurn
230 678 339 719 intuitive
351 676 471 728 cognitum
484 676 560 717 fertur
571 677 676 727 perfeeto
688 688 768 717 amore
781 677 906 727 amicitiae,
921 678 971 728 qui,

126 741 202 782 totum
227 741 346 781 ordinem·
360 739 464 781 creatum
489 739 666 787 transcendens,
691 740 797 780 eiusdem
821 740 914 780 ordinis
937 741 972 781 est

126 804 197 855 atque
209 815 283 852 amor,
298 815 345 854 quo
359 804 408 854 ipse
421 803 484 843 Deus
497 814 619 843 summurn
631 803 722 843 bonum
737 803 822 854 diligit.
838 804 876 844 Sic
890 803 972 844 anima

125 866 311 907 indefectibilem
324 866 367 907 Dei
380 865 527 907 sanctitatem
539 865 669 916 perfectius
680 865 820 915 imitabitur,
835 878 908 917 quam
921 865 972 907 ulla

125 929 233 970 creatura
258 928 400 969 naturaliter
424 930 500 969 facere
518 929 556 969 vel
576 928 668 979 exigere
693 928 775 979 possit,
796 929 884 980 quippe
910 941 971 980 quae

125 993 256 1032 secundum
267 991 292 1032 S.
301 991 463 1042 sterquilinam
476 993 506 1043 (v.
519 1004 541 1042 g.
553 993 628 1042 Epist.
642 995 682 1033 118
693 1004 716 1031 n.
730 992 774 1043 15),
787 992 843 1043 quia
854 1004 884 1033 ex
894 992 971 1033 nihilo

125 1055 209 1104 creata,
225 1054 381 1096 essentialiter
396 1053 539 1095 defectibilis
553 1054 594 1095 est
611 1054 710 1095 Interim
726 1054 819 1105 gratia
835 1055 971 1096 radicaliter

125 1118 173 1158 sive
194 1129 236 1168 per
256 1118 355 1157 modum
375 1117 480 1165 naturae,
503 1117 609 1158 caritas
628 1117 710 1158 intusa
728 1118 837 1168 proxime
858 1118 906 1158 sive
927 1129 971 1167 per

123 1181 222 1221 modurn
234 1179 352 1231 potentiae
365 1180 406 1221 dat
416 1180 638 1220 connaturalitatem
652 1186 673 1220 et
685 1180 843 1231 aptitudinem
855 1182 886 1222 ad
898 1180 968 1221 istam

124 1244 200 1284 divini
214 1243 306 1284 ordinis
319 1243 474 1291 sanctitatem,
490 1243 564 1283 immo
579 1243 627 1283 iam
641 1243 743 1284 habetur
757 1244 857 1294 torutale
870 1244 969 1284 initium

124 1307 231 1347 eiusdem
249 1306 361 1354 caritatis,
379 1317 409 1346 ex
426 1317 473 1355 qua
491 1306 516 1345 in
533 1305 607 1346 altera
624 1305 674 1351 vita
691 1306 795 1356 perfecta
812 1307 969 1357 impeccantia

123 1369 234 1419 profluet.

185 1460 262 1503 Quoad
269 1460 373 1495 =‘ethicam
387 1460 417 1495 ad
431 1461 501 1495 Deum
516 1459 702 1495 assimilationem
716 1459 804 1505 praeter
820 1461 830 1496 1
846 1461 870 1495 10
886 1461 904 1504 3,
921 1461 933 1497 9
948 1462 968 1496 et

120 1512 198 1548 2Petr
212 1511 228 1553 1,
241 1512 253 1546 4
268 1507 413 1557 (ἀποφυγόντες
426 1539 430 1546 .
441 1512 455 1557 .)
470 1511 496 1547 cf.
512 1511 594 1546 multos
607 1512 687 1555 textus,
703 1512 782 1556 quibus
795 1512 849 1547 iusti
863 1512 969 1548 dicuntur

123 1572 170 1598 esse
186 1576 196 1595 «
204 1563 229 1598 111
242 1563 330 1598 *Christo
345 1564 414 1598 Iesu»
431 1563 459 1608 (n.
476 1562 518 1606 380,
534 1563 561 1608 1),
578 1563 671 1598 formari
685 1563 709 1598 in
723 1564 752 1599 iis
765 1564 868 1599 Christus
885 1564 934 1610 (Gal
948 1564 965 1607 4,

121 1615 159 1660 19),
180 1614 268 1660 operari
287 1615 312 1649 in
330 1615 358 1650 iis
379 1615 456 1659 πνεῦμα
471 1613 574 1657 υἱοθεσίας
593 1615 658 1661 (Rom
677 1614 694 1657 8,
716 1614 757 1651 15s
776 1615 815 1660 26),
836 1616 969 1661 proponitur

120 1666 244 1712 exemplum
262 1666 368 1711 perfectio
387 1665 461 1701 Patris
480 1665 589 1712 caelestis,
602 1666 642 1712 (Mt
661 1666 679 1710 5,
699 1666 730 1713 18)
750 1665 816 1711 atque
834 1667 888 1702 unio
907 1667 966 1702 inter

119 1718 210 1754 Patrem
226 1718 248 1753 et
264 1718 346 1753 Filium
365 1718 397 1764 (Io
414 1717 443 1760 17,
461 1717 484 1754 21
492 1717 518 1763 s).
536 1714 675 1753 Assimilatio
691 1718 761 1763 igitur
778 1719 807 1754 ad
824 1719 965 1755 sanctitatem

119 1770 225 1812 divinam,
241 1778 308 1813 quarn
323 1770 397 1814 gratia
411 1770 502 1813 cornert,
517 1770 565 1814 iugi
580 1770 688 1805 uirtutum
704 1770 805 1806 euerritio
820 1771 924 1815 augenda
939 1780 965 1806 aa

120 1821 255 1866 perficienda
269 1821 307 1857 est.
322 1840 346 1846 -
359 1821 455 1856 Patres
469 1821 495 1857 de
510 1820 551 1856 hac
566 1831 590 1857 re
604 1822 696 1866 agentes
709 1830 728 1858 v,
746 1822 834 1858 Villada
847 1832 868 1859 n.
886 1822 915 1858 19.

119 1934 173 1974 4111.
211 1934 362 1975 Consortium
382 1934 477 1975 divinae
498 1935 596 1975 naturae
616 1935 652 1976 est
671 1935 771 1999 eftectus
791 1935 899 1976 formalis
920 1935 965 1988 pri=

119 1996 207 2038 marius
226 1996 315 2047 gratiae
335 1996 512 2037 sanctificantis.
532 1998 593 2037 Nam
612 1997 714 2038 essentia
731 1998 805 2038 huius
822 1998 912 2049 gratiae
930 1999 967 2039 est
1095 2033 1098 2042 .

119 2061 144 2101 in
160 2073 195 2110 eo,
213 2061 240 2102 ut
256 2060 286 2101 sit
301 2061 450 2111 participatio
467 2061 565 2102 naturae
583 2061 685 2102 divinae.
704 2062 771 2103 Sicut
787 2074 816 2103 ex
833 2063 963 2103 communi·
1024 2107 1026 2109 ,
1095 2083 1098 2101 2

118 2126 209 2166 catione
227 2126 318 2166 formae
336 2126 454 2166 albedinis
471 2126 608 2167 immediate
626 2126 649 2167 et
666 2126 744 2175 primo
762 2126 861 2168 resultat
878 2139 965 2179 corpus

118 2191 208 2239 album,
224 2191 262 2231 vel
278 2191 339 2231 sicut
352 2203 381 2231 ex
396 2191 564 2232 informatione
580 2191 685 2242 corporis
700 2204 743 2242 per
758 2193 864 2233 animam
880 2193 963 2233 huma-

117 2267 174 2296 nam
187 2256 323 2297 immediate
337 2256 360 2297 et
372 2256 528 2297 essentialiter
540 2256 643 2297 habetur
656 2257 734 2305 domo,
750 2256 783 2297 ita
796 2268 825 2297 ex
838 2257 964 2299 collatione

117 2320 206 2370 gratiae
220 2320 357 2361 immediate
371 2321 395 2361 et
408 2320 565 2361 essentialiter
578 2321 654 2362 oritur
668 2321 750 2362 anima
764 2321 882 2372 particeps
895 2323 963 2363 natu-

117 2396 157 2424 rae
173 2384 274 2425 divinae.
291 2385 394 2435 Accedit,
412 2385 475 2435 quod
491 2385 530 2425 hic
545 2385 640 2436 primus
655 2386 678 2426 et
693 2386 846 2426 immediatus
862 2386 964 2428 effect-us

116 2448 245 2499 reliquos
258 2448 357 2489 eftectus
371 2448 483 2489 formales
496 2449 544 2490 sive
558 2449 691 2490 formaliter
705 2451 754 2491 sire
768 2450 904 2491 radicaliter
917 2452 960 2491 etth

116 2524 141 2552 se
157 2513 342 2562 comprehendit.
361 2515 391 2555 Hi
407 2515 471 2554 euim
487 2515 524 2555 vel
542 2515 598 2556 sunt
613 2514 762 2565 respectus
777 2515 885 2557 diversi
901 2516 962 2556 eius-

116 2578 171 2618 dem
189 2576 303 2618 realitatis
322 2579 352 2630 (v.
371 2590 394 2628 g.
413 2579 499 2629 filiatio
517 2580 628 2630 adoptiva
646 2580 682 2620 est
699 2579 844 2620 consortium
861 2581 963 2621 naturae

115 2642 219 2690 divinae,
232 2642 303 2692 prout
314 2643 441 2693 respicitur
451 2643 574 2694 tamquam
586 2657 600 2684 a
611 2645 661 2683 Deo
674 2643 800 2694 adoptante
813 2645 836 2685 et
847 2646 960 2694 quodam-

115 2707 185 2747 modo
201 2707 328 2758 generante
343 2708 474 2759 collatum),
491 2708 528 2749 vel
544 2707 685 2759 partiales
700 2708 800 2750 effectus
815 2708 961 2759 adaequatae

114 2770 304 2822 participationis
316 2771 410 2813 divinae
422 2772 520 2813 naturae
534 2774 565 2825 (v.
579 2785 601 2824 g.
613 2773 755 2813 immunitas
764 2770 781 2813 ¹a
791 2779 886 2823 peccato
899 2786 962 2813 mor-

115 2836 157 2876 tali
170 2837 205 2877 est
217 2835 367 2887 participatio
382 2837 476 2877 divinae
491 2837 597 2886 naturae,
612 2838 685 2888 prout
698 2838 733 2879 est
747 2838 914 2889 sanctissima).
929 2862 962 2868 -

115 2900 215 2951 Singula
229 2900 387 2941 ostenduntur
403 2913 417 2941 a
434 2902 527 2942 Villada
543 2913 567 2941 n.
584 2904 677 2942 23—25.
