2214 3350
275 226 364 261 'Thesis
380 226 397 263 9.
415 227 479 262 Dona
495 224 624 271 simpliciter
641 223 823 269 supernaturalia
944 222 979 258 187

134 334 216 386 (Bour,
243 334 317 394 Tuos
344 335 416 393 [1020)
442 337 469 375 29
494 333 614 383 35-37)1.
639 343 676 363 —·
696 330 720 372 S.
746 331 858 373 irenaeus
884 331 977 382 primus

132 396 253 448 integrum
268 397 370 447 systema
384 397 457 438 huius
471 396 593 438 doctrinae
607 393 746 446 composuit.
764 395 891 445 Impugnat
907 395 977 435 Gno-

134 459 231 508 sticos‚
248 458 289 510 qui
304 461 379 501 totum
394 471 531 512 processum
546 457 631 500 salut-is
645 458 717 499 ruodo
731 468 795 497 mere
810 458 908 509 physico
924 468 977 498 con-

128 522 233 573 cipiunt:
251 524 376 578 Σπέρμοτο
391 525 541 575 πνευματικά,
559 533 572 562 e
589 520 675 562 natura
690 520 773 562 divina
788 521 875 561 emissa
889 520 913 561 et
928 531 976 560 ma·-

128 586 202 626 teriae
213 585 326 634 admixta,
339 586 364 626 in
375 586 514 627 hominihus
524 585 683 636 pneumaticis
694 576 847 624 addivinum
862 584 976 640 πλήρωμα

130 648 283 696 reducuntur3
301 661 357 700 ergo
372 661 450 699 neque
465 649 500 689 est
515 648 583 688 locus
599 647 717 697 gratuitae
733 646 857 687 elevationi
875 646 974 686 naturae

128 723 206 762 neque
223 712 310 753 liberae
327 712 481 763 acceptationi
499 711 589 752 salutis.
609 710 696 751 Contra
713 710 756 750 has
772 710 879 750 haereses
897 710 972 749 Iren.
1023 749 1024 752 ,

129 786 198 815 suam
216 774 348 816 doctrinam
365 775 458 816 statuit:
482 774 550 816 Solus
568 773 631 814 Deus
648 774 684 814 est
700 772 840 813 naturaiiter
858 773 880 813 et
897 783 973 812 essen-

129 837 217 878 tialiter
233 838 357 888 perlectus,
375 839 418 879 sed
433 837 554 881 creaturae
572 847 645 886 prope
661 838 692 877 ad
710 835 845 886 ingenitum
863 835 972 875 accedere

128 899 228 951 possunt
243 900 311 952 (Ado.
327 901 390 941 haer.
405 904 425 949 4,
440 902 475 950 38,
491 900 521 952 3).
539 899 654 950 «Oportet
667 899 732 940 enirn
745 899 768 939 te
782 899 972 950 primoquidem

125 962 237 1004 ordinem
260 964 364 1004 hominis
387 963 512 1011 custodire,
532 963 589 1003 tunc
607 962 692 1003 deinde
717 961 858 1013 participare
883 961 971 1012 gloriae

125 1028 188 1067 Dei»
209 1027 237 1078 (4,
254 1029 288 1074 39,
305 1028 336 1078 2).
353 1028 414 1067 Haec
430 1024 582 1077 participatio
597 1025 704 1066 consistit
719 1025 743 1065 in
759 1025 841 1076 aliqua
855 1025 971 1066 assimila-

126 1090 198 1137 tione,
222 1089 316 1137 unione,
339 1089 508 1130 communione
529 1100 584 1129 cum
607 1089 655 1129 Deo
674 1089 799 1143 (ὁμοίωσις,
819 1091 910 1141 ἔνοσις,
928 1102 974 1129 ποι.

69 1197 70 1203 ,
124 1152 215 1206 νωνία),
236 1164 296 1202 uuae
313 1164 361 1193 non
378 1163 406 1192 eo
422 1163 493 1207 sensu
510 1152 545 1192 est
562 1150 667 1201 physica,
688 1151 756 1201 quasi
774 1151 804 1191 ad
822 1149 974 1191 constitutiva

127 1215 225 1256 naturae
244 1215 378 1265 pertineret,
400 1215 440 1255 sed
460 1226 537 1265 neque
556 1214 591 1255 est
608 1225 674 1255 mere
691 1213 776 1255 ethica.
797 1213 971 1258 Naturaenim

126 1282 235 1320 humana
249 1280 293 1320 hac
302 1280 399 1320 ‘unione
412 1291 427 1319 e
444 1290 487 1319 suo
501 1279 586 1319 ordine
602 1279 724 1320 ent‘tative
739 1279 846 1319 elevatur
862 1280 891 1320 ad
909 1278 972 1319 ordi-

127 1354 182 1383 nem
200 1342 349 1393 spiritualem
365 1343 389 1383 et
405 1342 523 1382 divinum.
542 1342 655 1382 Eiusdem
673 1341 811 1382 elevationis
830 1342 971 1381 fundamen-

126 1407 178 1446 tum
194 1404 338 1446 obiectivum
353 1405 389 1446 est
404 1405 548 1446 incarnatio:
571 1422 581 1441 α
589 1405 695 1445 Verbum
712 1404 798 1445 Dei...
817 1404 971 1456 semetipsum

127 1468 220 1509 homini
236 1468 258 1508 et
273 1469 396 1509 hominem
413 1468 554 1518 sibimetipsi
571 1468 714 1516 assimilans,
732 1468 758 1508 ut
774 1478 816 1517 per
832 1478 892 1516 eam,
911 1479 971 1518 quae

70 1559 79 1568 .
124 1531 161 1572 est
179 1531 210 1571 ad
228 1530 324 1579 Filium,
344 1531 527 1572 similitudinem
546 1531 663 1581 pretiosus
681 1532 752 1571 homo
772 1530 816 1572 fiat
833 1530 917 1571 Patri»
941 1530 969 1581 (5,

125 1598 160 1642 16,
178 1594 209 1644 2).
228 1593 289 1634 Unio
306 1593 376 1634 realis
393 1593 492 1634 efficitur
507 1605 550 1644 per
566 1593 686 1643 Spiritum
702 1593 817 1633 Sanctum
837 1594 865 1644 (2,
883 1596 918 1641 34,
938 1592 968 1642 4).

127 1658 246 1708 «Propter
263 1658 406 1698 effusionem
433 1657 536 1707 Spiritus
562 1655 693 1707 spiritualis
713 1657 736 1697 et
754 1656 873 1711 perlectus
898 1658 971 1696 homo

123 1721 202 1761 iactus
214 1720 255 1768 θεῖ;
268 1719 291 1760 et
303 1720 341 1760 hic
354 1720 395 1768 θεῖ,
409 1719 451 1770 qui
464 1719 595 1759 secundum
607 1720 738 1769 emortuom
751 1725 773 1758 et
785 1718 969 1759 similitudinem

122 1784 201 1824 iactus
211 1783 248 1823 ‘est
259 1783 305 1823 Dei
311 1800 321 1818 n
339 1783 367 1834 (5,
383 1786 403 1831 6,
418 1782 448 1832 1).
460 1782 578 1840 ¹Superior
591 1781 639 1822 vita
653 1782 683 1823 ab
697 1782 795 1822 homine
807 1782 880 1822 libere
895 1782 967 1822 susci-

123 1847 195 1897 pitur,
213 1845 351 1894 custoditur,
368 1844 494 1896 perficitur
510 1846 538 1897 (1,
556 1848 576 1893 6,
594 1845 625 1895 7).
643 1844 724 1885 Gloria
739 1844 816 1899 (ὁόξα)
837 1845 880 1885 Dei
896 1844 968 1896 parti-

120 1908 218 1960 cipatur
233 1920 275 1959 per
291 1906 494 1948 immortalitatem
510 1908 533 1948 et
549 1907 759 1958 incorruptionem,
778 1917 821 1957 per
837 1908 880 1948 Dei
896 1908 967 1948 visio-

123 1985 179 2015 nem
204 1973 227 2014 et
251 1973 402 2014 dilectionem
429 1973 458 2024 (4,
484 1975 517 2021 20,
544 1975 557 2012 5
583 1973 613 2030 [R
631 1973 701 2030 236]).
727 1972 824 2013 Peccato
849 1972 967 2013 amittitur

119 2038 150 2078 τὸ
165 2044 262 2088 πνεῦμα,
290 2037 330 2076 sed
345 2036 430 2076 natura
444 2036 550 2080 humana
564 2046 590 2075 eo
606 2046 653 2075 non
668 2034 805 2083 destmitur,
823 2035 883 2076 sicut
896 2035 968 2077 etiam

122 2100 230 2151 primum
245 2098 301 2139 iacti
317 2109 400 2139 sumus
414 2098 529 2146 homines,
547 2097 603 2137 dein
618 2092 744 2139 dii‘elieot'
764 2100 843 2156 (5,,16,
859 2100 890 2150 2).
908 2099 967 2140 inte-

56 2197 58 2199 .
123 2163 169 2203 rim
185 2161 277 2212 partem
294 2161 397 2212 Spiritus
412 2160 439 2201 ut
454 2172 533 2200 orrum
548 2160 691 2210 accepimus,
709 2161 736 2201 ut
750 2172 921 2212 praeparemur
938 2162 968 2202 ad

122 2226 308 2276 incorruptelam
326 2224 349 2265 et
366 2223 524 2265 assueiiamus
543 2234 628 2274 capere
645 2224 667 2265 et
685 2223 778 2275 portare
797 2224 874 2266 Deum
895 2226 924 2278 (5,
945 2228 965 2274 8,

119 2291 142 2341 1)
153 2291 168 2329 ².
186 2315 218 2320 —-
234 2289 362 2329 Clemens
379 2287 473 2327 Alex.:
494 2287 570 2327 Verus
585 2287 706 2337 gnosticus
723 2288 757 2327 est
773 2289 888 2341 ἐσόμενος
905 2287 967 2341 θεός.

119 2355 200 2393 immo
218 2351 331 2402 possibile
349 2350 384 2391 est
401 2360 457 2390 eum
485 2351 528 2407 ἠὸη
548 2349 662 2405 γενέσθαι
685 2349 751 2392 θεόν.
773 2350 819 2403 Ἐξ
840 2351 968 2405 ἀνθρώπου

183 2495 251 2530 1er
269 2497 369 2530 θεοποιεῖν
393 2492 437 2527 alio
457 2501 524 2528 sensu
544 2493 604 2538 apud
623 2493 742 2528 Tatianum
762 2493 782 2528 et
802 2493 967 2537 Athenagoram

120 2540 224 2582 occurrit,
241 2539 300 2575 soil:
319 2538 411 2583 gentiles
428 2538 542 2574 creaturas
560 2551 571 2571 ο
580 2538 685 2574 deificant
694 2551 711 2574 ».

188 2602 197 2623 ²
213 2601 270 2636 «Die
289 2599 429 2636 materiellen
448 2599 658 2644 Gedankenquellen
677 2601 716 2636 der
735 2599 876 2636 irenaischen
896 2600 965 2635 Lehre

118 2647 194 2692 liegen
218 2646 336 2683 innerhalb
355 2647 393 2681 der
411 2644 650 2682 christlichbiblischen
675 2645 831 2683 Tradition...
858 2648 901 2682 Der
927 2648 966 2683 Ge-

118 2694 200 2735 -danke,
217 2693 268 2728 dass
283 2693 318 2728 die
333 2690 452 2728 Menschen
466 2692 523 2727 dazu
535 2692 647 2728 bestimmt
662 2691 729 2734 seien,
745 2691 820 2727 Gotter
835 2702 863 2727 zu
876 2693 965 2728 werden

120 2740 174 2775 oder
184 2738 325 2782 vergounciu
336 2748 363 2773 zu
373 2737 469 2780 werden,
482 2738 510 2773 ist
521 2747 565 2772 von
577 2739 671 2774 Iren'aus
683 2747 724 2773 aus
736 2739 765 2773 Ps
777 2737 799 2774 81
814 2738 853 2785 (82)
867 2739 965 2774 entnorn-

117 2794 172 2820 rnen
180 2797 190 2817 ο
203 2785 275 2829 (Boui-
289 2784 357 2829 [1920]
371 2793 392 2829 p.
407 2783 442 2818 184
450 2783 476 2826 ε),
489 2803 512 2809 -
525 2785 556 2820 Ct.
571 2784 638 2819 etiam
650 2784 706 2820 Stoll
719 2785 739 2819 et
752 2784 850 2820 Strulccr.
864 2805 887 2810 —
899 2787 965 2828 Hupo

122 2832 183 2867 Koch
200 2831 281 2875 (Theol.
300 2831 393 2867 Studien
406 2839 428 2865 u.
446 2829 548 2865 Kritiken
563 2829 623 2874 9667
640 2831 708 2877 [1925]
726 2829 826 2876 183-214)
844 2841 895 2866 cum
910 2832 966 2866 Hui·-

118 2877 178 2912 nucli
200 2876 294 2921 aliisque
315 2877 362 2911 sine
383 2876 477 2910 ratione·
491 2876 633 2912 convincente
654 2876 714 2912 tenet
734 2877 832 2921 primum
853 2877 966 2913 hominem

120 2922 244 2958 secundum
259 2923 279 2958 S.
297 2924 414 2958 Irenaeum
430 2920 600 2957 similitudinem
615 2931 665 2957 cuin
680 2924 725 2958 Deo
740 2923 761 2958 et
773 2922 884 2967 'Spiritum
900 2924 966 2959 Sanc-

118 2968 180 3059 {1115}ss
182 2977 245 3059 &1112
255 2969 280 3059 i)n
301 2977 331 3010 re,
354 2968 393 3003 sed
413 2967 438 3001 in
459 2976 497 3013 spe
519 2968 607 3003 tantum
630 2969 735 3004 habuisse
759 2969 793 3014 (cf.
813 2969 938 3005 Scholastik
955 2970 964 3005 1

158 3023 161 3029 ·
252 3023 277 3049 s.
