2214 3350
153 205 195 241 000
316 206 370 242 seu.
385 206 409 241 v.
424 206 469 241 art.
485 206 513 242 Π,
528 191 651 252 expiretur>
664 195 750 249 gratiae
764 205 857 241 efficacis

152 314 343 349 *infallibilitatem
357 324 397 360 ope
412 315 518 351 scientiae
531 314 617 350 mediae
631 312 741 359 explicare
755 321 843 349 necesse
855 313 888 348 est
904 313 932 359 (n.
949 311 1001 350 1350

159 366 208 411 150).
220 385 245 391 —
254 366 273 412 c)
286 367 379 404 Dicunt:
394 367 449 403 Cum
461 364 564 403 absoluta
575 367 595 401 et
607 364 756 401 infallibili
768 363 899 401 certitudine
911 373 1003 409 possum

152 417 285 462 praedicere
300 417 413 459 hominem
427 427 497 454 sanae
511 417 592 453 mentis
607 417 649 453 sibi
664 416 756 452 oculos
769 416 857 453 iocandi
873 418 1003 462 causalnon

153 478 205 504 esse
218 469 395 512 effossurum,
410 470 511 516 quamvis
525 471 554 506 ad
567 468 607 505 hoc
620 469 702 505 habeat
714 468 837 515 potentiam
850 468 999 515 physicam.

155 540 180 546 -
194 521 218 556 R.
236 521 351 564 Quatenus
365 521 431 557 homo
445 531 522 557 revera
537 521 567 557 ad
580 521 605 556 id
618 520 709 566 physice
722 520 779 569 liber
793 521 831 563 est,
848 520 1003 556 antecedenter

153 581 209 608 rcum
227 573 331 609 absoluta
348 573 478 609 certitudine
496 582 541 609 non
558 572 644 618 constat
661 572 748 608 nullum
766 582 873 617 umquam
890 572 1003 609 hominem

159 624 200 660 hoc
213 634 261 661 esse
274 625 392 661 iacturum.
410 625 431 662 Si
443 634 495 661 vero
509 633 574 661 casus
587 624 621 660 ita
633 624 731 670 ponitur,
746 625 772 673 ut
785 623 856 661 omnis
871 624 929 660 ratio
942 623 1007 667 boni,⁴

110 685 112 687 ·
154 676 227 711 ¹ctiam
243 677 376 722 apparenter
391 677 479 711 tantum
494 676 552 719 boni,
569 677 708 711 removeatur
723 686 738 712 a
753 674 877 719 cognitione
893 675 948 720 eius,
964 676 1002 720 qui

154 727 241 770 dehac
254 738 278 764 re
291 729 403 774 patranda
416 727 504 772 cogitat,
520 736 545 763 eo
558 727 606 774 ipso
618 727 685 763 etiam
698 728 823 763 removetur
835 727 935 773 potentia
948 726 1003 773 phy-

154 780 206 815 sica
219 780 240 815 et
252 779 344 815 libertas
357 779 475 815 electionis.

154 897 212 939 015.
249 897 421 950 Argumentum
439 897 469 939 11.
494 899 543 939 Hoc-
566 898 668 949 systema
692 897 832 939 adversatur
855 897 1002 949 experien-

153 960 225 1001 tiae.
239 960 465 1002 Praedeterminatio
474 961 581 1012 physica,
595 960 614 1001 si
627 961 761 1010 haberetur,
776 962 819 1002 sub
831 959 1003 1012 experientiam

154 1033 207 1064 non
222 1023 323 1064 caderet.
350 1023 396 1065 Sed
419 1024 517 1065 uroralis
541 1023 613 1065 motio
637 1023 858 1075 praedeterminans
881 1024 1001 1066 observari

159 1086 244 1136 posset.
258 1085 296 1126 Illi
309 1086 389 1128 autem
401 1097 477 1135 cesus,
491 1087 516 1127 in
529 1087 617 1137 quibus
628 1087 701 1128 homo
713 1098 737 1128 50
750 1099 764 1128 a
776 1087 852 1139 gratia
862 1086 912 1129 tam
923 1087 1003 1128 valide

153 1149 220 1189 ‘trahi
236 1149 313 1198 sentit,
328 1150 356 1190 ut
368 1161 489 1190 summarii
503 1149 679 1201 difficultatem,
695 1151 786 1191 nedum
799 1162 882 1191 uerunt
894 1151 1002 1202 imposu-
1016 1177 1018 1179 .

160 1212 275 1252 bilitateui
287 1213 404 1253 moralem
413 1213 547 1253 reluctandi
558 1213 700 1264 experietur,
712 1225 769 1255 sane
780 1214 836 1254 sunt
847 1211 1001 1254 rarissimi.
1033 1215 1035 1218 ’

155 1276 186 1314 'ln
199 1275 353 1316 conversione>
365 1276 388 1316 S.
397 1275 465 1315 Pauli
478 1286 517 1317 res
528 1272 670 1317 fortasse'sie
683 1288 707 1317 se
718 1277 809 1319 habuit.
824 1277 870 1318 Sed
882 1277 1002 1318 ordinarie

154 1348 207 1378 non
221 1337 256 1379 est
268 1338 310 1387 ita;
324 1338 397 1379 immo
412 1339 603 1390 frequentissime
617 1340 692 1380 ruulto
707 1340 801 1389 facilius
813 1340 899 1381 effusis
912 1340 1002 1389 cupidi-

154 1400 235 1441 tatum
251 1400 352 1442 habenis
369 1401 467 1443 motioni
485 1401 574 1451 gratiae
590 1402 715 1443 resistitur.
962 1400 963 1403 ’

154 1548 212 1589 ule.
249 1549 275 1589 Β.
297 1547 408 1601 systema
427 1548 638 1601 augustinensium
656 1551 804 1600 argumentis
823 1552 867 1591 sub
884 1552 904 1592 Α
924 1550 1003 1591 allatis

153 1611 338 1715 {effiffiesstque
364 1613 462 1662 insuper
487 1613 616 1654 nonnullas
640 1613 730 1663 patitur
755 1612 896 1662 speciales
920 1614 1002 1653 diiii-

228 1762 247 1801 1.
269 1760 383 1801 Falsum
405 1761 440 1802 est
461 1762 642 1812 suppositam
664 1762 693 1802 in
715 1763 792 1802 amni
814 1762 925 1803 actione
948 1773 1002 1802 mo-

153 1823 218 1863 ·veri
243 1823 366 1864 hominem
392 1823 474 1875 aliqua
500 1823 701 1866 delectatione.
730 1825 848 1866 Motivum
873 1825 1003 1866 voluntatis

154 1896 206 1926 non
220 1885 255 1926 050
269 1886 346 1927 solum
361 1887 451 1928 bonurn
466 1886 612 1936 delectabile,
628 1888 669 1929 sed
683 1888 756 1929 etiam
770 1888 860 1930 bonurn
877 1889 1003 1929 honestum

154 1951 181 1991 et
198 1951 264 1991 utile.
283 1951 402 1992 Videntur
419 1951 499 1992 autem
517 1951 705 2002 Augustinenses
722 1950 900 1993 delectationem
920 1952 1003 1993 latiore

158 2024 230 2053 ‚seusu
249 2024 300 2064 pro
323 2025 416 2054 amore
440 2013 643 2064 qualicumque
668 2024 769 2055 sumere.
794 2014 833 2055 Sic
856 2014 933 2065 potest
955 2014 1003 2055 dici

158 2077 269 2117 uoluntas
282 2076 308 2116 in
321 2078 387 2117 omni
400 2077 454 2118 actu
467 2077 551 2118 saitem
566 2077 701 2118 radicaliter
715 2079 805 2118 moveri
818 2077 898 2129 aliquo
913 2088 1001 2118 amore.

155 2139 206 2180 'Sed
223 2140 279 2179 sunt
296 2139 363 2180 actus
379 2140 412 2179 sic
430 2139 487 2180 dicti
505 2139 672 2188 aversetur.
690 2152 714 2180 v.
732 2152 755 2190 g.
774 2139 852 2189 timor,
871 2141 897 2181 in
916 2140 1003 2191 quibus

153 2204 267 2254 spreuiure
283 2209 306 2242 et
319 2203 451 2253 formaliter
466 2201 577 2244 voluntas
590 2203 699 2243 movetur
714 2202 779 2243 odio
796 2203 875 2244 mali.
892 2203 1003 2255 Augusti

154 2277 244 2306 nenses
259 2266 339 2307 autem
356 2266 381 2306 in
398 2265 515 2316 praesenti
533 2266 668 2317 quaestione
686 2265 865 2307 delectationem
882 2266 905 2307 et
921 2267 1003 2307 carita-

154 2329 206 2370 >tem
222 2329 291 2380 quasi
307 2329 424 2370 obiectum
440 2328 541 2370 formale
555 2330 579 2370 et
593 2329 730 2379 proximum
746 2330 824 2370 omnis
838 2329 905 2370 actus
920 2329 1002 2370 volun-

154 2392 214 2433 tatis
228 2391 341 2433 exhibent
356 2392 395 2437 (ci.
410 2392 486 2433 00000.
500 2403 524 2432 n.
540 2394 578 2431 631
587 2393 616 2442 s).

227 2485 247 2523 2.
261 2483 313 2523 Non
325 2484 406 2523 minus
417 2482 523 2523 falsum
534 2483 569 2523 est
579 2493 689 2523 omnem
701 2481 822 2532 gratiam
834 2493 884 2523 esse
896 2482 1003 2533 aliquam

154 2545 380 2587 delectationem
395 2545 443 2586 sive
459 2544 608 2586 caritatem
624 2545 755 2586 caelestem.
774 2545 911 2587 Secundum
926 2545 1004 2586 100005

156 2609 230 2651 etiam
246 2610 288 2650 alii
303 2611 402 2661 atterius
418 2609 536 2651 divinitus
547 2608 648 2658 excitati,
666 2608 729 2649 inter
742 2619 802 2659 quos
817 2609 852 2650 est
867 2609 945 2658 tiator,
962 2607 1003 2647 ha-

157 2672 231 2713 bendi
250 2672 306 2713 sunt
323 2672 440 2713 motiones
463 2672 552 2723 gratiae
576 2671 695 2713 internae:
725 2670 927 2713 'tridentinum
951 2682 969 2712 5.
990 2673 1003 2711 6

160 2747 211 2786 cap.
228 2737 249 2783 ὃς
265 2746 283 2775 5.
302 2738 327 2776 14
342 2747 392 2787 cap.
408 2739 422 2777 4
439 2736 482 2787 (Da
497 2737 539 2776 798
552 2736 630 2786 897s);
645 2760 676 2767 -
689 2736 721 2776 Ps
735 2736 783 2784 118,
800 2736 848 2783 120;
864 2734 902 2775 Ier
916 2736 950 2782 32,
966 2735 1002 2782 403

160 2798 223 2840 Eccli
241 2801 261 2846 1,
280 2801 307 2839 16
322 2801 357 2846 27;
375 2824 406 2831 -
422 2797 612 2849 Augustinus,
631 2798 754 2848 Prosper
771 2798 813 2838 000.
832 2796 892 2838 alias
909 2808 1003 2848 quoque

154 2861 298 2903 :affectiones
309 2862 431 2912 tamqnam
440 2860 530 2912 gratias
539 2860 658 2901 exhibent.
670 2862 735 2910 Quae
747 2862 806 2911 Aug.
819 2860 897 2911 primo
908 2859 1004 2908 aspectu

154 2924 278 2966 contraria
300 2924 377 2965 dicere
399 2924 501 2972 videtur,
525 2923 594 2965 aliter
616 2923 730 2981 explicari
753 2923 852 2973 possunt
872 2923 896 2964 et
918 2921 1005 2964 dehent

156 2989 192 3039 tv.
207 2999 231 3028 n.
246 2988 306 3038 510).
1084 2996 1085 3003 ¹
