2214 3350
226 194 228 197 ’
251 183 364 220 scholium
379 184 396 220 1.
412 181 553 220 Molinismus
569 183 595 218 et‘
606 182 766 228 Congruismus
898 180 935 219 515

86 291 172 340 bonus,
191 291 265 332 imino
283 292 380 332 relative
397 291 512 342 optimus,
529 291 555 331 et·
568 296 666 341 propter
684 302 752 331 suam
772 291 902 331 honitatem
919 300 934 329 a

87 355 135 395 Deo
146 354 244 406 eligitur
256 356 295 406 (Cf-¹
308 366 331 395 n.
344 356 404 406 644).
416 380 448 385 -
459 352 612 394 Praelueente
623 353 722 393 scientia
733 354 812 395 media
823 353 932 404 eligendo

42 445 43 448 η
88 415 272 458 determinatum
296 418 406 458 ordinem
428 417 493 457 Deus
510 427 535 456 eo
553 417 605 468 ipso
625 417 648 457 et
667 415 806 458 simultanee
831 416 933 466 singulis

88 481 203 521 creaturis
230 481 386 521 rationalibus
414 479 571 521 determinata
598 479 710 520 auxilia
736 479 855 530 gratiae,
884 478 933 519 sive

87 543 188 584 efficacis
211 543 259 598 sive
281 554 340 594 pure
364 542 508 592 sufficientis,
527 542 634 583 absoluto
653 541 746 582 decreto
764 541 931 599 praedestinat,

88 606 160 646 simul
175 617 218 657 per
232 606 320 656 gratias
332 605 437 646 efficaces
452 604 621 656 determinatos
635 604 717 645 iactus
733 604 822 645 bonos
837 606 934 655 praede-

88 661 150 718 finit,
169 668 337 716 virtualiter
355 669 460 720 quidem,
480 667 681 716 sedatisolute,
701 680 756 708 curn
774 667 841 722 actus
857 666 934 707 malos

87 733 142 783 post
156 732 247 773 auxilia
270 743 333 773 mere
358 731 497 773 sufficientia
520 731 641 772 secuturos
666 731 772 772 absolute
797 730 934 781 permittere

89 795 160 835 simul
177 794 294 843 decernat
312 795 408 835 tandem
425 795 499 836 huius
514 794 607 836 ordinis
620 794 734 835 electione
751 806 777 835 eo
793 792 845 845 ipso
861 792 934 834 etiam

88 856 253 899 determinatis
274 859 388 909 personis,
407 869 455 898 non
473 857 534 907 ante,
553 859 594 898 sed
610 857 691 908 potius
715 858 778 907 post
801 856 934 908 praevisa

85 914 192 968 'merita
213 921 334 972 gloriam
358 917 509 962 caelestem
533 921 701 971 praedestinat.
724 947 755 952 —
779 921 804 962 Si
829 921 933 971 rigorose

51 1009 53 1011 -
87 984 153 1035 loqui
169 984 286 1033 volumus,
303 996 352 1024 non
369 984 497 1024 dicendum
513 985 548 1032 est
564 985 607 1025 hoe
624 984 747 1025 decretum
761 984 888 1034 procedere
904 995 933 1024 ex

88 1047 207 1098 praevia
225 1046 451 1098 praedilectione
469 1047 604 1096 electorum,
623 1048 665 1088 sed
682 1047 762 1098 potius
778 1047 849 1087 tatem
866 1057 933 1097 prae-

88 1110 239 1151 dilectionem
254 1109 480 1150 concomitanter
493 1109 619 1151 continere.
637 1110 691 1151 Non
707 1121 740 1150 ex
754 1109 850 1160 speciali
865 1120 932 1160 prae-

88 1172 220 1221 dilectione,
238 1174 278 1213 sed
292 1184 356 1213 eum
367 1173 450 1213 eadem
464 1173 547 1214 fertur.
562 1199 594 1204 -
607 1174 660 1221 Eos,
677 1184 737 1223 quos
750 1173 776 1213 in
791 1173 834 1213 hoc
849 1173 932 1214 ordine

53 1231 54 1238 ’
87 1247 162 1287 usque
175 1236 205 1276 ad
218 1236 292 1275 finem
303 1236 393 1286 gratiae
405 1234 529 1280 restiturus
540 1247 590 1276 esse
602 1236 736 1287 praescivit,
750 1237 815 1276 Deus
826 1235 921 1290 absolut

88 1298 236 1339 decernendo
254 1299 357 1339 eundem
375 1299 486 1339 ordinem
505 1310 531 1339 eo
550 1299 601 1350 ipso
619 1300 646 1338 in
664 1309 766 1349 poenam
784 1298 934 1349 peccatorum

88 1362 136 1401 iarn
152 1361 258 1402 absolute
276 1373 290 1402 a
307 1373 330 1402 se
349 1361 571 1412 permittendorum
590 1362 639 1402 sive
657 1362 721 1412 post
737 1361 872 1412 praevisa
889 1363 935 1402 de-

88 1424 201 1472 merita,
219 1436 234 1464 a
247 1423 322 1474 gloria
339 1424 483 1474 reprobat.
503 1450 534 1456 -
550 1423 578 1465 111
596 1426 641 1465 1100
659 1425 733 1474 igitur
750 1425 817 1475 sig-no
835 1424 935 1465 rationis

87 1484 198 1526 voluntas
214 1486 321 1526 salvifica
336 1488 483 1535 antecedens,
493 1487 673 1536 'condicionum
689 1488 832 1528 uniuersalis
849 1488 936 1529 transit

88 1549 113 1587 in
127 1549 274 1589 voluntatem
288 1549 421 1589 salvificam
437 1555 625 1600 consequentem,
644 1551 779 1591 absolutam
794 1557 816 1591 01
829 1551 934 1601 particu-

88 1611 163 1650 iorern
180 1622 237 1662 erga
251 1611 377 1652 salvandos
393 1611 455 1652 etin
472 1612 619 1653 voluntatem
636 1613 804 1662 reprobantem
823 1612 872 1655 sive
891 1626 934 1664 pu-

88 1674 201 1721 nientem,
217 1673 274 1715 item
288 1675 478 1724 consequentem,
495 1676 628 1716 absolutam
644 1677 668 1717 et
682 1670 859 1726 particularem,
876 1688 934 1728 erga

20 1761 24 1770 ,
88 1736 244 1776 damnandos.
258 1762 288 1767 -
302 1735 467 1778 &scientia
478 1737 602 1778 visionis
614 1737 680 1779 Deus
691 1739 758 1780 videt
771 1740 853 1781 omnia
866 1739 934 1780 iuxta

88 1799 224 1839 ahsolutum
237 1810 307 1839 suurn
320 1799 441 1840 decretum
453 1799 566 1841 eventura
578 1811 636 1842 esse.
650 1827 682 1832 —-
694 1802 758 1843 Ordo
772 1801 933 1844 exsecutionis

88 1862 123 1902 est
133 1862 198 1901 idern
210 1873 236 1902 ae
248 1862 362 1913 inpriore
375 1862 506 1914 systemate.
520 1889 552 1895 -
563 1864 624 1905 Haec
638 1863 747 1905 doctrina
758 1866 811 1915 post
824 1867 933 1906 Toletum

88 1924 167 1975 primo
185 1937 199 1965 a
214 1925 305 1965 Melino
324 1926 363 1977 (oi.
383 1937 406 1965 n.
425 1927 474 1977 565)
492 1927 515 1967 et
530 1926 610 1967 Lessio
626 1927 666 1976 (01.
686 1939 709 1967 n.
729 1929 777 1980 657)
798 1927 934 1969 distinctius

86 1987 209 2037 proposita
219 1987 277 2028 est1.
290 1987 374 2028 Eidem
386 1987 514 2030 sententiae
526 1989 657 2031 adhaerent
668 1990 752 2031 saltem
766 1991 844 2041 quoad
856 2001 934 2032 essen-

150 2108 156 2129 ¹
173 2108 203 2143 De
218 2107 328 2142 sententia
345 2105 577 2142 scholasticorum
592 2103 697 2140 saeculi
710 2104 772 2141 xiii
787 2105 859 2141 muita
874 2106 935 2140 inve-

88 2154 136 2188 nies
147 2152 205 2199 apud
217 2154 229 2188 J
230 2162 259 2188 os.
273 2151 398 2189 Santeler
409 2152 429 2188 S.
436 2152 462 2193 1,
471 2151 509 2187 Die
517 2151 701 2186 Pniciesiination
708 2151 732 2186 in
740 2151 782 2186 den
788 2151 935 2197 111111101ον10-

90 2199 257 2234 110111111011101011
271 2198 308 2233 des
324 2198 352 2234 13.
369 2197 532 2233 Jaaraunderts
549 2197 622 2242 (ZkTh
637 2198 661 2235 52
677 2196 745 2243 [1928]
761 2197 935 2240 1-30183-200

88 2245 184 2280 maxime
196 2253 210 2280 a
221 2254 242 2290 p.
256 2243 305 2289 187).
318 2245 381 2280 Tunc
392 2243 499 2289 temporis
511 2243 621 2288 posterior
633 2243 784 2279 controversia
797 2244 875 2288 ignota
888 2244 936 2279 erat

89 2291 155 2335 atque
174 2290 219 2326 tere
238 2299 283 2325 non
301 2289 485 2326 considerabatur
504 2289 550 2325 alia
566 2288 742 2334 praedestinatio
762 2289 806 2325 nisi
826 2290 936 2335 compieta

89 2336 118 2371 ad
132 2336 230 2380 gratiam
244 2336 265 2370 et
279 2335 375 2380 gloriam
389 2335 462 2371 simui.
479 2337 564 2371 Tamen
579 2345 603 2371 ex
618 2335 696 2370 multis
711 2334 844 2371 testimoniis
860 2336 935 2371 allatis

67 2420 69 2423 ,
89 2382 199 2418 evincitur
211 2382 265 2417 istos
277 2382 385 2425 exegeras,
400 2381 459 2416 inter
472 2389 526 2425 quos
539 2382 604 2424 Hupo
619 2390 634 2416 n
645 2381 666 2416 S.
683 2381 754 2416 Charo
770 2382 792 2417 0.
808 2381 840 2423 Ρ.,
854 2382 935 2417 Petrus

89 2428 252 2467 oTorentosia
269 2429 291 2464 0.
311 2429 343 2468 P.‚
363 2428 383 2463 S.
405 2428 506 2469 Thomas,
525 2426 632 2470 *tepidius
650 2426 765 2461 Romanus
784 2428 807 2463 Ο.
829 2429 849 2463 S.
869 2427 933 2471 Aug,

88 2473 226 2517 Auenstinus
237 2473 370 2517 Triumphus
382 2474 404 2509 Ο.
415 2473 435 2509 Si
444 2472 507 2516 Aug„
519 2472 644 2507 Alexander
655 2473 682 2508 ab
691 2473 826 2509 Aterandriu
837 2475 860 2509 Ο.
866 2473 890 2509 F.
897 2475 943 2514 M,
1001 2514 1003 2517 ¹

88 2519 168 2554 Petrus
181 2519 271 2554 Iouernis
284 2519 342 2555 Otiui
355 2519 377 2555 Ο.
391 2519 415 2554 F.
430 2518 466 2562 M,
479 2518 558 2554 saltem
570 2518 635 2554 vaide
648 2518 723 2554 favere
735 2518 935 2564 praedestinationi

89 2565 118 2600 ad
132 2565 228 2609 gloriam
241 2565 301 2610 post
312 2564 416 2610 praevisa
429 2564 516 2607 merita3
530 2573 550 2600 v.
567 2573 586 2608 g.
600 2565 623 2600 S.
641 2564 764 2608 Thomas,
779 2565 806 2600 In
819 2565 876 2600 Rom
890 2574 907 2601 c.
924 2564 936 2601 8

88 2610 136 2654 leet,
154 2610 166 2646 6
182 2610 241 2655 (ante
255 2611 335 2656 med,);
355 2622 365 2643 a
375 2609 439 2645 Circa
453 2610 554 2645 ordinem
569 2610 645 2645 autem
659 2609 820 2654 praescientiae
836 2611 857 2646 et
872 2620 936 2656 prae-

72 2656 245 2692 destinationis
264 2657 340 2692 dicunt
359 2656 456 2700 quidam,
477 2656 535 2700 quod
554 2656 703 2700 praescientia
719 2657 850 2692 meritorum
870 2659 936 2692 hono-

89 2710 139 2737 rum
153 2703 174 2737 et
187 2702 297 2737 malorum
311 2703 344 2737 est
356 2702 413 2736 ratio
427 2702 639 2746 praedestinationis
654 2702 675 2737 et
688 2702 892 2747 reprobationis...
908 2703 936 2738 Et

89 2746 129 2782 hoo
151 2748 239 2792 quidem
259 2747 423 2783 rationabili-ter
442 2747 558 2791 diceretur,
580 2748 599 2784 si
619 2747 795 2793 praedestinatio
816 2749 936 2793 respiceret

91 2794 178 2829 tantuin
193 2794 262 2829 vitain
276 2795 396 2836 aeternam,
414 2801 470 2837 quae
486 2794 553 2829 datur
567 2794 660 2837 11101111ος
674 2795 714 2830 sed
728 2795 769 2831 sub
784 2795 937 2839 praedestina-

89 2838 149 2875 tione
164 2840 223 2875 cadit
237 2848 300 2875 omne
313 2837 445 2875 heneficium
459 2839 564 2883 satutare,
580 2840 640 2884 quod
654 2841 687 2875 est
701 2839 787 2876 homini
802 2842 830 2877 ab
845 2841 936 2877 aeterno

90 2884 197 2920 divinitus
211 2886 377 2931 praeparatum
392 2885 451 2920 unde
466 2885 543 2921 eadem
556 2885 643 2921 ratione
658 2886 735 2922 omnia
749 2886 862 2929 beneficia,
879 2895 936 2930 quae

90 2931 154 2966 nohis
171 2932 256 2967 confert
273 2940 299 2966 ex
316 2931 421 2976 tempore,
439 2932 583 2976 praeparavit
599 2931 664 2968 nohis
684 2933 711 2968 ab
729 2932 825 2974 aeterno.
836 2947 846 2966 >i
865 2933 937 2967 Porro

90 2975 150 3012 totus
167 2977 253 3019 modus,
271 2986 315 3021 quo
332 2977 355 3011 hi
373 2976 474 3012 auctores
493 2977 639 3021 gratuitatem
656 2978 868 3023 praedestinationis
886 2986 936 3023 pro
