2214 3350
299 211 412 249 &chelium
427 209 444 247 1.
461 210 493 246 De
508 207 580 245 salute
594 207 720 245 infidelium
897 206 938 245 553*

86 319 153 371 parte
168 319 294 361 difficultas
308 314 381 360 huius
396 317 522 359 solutionis
536 328 565 358 ex
579 327 606 358 eo
623 316 704 365 crevit,
722 316 787 368 quod
802 314 936 356 hodiernae

34 399 36 402 >
85 382 257 434 explorationes
269 379 398 424 ostendunt
409 392 484 433 penus
497 381 633 421 bunionem
645 391 694 419 aon
707 390 756 419 esse
770 385 819 420 tam
830 378 936 419 recentis*

85 445 191 496 oriqim's,
210 457 282 497 quam
298 445 405 497 plerique
423 444 526 495 theologi
544 443 668 493 hucusque
686 442 777 492 opinati
795 440 858 482 sunt.
878 441 937 482 Alia.

85 508 211 550 difficultas
223 509 295 550 estin
308 510 360 558 hoc,
374 509 437 560 quod
451 509 555 560 feminae
568 519 584 547 a
596 505 714 546 beneficio
727 505 797 546 istius
809 504 936 545 revelatio-r

85 570 123 611 nis
140 571 275 622 primitivae
292 571 386 613 excludi
404 571 487 612 solent.
505 596 537 603 -
552 568 601 609 Alii
619 567 724 619 theologi
741 568 837 608 censent
853 578 936 609 reve-

85 634 210 676 lationes
224 633 352 676 internas
365 634 422 675 satis
435 633 573 684 frequenter
587 632 650 672 fieri.
667 632 693 673 Si
708 631 738 672 in
752 631 822 672 hora
836 629 936 671 exitus-

84 697 187 738 conferri
198 697 318 743 dicuntur,
330 697 355 737 id
366 708 441 748 neque
453 696 549 748 probari
560 707 638 747 neque
649 694 750 736 refutari
761 693 845 743 potest3
858 703 935 745 quare·

84 760 139 816 aliis
152 760 235 801 salutis
249 759 385 800 tramitibus
399 759 499 801 occlusis
512 760 556 801 hoc
570 758 686 800 ultimum
701 757 822 808 refugium
838 766 936 807 semper·

84 823 198 865 remanet.
217 823 355 874 caperon,
371 824 439 865 Esset
455 822 526 864 theol.
542 833 566 873 p.
584 823 705 870 101-104,
723 819 848 862 ostendere
862 830 936 860 cona»

84 887 131 935 tur,
148 897 196 937 qua
210 886 300 928 ratione
316 885 433 928 eiusmodi
448 885 559 934 revelatio
576 884 631 926 lieri
646 884 729 937 possit,
748 884 807 936 quin
824 882 931 924 indolem

83 949 182 990 eventus
192 960 290 1001 prorsus
301 949 390 990 insoliti
402 948 494 990 babeat.
508 950 629 990 Ponamus
640 947 772 996 hominem,
785 946 827 999 qui
840 946 890 988 sive
902 957 935 987 ex

73 1012 174 1053 ratione
191 1013 240 1054 sire
259 1024 288 1054 ex
307 1024 349 1054 sua
368 1012 481 1063 religione
501 1022 595 1063 paga-na
614 1010 770 1052 sufficientem
788 1009 930 1060 conceptum

83 1076 127 1116 Dei
142 1075 221 1124 habet,
237 1075 378 1117 naturaliter
393 1073 565 1115 beatitudinem
582 1074 709 1123 desiderat,
727 1072 929 1114 conflictationem

83 1138 146 1178 inter
160 1138 251 1179 honum
267 1137 393 1178 honestum
409 1138 433 1178 et
445 1135 583 1177 delectabile
599 1136 626 1176 in
642 1148 666 1178 se
683 1146 753 1186 saepe
770 1135 844 1177 sensit
858 1135 933 1186 atque

83 1200 228 1251 experientia
243 1200 327 1240 doctus
342 1209 410 1240 suam
424 1198 591 1239 infirmitatem
607 1199 723 1240 moralem
739 1199 799 1240 bene
811 1198 885 1239 novit.
903 1198 929 1239 Si

10 1289 12 1297 ‚
83 1262 138 1303 talis
155 1263 227 1302 homo
244 1262 270 1302 in
288 1261 370 1312 aliqua
391 1261 526 1301 vehementi
549 1260 680 1302 tentatione
696 1261 803 1302 validam
826 1262 934 1312 qratiam.

83 1331 214 1373 currentem,
228 1325 244 1364 i.
258 1336 278 1365 e.
293 1324 397 1365 subitam
409 1322 542 1364 claritatem
555 1324 578 1365 et
590 1323 788 1365 confortationem
801 1324 929 1371 internam,

83 1387 212 1439 experitur,
226 1386 304 1438 petest
319 1386 365 1428 sibi
382 1386 443 1428 recte
460 1385 549 1427 dicere:
572 1386 640 1427 «Hoc
657 1397 705 1427 non
723 1399 738 1428 a
754 1398 791 1427 me
807 1386 929 1437 processit,

83 1450 124 1491 sed
142 1450 221 1501 accepi
243 1449 412 1490 revelationem
436 1449 643 1500 supernaturalem
667 1450 710 1491 Dei
734 1449 858 1500 tamquam
882 1449 932 1491 mei

82 1512 214 1561 saluatoris,
229 1512 385 1561 auxiliatoris,
400 1511 592 1553 remuneratoris.
602 1530 613 1549 a
629 1513 675 1562 Sic,
691 1513 822 1554 dummodo
836 1512 936 1553 interna.

71 1576 160 1627 >gratia
181 1569 288 1616 elevante
309 1575 442 1624 adiuvetur,
467 1574 583 1616 salutares
606 1575 673 1617 actus
696 1576 754 1617 fidei
777 1576 819 1617 etc.
845 1576 934 1617 elicere

13 1631 14 1635 ’
82 1637 294 1690 potest.-'-Ge1·te
311 1649 360 1678 non
376 1638 440 1679 caret
455 1637 591 1679 difficultate
609 1638 710 1689 probare
726 1637 844 1679 eiusmodi
861 1651 930 1691 expe-

82 1701 194 1742 rientiam
216 1700 343 1750 internam,
360 1701 415 1742 licet
431 1701 497 1752 origo
514 1701 565 1741 eius
588 1700 671 1742 divina
694 1701 856 1753 cognoscatur,
879 1713 934 1743 esse

82 1764 226 1804 locutionem
239 1764 336 1814 proprie
352 1765 448 1813 dietum,
464 1775 524 1815 quae
539 1763 621 1805 tamen
635 1765 666 1806 ad
681 1764 756 1806 fidem
770 1766 866 1816 proprie
882 1766 934 1806 dic-v

82 1826 132 1867 tarn
147 1825 342 1877 praerequiritur.

82 1951 137 1992 694.
174 1951 222 1991 Alii
240 1951 342 2001 denique
359 1950 446 1991 iterum
464 1950 556 1992 tentant
573 1950 691 1994 maiorem
706 1962 835 1993 numerum
853 1952 932 1993 aetate

82 2014 219 2055 adultorum
247 2013 291 2054 hae
319 2013 345 2053 in
372 2014 397 2054 r'e
426 2012 558 2064 parvulis
583 2013 745 2065 aequiperare.
783 2014 930 2056 Gottlried

83 2076 225 2134 [Nepgleri
241 2087 255 2116 a
271 2076 366 2116 Graun
381 2077 407 2117 Ο.
425 2077 458 2117 M.
474 2076 539 2127 Gap,
556 2078 661 2118 institut.
678 2078 749 2118 theol.
767 2078 846 2128 dopm.
864 2089 926 2129 spec.

81 2139 110 2180 R.
127 2140 153 2179 P.
170 2139 262 2179 [ilberti
278 2139 369 2198 [Kuoll]
386 2151 400 2179 u
417 2139 521 2179 Bulsuno
544 2141 679 2191 recoqnime
705 2141 845 2193 (Oeniponte
863 2140 926 2192 1896)

82 2202 138 2243 tom.
153 2205 166 2243 3
179 2213 203 2252 p.
216 2204 288 2243 996s:
305 2202 333 2242 In
346 2201 409 2243 terra
421 2201 555 2253 glorificata
570 2220 580 2240 «
588 2201 700 2252 infantes,
714 2204 755 2254 qui
768 2204 858 2255 absque
871 2205 933 2255 bap--

81 2264 152 2305 tismo
170 2264 225 2305 inde
243 2264 384 2316 migrarunt,
404 2265 428 2305 et
445 2275 527 2306 omnes
544 2276 574 2306 ex
592 2265 723 2317 gentilibus
740 2268 808 2318 probi
827 2279 854 2309 ac
872 2267 933 2309 iusti:

81 2326 137 2368 laeti
150 2337 177 2368 ao
187 2327 250 2369 beati
262 2327 370 2369 vivent».
383 2353 415 2359 -
428 2327 525 2369 (lautius
540 2328 690 2371 Gutherlet
702 2342 732 2371 ex
744 2330 788 2371 hac
802 2330 869 2380 parte
884 2331 929 2371 dif-

81 2389 214 2430 ficultatem
233 2389 388 2440 problematis
405 2389 513 2432 minuere
532 2391 634 2433 studet¹.
653 2418 685 2424 -
704 2392 793 2434 Billot
811 2394 827 2434 l.
848 2405 868 2433 c.
889 2405 933 2434 no·-

81 2453 158 2493 strum
170 2452 295 2502 problema
305 2453 350 2493 hoc
363 2453 435 2494 modo
447 2453 504 2494 satis
516 2453 576 2495 solvi
589 2454 720 2496 existimat:
737 2455 864 2497 Peccatum
876 2458 933 2508 phi-⁴

80 2577 151 2614 welhe
163 2556 202 2613 der
214 2576 368 2620 Naturvdlker,
383 2578 421 2613 ein
432 2578 508 2615 Ratsel
522 2579 561 2615 der
573 2578 820 2624 Religionsgeschiehte,
837 2581 892 2617 StdZ
905 2581 934 2618 88*

83 2622 140 2667 (1914
147 2624 165 2669 s)
180 2622 280 2661 522—2533.
296 2624 314 2658 Ε
328 2624 504 2669 protestantibus
517 2625 576 2661 inter
590 2626 646 2661 alios
659 2626 751 2661 Nathan
763 2626 893 2663 deerblorn
908 2628 929 2664 et
992 2667 995 2670 Α

80 2668 166 2705 Friedr.
180 2669 256 2705 Heiler
269 2669 391 2705 sententiae
405 2671 469 2715 Lang
482 2670 631 2706 assenserunt.

143 2725 150 2746 ¹
165 2725 187 2760 L.
202 2734 219 2759 c.
233 2734 254 2770 p.
269 2723 333 2762 317s:
350 2736 360 2756 «
369 2724 459 2761 Solcher
473 2725 757 2770 Unzurechnungsfahigen
772 2727 807 2772 [in
820 2727 930 2763 sittlicher

81 2769 217 2815 Beziehung]
231 2770 287 2805 wird
299 2779 322 2806 es
333 2770 399 2805 unter
410 2771 454 2806 den
464 2771 557 2816 Heiden‚
569 2772 652 2808 welche
663 2773 704 2808 mit
715 2774 765 2810 dem
778 2772 929 2810 Christentum

81 2816 139 2851 noch
157 2816 181 2850 in
200 2824 241 2860 gar
258 2815 322 2851 keine
341 2816 475 2861 Beruhruug
493 2818 625 2862 gekommen
643 2818 701 2862 sind)
719 2819 934 2864 verhiiltnismassigv

82 2861 137 2897 viele
151 2862 228 2905 geben;
244 2861 268 2906 ja
282 2870 336 2897 man
350 2861 437 2897 mdehte
451 2863 579 2907 wiinschen‚
596 2865 648 2899 dass
663 2863 711 2900 ihre
727 2866 782 2901 Zahl
798 2867 849 2902 sehr
864 2875 928 2911 gross

82 2907 122 2949 sei;
134 2908 193 2943 denn
203 2916 268 2943 ruenn
279 2907 311 2943 sie
323 2907 382 2943 auch
392 2908 454 2944 nicht
466 2909 501 2945 die
513 2911 583 2954 ewige
594 2909 700 2954 Seligkeit
712 2911 820 2957 erlangen
831 2912 927 2953 konnen,

83 2962 107 2988 so
118 2954 208 2989 konnen
218 2953 250 2989 sie
262 2953 318 2989 doch
329 2953 387 2989 auch
398 2954 461 2990 nicht
472 2964 510 2990 zur
520 2956 586 2993 Hdlle
596 2957 721 2993 verdammt
730 2959 826 3000 werden;
838 2959 875 2993 ihr
886 2959 932 2993 Lus

82 2998 111 3034 ist
123 2999 163 3035 das
177 3000 216 3035 der
230 2999 319 3041 Kinder,
334 2999 416 3036 welche
431 3001 488 3037 ohne
501 3002 572 3038 Taufe
586 3002 680 3039 sterben.
691 3016 701 3036 a
716 3023 738 3029 -
752 3004 814 3040 Idem
828 3004 931 3039 senseratv
