2214 3350
276 166 393 202 scholium.
409 159 490 201 *Gratia
504 162 599 198 actualis
613 162 723 197 iustorum
887 136 934 194 407¹*

24 311 25 314 ,
77 273 148 323 (Viri.
162 284 186 323 p.
201 274 262 325 176)
282 292 291 311 a
299 273 435 315 Habitualis
448 270 569 323 gratia...
583 269 660 310 elevat
671 271 702 310 ad
714 268 863 318 operationes
876 267 924 308 dei-

75 336 174 383 formes,
190 336 212 376 et
226 336 376 388 nequidem,
392 337 432 377 ut.
443 367 464 375 ..
481 335 570 385 absque
581 333 738 383 ‘superaddito
752 333 841 383 prauae
857 331 924 372 adia

76 399 137 438 tario
152 399 228 449 possit
242 400 312 441 homo
328 400 445 441 salutares
461 398 528 438 actus
543 407 674 447 ponere...
693 395 784 445 Quippe
802 406 845 445 per
861 394 925 434 dona

76 461 208 502 habitualis
222 463 309 513 gratiae
324 462 477 503 constituitur
490 460 575 510 potens
584 457 775 500 ,connaturaliter
789 459 882 508 operari
898 458 924 497 in

74 524 160 564 ordine
184 526 366 575 supernaturali,
383 525 445 565 sicut
466 535 508 575 per
531 522 642 562 naturam
660 522 686 561 in
704 521 786 561 ordine
809 520 922 560 naturali.

73 587 149 637 Atqui
166 598 235 627 nemo
252 598 307 629 sane
324 588 411 629 dixerit
427 586 551 627 hominem
569 585 675 636 indigere
693 585 791 635 speciali
806 583 925 624 adiutoria

74 650 107 690 :ad
122 649 245 700 quodlibet
257 650 347 691 bonurn
363 650 481 691 naturalis
493 649 587 689 ordinis
600 658 667 699 opus.
677 666 686 684 >1

74 773 131 816 536.
165 775 181 811 7.
211 776 274 811 Multi
301 777 390 812 censent
418 776 528 821 propter
555 774 645 809 iontes
668 772 763 808 omnino
792 771 924 808 affirmative

75 827 255 871 respondendum
268 837 315 863 esse
330 828 360 863 ad
372 827 525 872 quaestionem
538 827 605 862 huius
620 825 704 861 scholii.
723 825 765 861 Sed
780 834 806 860 ex
820 832 925 869 praecon-

11 910 13 914 .
74 879 143 924 ceptis
159 879 216 914 ideis
232 879 303 923 fontes
321 888 385 925 saepe
402 879 460 923 saiso
476 879 637 922 iutellepautur
662 876 696 922 (ct.
714 877 812 920 Liupeus
829 886 850 911 n..
871 875 920 920 174).

76 931 266 966 Tridentinum
289 931 315 966 de
338 930 381 966 hac
398 940 422 965 re
440 930 497 965 nihil
515 932 592 966 docere
616 929 687 965 voluit
710 929 747 975 (ci.
767 929 894 966 Scholastth
914 927 923 961 1

77 982 146 1028 [luae]
163 982 215 1029 435).
233 982 308 1026 Neque
323 992 349 1017 ex
365 991 413 1018 can.
430 982 456 1018 22
470 991 541 1026 neque
557 992 583 1017 ex
599 991 645 1027 cap.
665 981 689 1017 1ss
705 981 827 1026 quidquam
845 980 924 1015 deduci

75 1033 152 1078 potest.
170 1033 253 1076 Virtus,
271 1043 339 1078 quam
355 1033 458 1069 *Christus
475 1034 557 1077 iugiter
574 1034 599 1068 in
615 1032 747 1068 iustificatos
764 1032 845 1074 influit,
865 1040 922 1077 quae

72 1086 224 1121 eorumbene
238 1094 305 1130 opera
319 1084 430 1120 antecedit
444 1085 465 1120 et
479 1085 597 1120 comitatur
612 1085 632 1120 et
647 1084 795 1129 subsequitur,
811 1084 883 1129 potest
898 1092 924 1118 ex

72 1137 186 1172 habituali
202 1146 253 1172 eum
267 1137 357 1172 rChristo
374 1136 529 1172 coniunctione
546 1137 668 1181 provenire,
687 1137 720 1171 uti
738 1135 806 1171 etiam
822 1135 923 1181 exempla

9 1190 12 1197 ’
74 1188 127 1223 vitis
141 1188 162 1224 et
176 1179 256 1234 capitis
270 1188 394 1223 insinuant.
410 1207 434 1213 -
449 1189 476 1223 In
489 1188 675 1223 Adnotatieuibus
691 1188 720 1223 aa
736 1189 773 1223 lum
792 1189 882 1223 schama
898 1188 923 1222 de

72 1239 141 1275 >doctr
170 1240 226 1276 cath.
253 1239 385 1276 Vaticano
411 1239 550 1285 propositum
576 1249 622 1284 cap.
644 1239 667 1276 18
686 1248 707 1275 n.
727 1239 752 1275 43
778 1238 820 1284 tCL
840 1238 857 1283 7,
877 1238 921 1283 552)

72 1300 178 1337 expresse
195 1291 275 1327 dicitur
292 1291 328 1327 hic
345 1301 391 1326 nan
408 1292 483 1327 dirimi
500 1291 653 1336 quaestionem
670 1290 728 1327 inter
743 1291 857 1335 theologos
874 1299 924 1326 con-

72 1343 205 1384 troversam,
221 1343 297 1378 utrum
311 1343 336 1378 in
350 1343 416 1379 iustis
432 1342 461 1379 ad
477 1343 577 1388 stropulos
593 1345 656 1379 aetus
671 1342 780 1378 virtutum
795 1343 928 1387 requiratur,

75 1396 152 1440 aliqua
165 1394 262 1431 eacitaus
277 1396 351 1440 aratia
363 1395 465 1439 actualis,
481 1395 587 1431 distincta
601 1405 615 1431 a
627 1394 702 1439 gratia
715 1394 859 1441 permanente
873 1402 923 1428 curn

71 1448 188 1483 habitibus
201 1448 289 1491 infusis,
306 1457 336 1483 au
350 1447 405 1483 haec
420 1448 479 1483 dona
493 1447 620 1483 habitualia
634 1447 680 1482 sint
694 1446 832 1483 adiutorium
846 1456 885 1492 per
901 1456 922 1482 se

1 1501 2 1505 ’
72 1499 186 1534 sufficiens
199 1499 302 1534 adactus
316 1499 506 1544 supernaturales*7
520 1499 565 1534 nisi
578 1498 718 1534 difficultates
730 1497 838 1545 speciales
851 1507 924 1534 neces-

71 1552 159 1587 sariam
183 1552 277 1587 reddant
302 1551 435 1587 excitantem
459 1550 557 1595 gratiam
582 1551 706 1595 specialem.
732 1569 756 1575 -
780 1549 923 1585 Indiculus

70 1613 121 1649 cap.
137 1602 166 1639 8s
183 1605 220 1649 (ΒΖ
235 1602 269 1638 134
277 1604 298 1649 s)
310 1604 382 1647 magis
397 1604 471 1647 fauere
484 1603 573 1638 videtur
586 1602 710 1637 sententiae
725 1600 853 1644 affirmanti3
868 1611 922 1637 nam

73 1655 173 1699 loquitur
190 1655 215 1690 de
233 1654 315 1690 auxilio
333 1655 408 1689 divino
425 1655 493 1689 etiam
509 1654 575 1689 iustis
591 1654 615 1688 iu
632 1654 727 1697 siupulis
746 1655 808 1689 honis
826 1655 922 1689 motibus

70 1706 138 1741 liberi
152 1706 239 1742 arbitrii
253 1707 378 1741 necessario
392 1706 413 1741 et
427 1715 442 1741 a
454 1707 499 1742 Deo
514 1707 614 1741 oratione
628 1706 774 1751 impetrando.
790 1706 836 1742 *Sed
850 1706 922 1751 potest

16 1797 19 1800 Α
71 1757 208 1793 sufficienter
222 1758 327 1803 explicari
342 1758 368 1793 de
381 1758 476 1793 aeternis
490 1757 570 1801 gratiis
584 1758 651 1792 simul
663 1754 716 1792 ‘aum
730 1759 818 1793 interno
833 1757 922 1802 influxu

74 1809 197 1844 habituum.
214 1810 274 1844 Idem
289 1810 335 1845 iere
349 1809 408 1844 valet
424 1809 451 1844 de
466 1809 630 1844 Arausicani
645 1818 692 1844 can.
708 1809 720 1845 9
736 1810 773 1855 (Dz
790 1808 841 1853 182).
859 1809 922 1844 Eius·
953 1847 955 1850 Α

70 1861 124 1895 dem
146 1860 233 1895 concilii
249 1870 296 1896 can.
315 1860 339 1896 10
354 1861 428 1906 potius
444 1861 491 1905 agit
506 1861 532 1896 de
549 1861 660 1896 adiutorio
683 1860 711 1895 acl
734 1861 922 1905 perseverandum

73 1912 207 1955 necessaria
220 1921 267 1948 can.
282 1913 307 1948 24
318 1913 385 1948 vitale
399 1912 531 1948 alimentum
544 1923 558 1948 a
569 1913 613 1948 vite
625 1912 755 1958 palmitibus
767 1913 922 1948 subministra-

70 1964 122 1999 tum
134 1964 206 2009 potest
220 1964 319 2009 intellegi
334 1965 360 1999 de
374 1965 471 2007 auxiliis,
485 1973 542 2008 quae
557 1974 582 2000 er
596 1965 708 2000 habitibus
723 1964 843 2010 profluunt.
858 1985 882 1990 -
896 1967 922 2000 In

70 2016 135 2050 omni
151 2015 262 2051 sententia
276 2016 324 2050 iure
342 2018 425 2059 oratur,
442 2017 467 2051 ut
482 2017 562 2052 cuncta
575 2018 653 2052 nostra
668 2015 739 2051 oratio
755 2018 776 2052 et
792 2016 892 2061 operatio
908 2027 922 2052 a

70 2068 119 2102 'Deo
130 2067 289 2112 praeveniatur
300 2067 321 2103 et
332 2067 456 2103 adiuvetur.
471 2069 529 2103 Nam
540 2069 614 2113 gratia
627 2077 712 2113 semper
724 2069 786 2104 utilis
800 2070 832 2104 est
845 2070 865 2104 et
878 2077 923 2112 qua

70 2130 159 2156 sanans
176 2130 240 2165 saepe
255 2120 370 2155 moraliter
385 2120 519 2155 necessaria.
538 2121 636 2156 Tandem
654 2120 755 2166 efficacia
772 2121 851 2156 auxilii
868 2129 923 2156 sem-

70 2182 113 2218 per
129 2173 224 2208 decisive
240 2182 253 2208 a
268 2174 313 2208 Deo
330 2182 356 2208 ex
370 2172 441 2207 variis
456 2172 547 2207 auxiliis
569 2172 712 2217 possibilibus
734 2182 805 2208 unum
828 2173 922 2216 eligente

74 2224 183 2269 dependet
199 2223 237 2270 (th.
253 2223 292 2268 et).
309 2243 332 2249 —-
346 2225 387 2259 His
402 2224 422 2259 et
437 2224 548 2259 similibus
561 2224 633 2260 modis
648 2234 724 2260 omnes
738 2225 811 2260 textus
827 2225 923 2259 fontium

70 2277 101 2311 :ab
113 2276 248 2311 adversariis
256 2275 395 2311 necessitatis
403 2275 509 2321 explicari
521 2277 619 2322 possunt.
628 2276 723 2322 -Apud
733 2276 838 2312 veteres
850 2277 923 2312 theo-

70 2326 149 2371 logos
165 2327 236 2362 status
251 2327 388 2372 quaestionis
401 2328 502 2362 noudum
516 2329 565 2364 erat
578 2328 633 2364 satis
649 2328 779 2364 elucidatas.
798 2328 921 2372 Thomas,

73 2379 94 2414 S.
113 2378 140 2413 ih.
158 2378 174 2422 1¹,
189 2379 200 2414 2
214 2388 232 2423 q.
249 2378 284 2415 109
298 2390 317 2415 a.
333 2378 345 2414 9
358 2380 426 2423 negat
438 2379 509 2422 illum,
525 2381 564 2424 qui
577 2380 623 2415 iarn
637 2381 767 2415 consecutus
782 2381 811 2415 sit
825 2380 923 2424 gratiam

72 2429 238 2476 (habitualem),
250 2440 289 2476 per
301 2440 323 2465 se
335 2430 409 2475 ipsum
420 2440 485 2475 posse
497 2433 585 2476 operari
596 2434 680 2467 bonum
692 2433 713 2468 et
724 2432 795 2467 vitare
806 2433 923 2477 peccatum

74 2482 157 2526 absque
174 2482 256 2516 auritio
273 2482 363 2526 qratiaa.
381 2482 426 2518 Sed
441 2482 541 2518 eiusdem
557 2484 634 2518 auxilii
650 2483 804 2518 necessitatem
820 2493 846 2519 ex
861 2483 922 2519 hisce

70 2533 162 2568 duabus
178 2533 264 2569 derivat
279 2533 415 2570 rationibus:
436 2535 457 2580 a)
477 2534 565 2570 «Nulla
579 2545 614 2571 res
630 2536 706 2570 creata
721 2534 793 2579 potest
809 2534 834 2570 in
849 2545 923 2580 quem-

73 2595 167 2630 cumque
182 2586 256 2621 actum
269 2585 357 2631 prodire
371 2585 415 2620 nisi
430 2587 511 2621 uirtute
525 2587 628 2622 motionis
644 2587 731 2621 diuinae
740 2600 758 2628 n,
774 2588 833 2631 quod
846 2596 886 2631 per
899 2597 922 2623 se

73 2647 119 2672 non
133 2637 185 2683 plus
200 2638 279 2683 probat
295 2646 362 2682 quam
378 2637 534 2673 necessitatem
551 2635 672 2673 concursus
688 2639 804 2682 perterritis.
823 2641 844 2685 h)
862 2641 922 2675 Licet
946 2662 947 2667 .

72 2698 136 2724 mens
148 2698 188 2735 per
200 2689 298 2734 gratiam
310 2688 448 2724 habitualem
462 2690 544 2732 sanata
557 2691 591 2734 sit,
606 2691 706 2725 remanet
720 2691 796 2726 tamen
810 2692 922 2736 corruptio

74 2743 95 2775 et
108 2741 198 2785 ‘infectio
213 2741 286 2776 caruis
301 2749 387 2776 necnon
402 2742 513 2784 quaedam
527 2742 667 2786 iquorautiae
683 2743 805 2778 obscuritas
821 2744 845 2778 in
859 2742 922 2778 intel-

70 2792 139 2835 'leetu3
157 2805 167 2824 1(
176 2792 197 2828 ei
211 2793 260 2828 ideo
275 2801 363 2827 necesse
380 2792 412 2826 est
428 2791 498 2834 nobis,
516 2794 541 2828 ut
557 2804 570 2829 a
585 2795 629 2829 Deo
644 2793 769 2837 diriqaruur
785 2797 806 2829 et
822 2797 922 2839 prataqu-

73 2853 151 2886 mur»,
171 2845 230 2889 quod
246 2844 332 2879 indicat
349 2843 505 2879 necessitatem
525 2846 625 2881 cateruae
646 2847 731 2889 qratiae
749 2848 857 2883 sanantis.
879 2848 923 2883 Sed

71 2895 100 2930 de
116 2904 173 2930 novo
189 2896 245 2930 dono
262 2895 346 2931 actuali
363 2895 392 2930 ad
408 2895 564 2932 excitationem
580 2898 698 2933 habituum
715 2899 923 2943 supernaturalium

74 2947 181 2990 requisito
195 2947 252 2982 nihil
266 2947 339 2982 habet.
356 2948 429 2990 Quare
444 2947 512 2983 etiam
527 2948 676 2984 caietanus
690 2951 712 2985 et
726 2950 811 2986 Billot
826 2951 923 2986 mentem
