2214 3350
168 36 180 63 a

144 130 167 166 72
277 131 331 167 Seni.
346 104 369 165 1(
378 130 423 165 Art.
439 131 467 165 Π.
483 130 493 174 ἕ
506 128 522 164 1.
538 129 596 173 Quid
609 128 691 163 natura
704 126 769 171 lapsa
782 126 852 171 possit

144 238 239 279 divinae
252 239 344 289 gratiae
358 238 465 279 antidoto
477 237 612 288 expellitur.
628 236 652 276 Si
665 230 740 276 homo
753 246 814 285 opus
827 234 918 275 bonurn
932 246 948 274 a
962 244 988 273 se

143 303 233 345 iactum
259 304 400 352 considerat,
428 301 588 344 infallibiliter
601 302 631 340 ,111
651 312 676 341 se
695 300 747 351 ipso
766 297 914 354 gloriabitur.
943 299 986 339 Sin

141 363 212 418 opere
229 368 292 409 iacto
309 369 389 410 statim
407 379 475 409 mens
491 367 542 407 eius
558 366 604 406 alic
622 370 739 412 avocetur,
757 375 801 414 per
817 364 926 403 accidens
943 363 986 403 illa

141 433 260 483 philautia
274 433 355 474 deesse
369 432 451 483 potest,
467 432 507 471 sed
521 431 566 470 hoc
580 429 762 488 noncontinget
777 427 827 468 sine
843 428 988 478 specialibus

143 498 233 548 gratiae
248 498 346 539 auxiliis
363 497 442 549 (Vana.
459 501 551 545 analect.
569 506 588 534 c.
605 489 644 540 31
660 495 691 544 4).

144 634 196 675 120.
233 634 257 684 b)
274 634 345 674 Gabr.
361 632 468 684 vazquez
485 631 507 670 S.
523 631 543 670 J.
562 631 586 681 (t
602 630 664 681 1601)
681 628 814 669 doctrinam
829 629 851 669 et
865 630 889 670 S.
905 629 986 680 Aaou*

142 698 199 738 stine*
209 699 233 739 et
244 698 269 737 S,
278 698 388 738 'Tnoncae
399 697 443 736 hoc
455 692 527 735 inodo
537 695 599 735 recte
610 694 724 745 explicari
736 693 815 744 putat:
834 694 985 734 Voluntatem

142 763 202 803 bene
223 762 376 812 operaturam
393 760 533 810 praecedere
550 770 645 799 necesse
667 759 704 799 est
727 757 930 811 cogitationem
955 758 986 798 de

140 827 203 867 bonu
215 826 336 874 iaciendo,
354 836 455 876 eamque
471 835 519 863 nou
535 823 674 874 quamlibet,
694 823 735 863 sed
753 834 917 874 congruam,
936 834 985 873 qua

140 893 230 932 bonum
244 890 277 930 ita
290 889 425 938 suadeatur,
441 890 467 930 ut
480 889 503 929 et
514 889 692 940 persuadeatur.
708 888 792 928 Omnis
805 899 862 929 vero
874 887 987 938 cogitatio

141 967 252 1007 congrua,
269 950 324 996 licet
339 953 461 995 entitative
477 953 507 994 sit
522 952 645 1002 naturalis,
663 953 760 1003 speciali
775 953 820 993 Dei
835 954 915 992 subest
930 964 984 1003 pro-

141 1020 266 1068 cidentiae,
282 1020 306 1061 et
319 1019 356 1060 est
369 1019 487 1059 auxilium
502 1019 623 1059 creaturae
636 1018 747 1059 rationali
762 1018 787 1057 in
802 1016 869 1058 omni
884 1017 985 1058 statuet

138 1096 152 1124 a
165 1083 257 1141 fortiori
270 1084 363 1125 homini
376 1084 442 1139 lapso
455 1094 503 1122 nan
516 1083 624 1123 debiturn
636 1083 705 1123 titulo
717 1083 843 1123 creationis
857 1083 879 1138 et
892 1092 985 1135 conser-

138 1139 249 1197 rationis,
260 1149 316 1189 hinc
327 1161 342 1189 a
351 1149 407 1196 Deo,
420 1148 462 1199 qui
472 1148 523 1188 eius
534 1148 705 1197 congruitatem
718 1147 767 1188 sive
778 1146 905 1188 efficaciam
916 1158 983 1197 prae-

139 1214 210 1262 videt,
229 1207 326 1267 speeiali
343 1213 505 1267 benevolentia
520 1213 584 1253 etin
601 1211 662 1253 statu
677 1211 775 1253 naturae
792 1212 874 1262 lapsae
889 1212 917 1252 ob
934 1222 982 1250 rne-

139 1278 185 1318 rita
207 1278 296 1318 Christi
316 1277 508 1329 praedestinatur
527 1277 551 1318 et
572 1277 698 1318 confertur.
722 1277 771 1317 Hoc
792 1276 883 1317 auxilio
903 1277 985 1328 quoad

139 1343 239 1382 modain
255 1342 431 1392 supernaturali
447 1341 547 1392 possunt
561 1342 632 1382 etiam
648 1342 703 1382 iieri
719 1348 784 1381 actas
800 1341 922 1390 salutares,
940 1340 982 1391 qui

139 1407 222 1447 saltem
236 1413 325 1446 remote
337 1406 369 1446 ad
383 1404 576 1447 iustificationem
591 1404 727 1456 disponunt.
743 1406 778 1446 Ex
792 1405 862 1446 dictis
876 1405 983 1456 sequitur

139 1470 234 1510 nullum
248 1480 308 1519 opus
322 1468 421 1509 moralis
434 1468 529 1509 virtutis
542 1470 573 1509 ab
588 1469 688 1509 homine
697 1469 764 1518 lapso
779 1469 834 1509 fieri
849 1480 916 1519 posse
931 1469 984 1509 sine

139 1533 220 1585 aliquo
239 1533 330 1574 arixilio
348 1533 439 1584 gratiae
457 1533 500 1572 Dei
520 1545 563 1584 per
583 1531 703 1574 Christum
727 1533 764 1583 (In
784 1535 803 1582 l,
824 1535 838 1573 2
857 1531 918 1583 disp.
940 1535 981 1572 189

137 1596 161 1637 et
177 1598 224 1648 roo)
235 1598 251 1635 1.

139 1728 188 1768 121.
224 1728 246 1779 c)
270 1729 371 1769 Ioannes
391 1727 508 1768 Martiuez
530 1729 558 1769 de
581 1727 681 1779 Ripulda
697 1729 720 1768 S.
737 1728 758 1767 J.
778 1728 881 1779 (11618)
904 1727 980 1767 aliurn

137 1793 236 1833 modurn
251 1792 388 1842 explicandi
403 1792 467 1832 dicta
482 1791 588 1832 veterum
604 1791 757 1842 excogitavit:
776 1793 812 1831 Ea
828 1798 913 1832 natura
929 1787 980 1842 'qui-

137 1856 191 1896 deni
210 1857 245 1895 ree'
264 1856 295 1896 ad
314 1867 375 1906 opus
394 1855 484 1896 morale
504 1856 572 1896 nulla
592 1856 667 1906 gratia
687 1855 828 1905 simpliciter
848 1855 910 1896 dicta
931 1856 980 1895 sive

137 1920 267 1970 theologica
284 1919 422 1970 requiritur3
440 1921 519 1960 tamen
537 1920 566 1959 en
582 1919 683 1969 positiva
699 1920 744 1959 Del
761 1919 811 1970 leae
829 1919 852 1959 et
868 1930 979 1970 superna-

137 1984 208 2025 turali
226 1984 376 2034 providentia
400 1985 495 2024 nullum
518 1996 580 2035 opus
602 1984 698 2024 virtutis
722 1983 850 2034 acquisitae
869 1982 920 2025 sine
937 1983 979 2024 tali

136 2047 213 2098 gratia
226 2048 280 2087 fieri
294 2049 376 2098 potest.
392 2048 453 2088 Nam
468 2048 530 2088 Deus
545 2047 633 2095 statuit,
649 2048 676 2088 ut
689 2048 769 2088 onmis
782 2047 881 2088 conatus
894 2048 919 2087 iu
933 2048 982 2088 vir*

136 2111 194 2152 tutis
208 2110 310 2151 officium
327 2123 382 2152 cum
397 2110 488 2152 auxilio
503 2111 645 2152 intrinsecus
660 2110 836 2162 supernaturali
853 2112 979 2162 coniunga-

136 2175 182 2223 tur,
197 2174 223 2215 ut
235 2175 284 2214 scil.
298 2175 335 2216 vel
348 2187 377 2214 ea
388 2175 489 2226 irnperio
502 2174 604 2215 alicuius
616 2175 682 2216 actus
694 2174 884 2225 supernaturalis
895 2175 979 2216 saltem

135 2237 281 2278 extrinsecus
300 2238 415 2279 reddatur
433 2238 622 2289 supernaturalis
638 2239 663 2281 et
681 2238 792 2279 salutaris
811 2238 849 2279 vel
869 2240 979 2279 cornilern

135 2301 222 2342 habeat
242 2302 321 2343 actum
343 2302 548 2352 supernaturalem
571 2302 631 2343 circa
653 2302 717 2344 idem
738 2302 857 2343 obiectum
879 2303 978 2344 formale

139 2366 182 2417 (De
194 2371 247 2405 ente
257 2372 376 2416 supernae.
389 2367 405 2407 l.
418 2370 429 2408 1
443 2367 503 2416 disp.
516 2370 551 2415 20;
564 2367 580 2406 1.
593 2369 606 2407 5
618 2367 678 2418 disp.
692 2370 733 2407 114
745 2367 799 2408 sect}
813 2369 874 2406 1311.
889 2369 976 2420 11055).

135 2430 229 2471 Omissa
242 2429 287 2470 isto
300 2429 390 2480 duplici
405 2431 477 2471 modo
491 2430 625 2481 explicandi
640 2431 772 2471 substantia
787 2431 860 2470 liuius
874 2431 977 2473 theoriae

134 2493 207 2534 estin
220 2504 256 2541 eo,
270 2493 297 2535 ut
308 2507 339 2535 ex
352 2493 491 2535 historica
504 2495 674 2536 necessitate
688 2505 822 2546 numquam
837 2495 890 2535 lieri
904 2497 978 2547 possit

135 2558 202 2598 actus
216 2550 338 2606 honestus,
354 2558 412 2609 quin
428 2558 518 2599 auxilio
533 2558 622 2610 gratiae
638 2560 717 2600 stricte
733 2558 921 2610 supernaturalis
937 2562 977 2601 ha-

134 2622 220 2662 beatur
236 2621 303 2662 actus
319 2621 436 2663 salutaris.

203 2717 217 2753 4
235 2712 393 2763 Qualilicatio.
411 2715 534 2755 Morallter
550 2720 619 2755 certa.

188 2861 209 2902 [¹
232 2865 293 2899 Haec
313 2864 424 2901 sententia
443 2866 556 2901 nonnullis
577 2866 689 2902 modernis
710 2866 825 2911 theologis,
846 2866 978 2911 praesertim

134 2910 235 2956 Schlfflni
249 2909 380 2946 et'Portalr'a'
396 2911 470 2956 (DdTh
485 2911 501 2954 1,
515 2911 589 2957 23865)
605 2913 767 2956 quadamtenus
781 2912 869 2958 placere
882 2913 975 2949 videtur.
