2214 3350
135 136 139 138 -
174 154 211 194 268
295 155 349 193 sect.
363 155 403 191 III.
417 155 463 190 Art.
477 154 505 190 ΙἸ.
517 156 548 191 De
561 154 625 190 donis
636 154 661 190 in
671 151 829 190 iustificatione
842 152 901 188 datis

175 263 295 309 Spiritus
313 263 440 305 Sanctus,
459 272 514 308 quae
532 265 622 298 ammae
639 261 760 307 qualitates
776 260 884 296 informat
902 260 923 295 et
940 260 1021 295 sancti-

173 314 232 359 ficat,
250 315 276 350 ut
293 315 325 351 eis
343 316 420 352 anima
437 314 570 350 informetur
587 314 608 350 et
625 312 781 357 sanctificetur,
802 313 850 347 sine
868 321 914 356 qua
932 312 1020 347 animae

174 366 273 410 qualitas
286 375 332 402 non
346 366 428 403 dicitur
442 367 519 409 virtus,
536 366 589 410 quia
602 374 648 399 non
661 364 721 400 valet
736 373 816 400 sanare
832 364 932 399 animam
940 377 949 396 a
968 363 992 408 (c.
1009 363 1022 399 9

172 427 194 453 n.
212 418 255 463 247)
265 420 279 454 1.

242 499 267 551 b)
286 498 373 539 Baius
395 497 528 539 habitualia
551 498 614 538 dona
636 473 792 544 iusti-ficantia
816 495 900 542 saltem
922 495 1025 541 omnino

173 561 278 612 neglegit
292 562 315 603 et
329 561 398 607 unice
414 560 498 602 tractat
512 560 542 600 de
557 559 644 600 actuali
660 559 751 601 iustitia
766 569 873 609 operum,
890 570 951 609 quae
967 569 1020 598 con-

174 624 242 666 sistet
256 625 280 665 in
295 623 444 665 oboedientia
459 623 525 673 legis.
542 624 623 674 Neque
637 622 866 673 Augustinenses
882 621 938 663 satis
953 621 1020 662 oesti-

174 698 240 728 mare
256 687 368 728 videntur
382 686 480 727 habitus
494 686 595 726 infusos.

242 779 263 829 c)
287 779 386 819 Ioannes
407 777 513 818 Moribus
537 777 621 829 Gongr.
644 776 708 818 Orat.
735 777 837 828 (i1659)
862 776 919 817 satis
939 775 1020 825 aperte
1073 818 1075 822 ,

138 843 140 845 ’
173 841 254 882 innuit
269 841 314 882 sibi
330 840 423 892 placere
440 839 589 888 sententiam,
607 851 668 890 quae
685 839 797 889 negatis
813 838 898 880 donis
913 838 1020 879 infusis

172 904 270 954 physice
290 903 487 953 permanentibus
507 902 686 943 renovationem
706 902 826 943 internam
847 901 954 953 explicat
970 907 1020 952 p'er

174 966 262 1007 solani
281 966 422 1007 actualem
440 965 595 1007 motionem
614 965 690 1006 divini
709 964 793 1006 anxilii
812 965 836 1006 et
853 965 957 1006 maxime
976 976 1020 1015 per

173 1029 266 1070 actum
282 1029 414 1070 caritatis
431 1028 627 1080 supernaturalis,
646 1029 687 1079 qui
704 1040 734 1069 ex
750 1028 836 1069 natura
853 1038 897 1069 sua
911 1027 1018 1068 animam

172 1093 303 1134 iustificare
320 1084 343 1133 et
360 1093 411 1133 sine
435 1092 519 1133 habitu
537 1103 548 1132 e
567 1091 629 1133 statu
652 1090 742 1141 peccati
760 1091 785 1132 in
803 1090 891 1132 statum
915 1090 1019 1133 iustitiae

171 1155 264 1196 mutare
277 1155 359 1206 possit;
373 1167 446 1206 quem
461 1153 696 1196 sententiam‘tamen
709 1155 806 1206 propter
818 1153 952 1195 obstantem
965 1164 1019 1193 auc-

172 1218 291 1260 toritatem
307 1218 412 1258 firmiter
426 1229 577 1269 propugnare
593 1229 640 1257 non
656 1217 736 1258 audet.

234 1311 410 1347 commentarius
429 1309 548 1345 historicos
568 1309 594 1345 de
614 1309 772 1355 disciplina...
792 1310 928 1345 sacramenti
944 1309 1019 1355 poeot-

173 1363 255 1398 tentioe
267 1363 281 1398 l.
296 1362 307 1399 8
320 1372 337 1398 c.
352 1362 365 1398 2
378 1372 398 1398 n.
413 1364 433 1405 53
446 1362 490 1402 c.¹7
502 1371 523 1398 n.
538 1362 551 1398 2
564 1362 597 1399 12:
614 1363 657 1397 Per
670 1362 836 1408 philosophiam
849 1361 1018 1407 peripateticam

171 1414 256 1450 multae
270 1414 412 1459 quaestiones
425 1413 556 1449 insolubiles
571 1414 596 1449 in
609 1413 745 1458 theologiam
758 1413 863 1449 inductae
878 1413 935 1450 sunt.
952 1413 1019 1449 Habi-

171 1467 236 1501 tuum
248 1466 375 1502 infusorum
388 1466 490 1501 doctrina
500 1465 631 1502 ¹Patribus
644 1465 738 1510 ignota
751 1465 817 1510 atque
829 1464 899 1501 etiam
912 1475 926 1501 a
938 1465 1018 1510 primis

172 1518 315 1554 Scholasticis
328 1518 418 1552 omnino
431 1517 514 1552 omissa
527 1518 565 1553 est.
582 1530 592 1550 e
600 1517 766 1553 scholastici
779 1517 915 1563 disputando
928 1517 1018 1552 tandem

171 1569 268 1609 assecuti
286 1569 338 1604 sunt
353 1569 459 1613 gratiam,
478 1578 523 1613 qua
539 1569 641 1614 peccator
658 1568 799 1613 iustificetur,
819 1569 921 1612 habitum
938 1578 985 1610 esse
1003 1577 1019 1604 a

131 1657 133 1659 ,
170 1623 216 1657 Deo
232 1622 320 1656 animae
336 1621 443 1664 intusum.
462 1620 540 1657 Multi
557 1621 656 1656 doctores
674 1621 752 1657 contra
767 1620 808 1656 hos
825 1620 916 1656 habitus
932 1621 1017 1657 recla-

170 1673 289 1715 marunt,
306 1672 388 1717 diuque
404 1681 475 1717 aequo
491 1672 562 1708 marte
579 1673 710 1717 pugnatum.
730 1673 772 1710 Sed
787 1672 879 1709 tandem
896 1681 919 1708 c:
931 1683 950 1709 a.
970 1672 1019 1708 1240

170 1724 280 1760 deferbuit
292 1724 339 1760 tota
350 1724 391 1760 illa
404 1724 533 1770 disputatio,
548 1733 667 1770 omnesque
681 1724 780 1761 doctores
792 1725 818 1760 in
830 1724 948 1760 habituum
960 1725 1018 1771 posi-

170 1775 253 1812 tionem
267 1776 482 1812 consenserunt»
499 1778 524 1823 (c.
540 1776 585 1812 2n.
603 1776 641 1823 13).
658 1776 809 1817 «scholastici
824 1776 915 1822 plurimi
929 1777 950 1812 et
963 1776 1017 1813 cele-

169 1827 293 1864 berrimi...
306 1826 419 1863 affirmant
430 1827 504 1863 mille
516 1836 599 1873 supra
610 1829 716 1864 centum
728 1827 807 1864 annis
818 1829 889 1864 totam
899 1827 1017 1865 habituum

170 1880 297 1915 infusorum
320 1879 446 1915 doctrinam
469 1880 494 1914 in
518 1879 617 1915 Ecclesia
641 1880 768 1924 ignoratam
792 1880 870 1922 inissa
896 1880 1015 1916 Patres...

170 1931 267 1967 hominis
283 1931 346 1976 impii
357 1930 555 1969 ,testificationem
565 1958 584 1966 ..
602 1931 649 1967 sine
666 1931 752 1976 gratiae
767 1931 891 1968 habitualis
906 1932 1017 1968 mentione

171 1982 414 2028 explicasse;·actualia
429 1981 514 2017 auxilia
528 1983 614 2027 gratiae
629 1984 650 2018 et
665 1992 733 2028 opera
748 1982 799 2019 hinc
815 1983 914 2029 proiecta
928 1984 1016 2019 tantum

170 2042 362 2076 commemorasse;
377 2033 475 2078 gratiam
491 2033 629 2069 habitualem
645 2034 675 2070 ad
690 2034 731 2069 hos
747 2033 838 2070 effectus
853 2043 901 2070 esse
917 2043 1017 2071 necessa-

113 2185 114 2189 =
231 2169 239 2190 1
253 2167 359 2204 Eiusdem
371 2168 494 2204 sententiae
507 2168 598 2204 inerunt
612 2168 762 2205 Guilelmus
776 2179 790 2205 a
803 2169 824 2206 S.
841 2169 1016 2213 Theoderico,

170 2214 198 2249 io
209 2213 278 2258 Epiri.
293 2214 322 2249 od
333 2215 395 2251 Rom.
409 2215 428 2257 5,
441 2214 453 2251 8
466 2215 515 2260 (ML
528 2214 569 2259 180,
582 2213 625 2260 613)
640 2215 661 2251 et
673 2215 738 2251 Liber
751 2214 776 2250 de
789 2214 959 2259 contemplando
972 2216 1017 2251 Deo

169 2260 199 2296 3s
218 2261 266 2305 (ML
283 2259 398 2305 184‚371s);
415 2260 491 2304 Hugo
508 2269 523 2296 a
539 2261 559 2296 S.
579 2261 696 2304 Victore,
715 2262 746 2297 De
764 2262 830 2297 laude
848 2262 948 2297 caritatis
966 2262 1016 2306 (ML

170 2305 211 2349 176,
230 2305 282 2350 975);
301 2306 437 2342 Martinus
456 2305 644 2351 Legionensis,
664 2308 741 2344 Sermo
759 2307 783 2343 34
804 2306 853 2352 (ML
871 2306 913 2349 208,
934 2306 1016 2353 1304s);

170 2352 244 2388 adhuc
267 2351 421 2389 Richardus
445 2352 575 2388 Fishacre
601 2352 624 2397 (i
643 2352 707 2398 1248),
726 2353 754 2388 in
771 2355 831 2391 sent.
850 2353 862 2389 3
881 2353 916 2399 (ef.
936 2354 963 2389 de
980 2352 1016 2393 his

169 2399 193 2433 A.
213 2397 351 2442 Landgraf
367 2399 392 2433 in
409 2397 534 2434 Scholastik
550 2398 562 2434 3
581 2398 651 2444 [1928]
667 2399 690 2436 51
708 2400 751 2435 not.
770 2400 797 2445 2).
816 2418 840 2424 -
854 2399 955 2435 Eandem
971 2400 1017 2444 opi·

169 2444 260 2479 nionem
276 2443 303 2479 ab
320 2444 423 2480 omnibus
438 2444 547 2488 theologis
563 2445 612 2480 iure
629 2444 756 2481 derelictam
774 2443 867 2490 quidam
883 2445 1016 2481 recentiores

171 2489 440 2525 Semirationalistae
464 2490 628 2534 quadamtenus
652 2490 780 2527 instaurare
803 2490 929 2536 voluerunt,
953 2499 1016 2537 prae-

169 2535 247 2571 sertim
264 2534 378 2572 Stattler
395 2537 415 2571 et
432 2535 518 2571 Kuhn.
536 2555 559 2562 -
577 2536 647 2572 Const.
667 2546 686 2574 v.
707 2536 843 2580 Schdzler,
860 2537 922 2573 Neue
940 2538 1016 2574 Ueter-

169 2581 306 2625 corbunaco,
319 2590 339 2626 p,
352 2580 399 2619 335:
415 2595 426 2615 ι(
434 2583 473 2618 Die
484 2582 642 2619 inharierende
653 2583 719 2619 Liebe
729 2583 759 2619 ist
769 2584 829 2620 nach
840 2582 1015 2627 Stattiereine

169 2627 376 2663 selbsterworbene.
385 2654 404 2663 ..
422 2629 528 2672 Dagegeu
542 2627 572 2664 ist
586 2628 633 2664 ihm
649 2629 688 2665 der
703 2629 793 2664 habitus
809 2628 910 2665 caritatis
926 2630 1016 2672 infusus

168 2673 220 2709 Gott
236 2673 314 2714 selber,
333 2672 428 2709 welcher
446 2674 495 2710 dem
514 2674 634 2710 Menschen
651 2675 712 2711 seine
730 2674 841 2710 Allmacht
858 2684 909 2711 zum
926 2676 1015 2712 Zwecke

169 2718 230 2754 eines
248 2719 317 2762 gui-en
336 2719 596 2764 Vermbgensgebrauchs
616 2720 754 2761 anbietet.-.
774 2720 824 2760 Nur
843 2729 874 2763 sc,
895 2722 964 2757 meint
984 2730 1014 2765 er3

168 2765 241 2800 werde
252 2765 293 2801 das
300 2765 385 2805 Wesen
395 2765 435 2800 der
445 2765 653 2809 heiligmachenden
662 2765 741 2803 Gnade
751 2765 865 2810 begrifien.
876 2779 887 2799 a
898 2786 922 2792 -
931 2776 951 2813 p.
965 2766 1012 2804 343:

170 2810 296 2846 Secundum
313 2810 391 2845 Kuhn
407 2811 481 2854 gratia
498 2812 531 2847 est
547 2811 644 2848 identica
661 2822 712 2848 cum
730 2812 807 2848 divina
824 2813 926 2850 essentia.
944 2832 968 2839 -
984 2813 1015 2849 Ne

169 2856 293 2891 confundas
310 2865 362 2891 cum
377 2856 418 2892 hoc
435 2866 509 2892 errore
526 2857 650 2893 doctrinam
668 2857 745 2901 Laelii,
762 2858 855 2902 Petooit,
876 2859 971 2894 aliorum
989 2860 1015 2895 de

169 2902 189 2937 S.
203 2901 294 2985 {ffirztssri
305 2910 376 2984 ffirsa
386 2902 475 2938 formali
487 2903 557 2939 divini
568 2904 674 2939 consortii
686 2905 707 2940 et
717 2903 850 2950 adoptionis,
862 2904 889 2941 de
901 2914 945 2949 qua
955 2903 1016 2941 infra

168 2957 189 2983 n.
216 2968 218 2973 ·
344 2976 349 2984 .
