2214 3350
188 150 265 192 Thesis
282 151 312 196 22.
333 149 436 197 systema
453 149 701 203 praedeterminationis
717 149 823 203 physicae
895 148 934 197 457

83 271 140 311 pem
157 259 313 311 theotoniam
328 251 487 311 certissimam
504 263 527 298 et
542 258 652 309 proxime
669 257 818 309 desirabilem
833 256 929 305 trahent.

84 322 172 375 Dicunt
184 322 258 373 igitur
273 323 312 375 (ci.
326 325 350 371 n.
365 322 430 374 516):
447 321 560 372 Duplex
572 321 604 371 ad
617 320 697 361 aetum
711 320 839 370 salutarem
853 320 933 372 requi,-

84 387 146 435 ritur
161 385 303 439 auxilium
320 386 417 442 gratiae.
436 384 532 435 Prius,
550 384 615 440 quod
632 383 669 425 est
685 384 766 429 minus
781 377 890 425 validum
908 382 933 424 et

84 449 223 502 perfeetum,
237 449 344 501 animam
358 450 388 495 ad
403 449 470 495 actus
484 449 603 499 quosdam
614 447 783 492 indeliberotos
798 447 930 498 praedeiec

83 511 160 560 minat
169 510 240 563 atque
250 512 283 557 sic
293 513 323 562 ad
335 513 414 554 actum
426 511 585 561 deliberatum
597 510 690 560 excitet,
699 509 841 550 conterendo
848 520 932 551 veram

83 574 215 628 potentiam
228 575 362 621 salutariter
374 575 469 632 agendi3
484 574 526 624 dat
537 584 615 625 posse,
630 584 679 613 non
694 584 770 625 apere,
786 573 931 623 vocaturque

83 638 160 691 gratia
182 638 312 679 excitans
335 638 384 680 sive
408 637 575 679 sufficiens.
600 636 731 677 Alterum
755 636 874 678 auxilium
900 635 931 676 ad

82 701 151 753 prius
162 701 275 747 accedens
285 702 320 743 est
332 702 461 753 perfectius
473 701 496 743 et
507 701 613 749 validius
625 701 770 757 adiuvatque
782 699 931 748 voluntatem

82 765 113 806 ad
127 765 207 815 actum
220 765 348 805 salutarem
362 777 396 814 eo,
411 766 475 816 quod
487 765 585 817 physice
599 765 630 805 ad
644 764 749 808 eundern
763 763 843 804 actum
856 763 933 810 libere

83 828 227 881 eliciendum
241 828 450 880 praedeterrninat3
465 828 506 877 det
520 829 600 880 ipsum
616 839 693 879 apere,
710 828 733 868 et
746 827 846 879 quidem
861 825 932 874 infal-

82 892 182 943 libiliter
195 892 219 934 et
231 892 440 944 indeclinabiliter.
455 891 517 938 Haec
531 893 566 934 est
580 890 657 943 gratia
672 891 814 932 adiuvans
828 891 852 932 et
864 890 891 931 ef
896 891 905 930 i
910 891 931 936 i-

82 967 143 1001 eax.
157 956 233 1009 Quare
245 956 377 1004 seeundum
388 957 432 996 hos
444 954 580 996 Themistas
591 955 668 1006 gratia
680 955 761 996 efficax
774 966 788 995 a
800 952 932 999 sufficiente

80 1017 275 1069 distinguitur
298 1020 321 1070 a)
341 1018 465 1067 interne,
485 1029 534 1059 non
548 1017 645 1059 externe
663 1017 757 1059 tanturn
775 1016 836 1058 sicut
853 1016 932 1067 gratia

80 1081 223 1130 molinistice
235 1081 323 1130 affinem
344 1082 366 1135 β)
382 1080 523 1130 absolute,
539 1092 587 1121 non
599 1080 698 1127 relative
710 1080 804 1122 tantum
817 1081 849 1121 ad
862 1091 932 1132 prae-

81 1144 159 1193 sentes
171 1143 277 1191 hominis
290 1144 429 1190 affectiones
443 1144 504 1185 sicut
516 1144 593 1199 gratia
605 1144 693 1184 victrix
705 1143 930 1195 Aequsrinensiurm

33 1229 35 1235 ‚
79 1212 101 1264 y)
119 1205 326 1259 'essentialiter
343 1207 392 1258 sive
407 1206 525 1256 specifice,
544 1217 592 1255 non
610 1205 726 1247 intensive
743 1207 768 1247 et
783 1206 933 1257 gradualiter

8 1296 11 1302 ι
80 1269 182 1318 tanturn,
206 1269 267 1310 sicut
287 1269 371 1316 eadem
392 1269 470 1320 gratia
490 1280 579 1320 magna
594 1269 810 1320 nepertia-ensium
825 1281 840 1310 a
855 1280 931 1320 parva

80 1332 267 1382 discriminatur.
283 1333 310 1372 In
323 1332 449 1386 systemate
462 1331 611 1373 banneriano
625 1331 731 1374 absolute
742 1333 862 1383 repugnat
874 1343 930 1372 cum

80 1395 177 1444 eodeni
192 1395 281 1446 gratiae
298 1395 387 1436 auxilio
404 1406 480 1436 unum
496 1396 610 1447 converti,
629 1395 731 1437 alterum
749 1406 797 1436 non
815 1395 930 1450 converti,-

80 1470 138 1499 nam
151 1459 215 1500 istud
229 1459 347 1499 auxilium
361 1466 403 1500 cot
416 1459 521 1504 eontinet
534 1458 816 1510 praedeterminaticnenr
831 1461 862 1501 ad
876 1471 931 1503 con-

81 1532 178 1563 sensum
192 1522 327 1570 salutarem,
341 1522 364 1562 et
377 1522 476 1573 uterque
490 1522 644 1572 convertitur,
660 1529 701 1563 out
715 1534 764 1564 non
779 1523 890 1572 eontinet,
907 1523 931 1565 et

80 1584 179 1635 uterque
194 1584 283 1634 gratiae
296 1584 391 1626 resistit.
407 1584 543 1627 Thomistae
558 1585 628 1634 longe
643 1585 743 1636 plurimi
759 1587 802 1628 hoe
817 1587 929 1637 systema,

81 1646 199 1699 quatenns
211 1658 259 1686 non
273 1659 302 1687 ex
315 1647 373 1688 solis
386 1646 494 1693 fontibus
507 1648 623 1699 positivis,
640 1650 681 1690 sed
696 1662 725 1690 ex
739 1650 843 1690 summis
857 1649 931 1689 meta-

80 1708 192 1760 physieae
207 1710 235 1750 de
247 1709 360 1751 relatione
375 1710 438 1751 inter
451 1722 548 1752 causam
561 1711 667 1763 primam
682 1713 705 1754 et
718 1712 848 1753 secundem
863 1713 933 1765 prin.-v

81 1772 151 1824 cipiis
163 1772 188 1813 id
202 1772 329 1821 deducunt,
345 1785 388 1824 pro
403 1774 470 1814 omni
483 1774 567 1814 ordine
582 1775 673 1824 solutis,
690 1774 762 1816 etiam
777 1775 929 1827 snpreiapsa-

80 1836 115 1875 rr'e
129 1836 152 1876 et
164 1836 269 1886 orrpetteo
281 1837 360 1886 velere
374 1835 499 1877 affirmant.
515 1837 674 1878 Inveniuntur
686 1837 766 1879 temen
780 1837 854 1879 etiem
865 1838 930 1880 iuter

81 1898 216 1939 Themisteas
230 1899 395 1950 Intralepsarii
411 1900 450 1951 (ci.
467 1911 490 1941 n.
507 1902 548 1941 556
562 1901 593 1952 c).

81 2027 136 2074 582.
173 2029 193 2079 c)
210 2029 263 2070 Non
279 2040 362 2070 omnes
377 2041 455 2070 unum
471 2030 530 2072 dant
547 2041 688 2080 responsum
706 2032 737 2073 ad
755 2031 926 2084 quaestionem,

81 2091 199 2141 quomodo
212 2103 237 2132 se
249 2092 336 2134 haheat
348 2092 443 2144 gratia
454 2093 564 2137 efficax
576 2095 607 2136 ad
621 2094 780 2146 potentiam
793 2096 930 2137 salutariter

81 2154 166 2205 agendi
178 2154 242 2196 etad
253 2155 334 2207 ipsum
345 2155 438 2197 actum
450 2156 587 2199 salutarem.
599 2159 695 2199 Banner
707 2159 773 2200 enim
785 2160 861 2211 etqui
873 2171 929 2200 eune

80 2219 193 2260 audacter
210 2221 350 2271 sequuntur,
369 2221 471 2272 gratiam
486 2222 604 2267 efficacem
619 2224 752 2273 potenciam
770 2224 889 2275 complere
907 2224 930 2264 et

80 2282 180 2331 proinde
193 2284 224 2323 ad
236 2290 315 2324 actem
326 2284 436 2336 primum
445 2285 564 2337 pertinere
577 2298 625 2327 non
638 2287 751 2327 verentur
763 2298 874 2328 asserere.
890 2287 931 2327 Sic

80 2345 186 2394 potentia
206 2359 250 2407 per
271 2349 346 2390 solam
363 2349 465 2400 gratiam
482 2349 637 2391 sufficientem
659 2351 767 2391 nondum
789 2350 929 2392 redderetur

80 2407 150 2457 plene
162 2409 186 2450 et
196 2411 304 2461 proxime
315 2412 347 2452 ad
359 2412 479 2462 agendum
492 2414 609 2464 expedita.
623 2413 695 2454 Multi
707 2425 763 2454 vero
776 2414 825 2462 elii,
839 2414 930 2465 gravis
964 2450 965 2453 ,

81 2471 149 2512 simis
166 2476 274 2526 oppressi
291 2476 478 2527 difficultatibus
499 2477 543 2519 hoc
562 2478 663 2520 utuntur
682 2479 784 2529 effugio:
810 2478 928 2530 Quoniam

80 2546 123 2585 per
135 2539 237 2588 gretiam
249 2540 404 2581 sufficientem
416 2540 522 2591 potentia
535 2540 686 2583 constituit-ur
698 2552 798 2593 prorsus
811 2540 929 2592 completa

80 2598 104 2639 et
117 2602 234 2651 proxime,
250 2603 327 2654 gratia
342 2603 423 2644 efficax
437 2615 485 2644 non
498 2605 602 2656 pertinet
614 2606 645 2645 ad
660 2606 739 2646 actum
754 2606 869 2656 primum,
887 2605 928 2646 sed

79 2662 160 2711 potius
178 2666 208 2705 ad
227 2673 307 2707 aarum
325 2667 465 2708 secundum.
486 2669 577 2709 Tamen
598 2670 617 2709 si
637 2668 758 2719 systemati
778 2668 886 2717 constare
906 2669 929 2710 et

80 2725 130 2767 sine
146 2728 245 2771 scientia
259 2731 340 2772 media
355 2731 447 2781 aliquid
464 2732 584 2783 explicare
598 2733 689 2782 volunt,
707 2733 796 2775 debent
812 2733 889 2775 dicere
906 2734 930 2775 et

80 2789 174 2832 dicunt:
193 2793 274 2835 Gratia
287 2794 375 2843 efficax,
391 2806 452 2846 quae
466 2796 592 2838 adactum
607 2797 736 2838 salutarem
749 2797 847 2850 physice
862 2810 929 2850 prae-

81 2851 230 2905 determinat,
247 2858 283 2898 est
298 2857 361 2899 reale
378 2857 471 2908 aliquid
488 2861 635 2911 inpotentia
651 2861 720 2902 liberi
739 2862 833 2903 arbitrii
850 2873 929 2914 rerep-

81 2919 139 2964 tum,
156 2929 170 2957 a
185 2919 234 2960 solo
249 2920 297 2961 Deo
314 2921 444 2970 causatum,
462 2923 546 2964 ordine
561 2931 661 2965 naturae
677 2932 698 2965 et
715 2926 859 2966 causalitate
876 2926 930 2977 essi-
