2214 3350
327 170 404 206 Thesis
420 169 436 205 -1,
454 169 521 204 Actus
537 168 671 203 naturaliter
686 142 773 202 honesti
952 167 976 203 77

125 281 176 322 scit.
189 291 244 320 vero
256 280 279 320 et
290 280 360 326 bono,
374 277 503 318 conformis
515 279 557 325 esi,
571 277 701 317 dummodo
714 288 743 317 ne
756 278 781 316 in
793 277 868 317 tinem
881 277 975 317 rnatum

124 343 249 385 ordinetur
266 343 305 394 (ct.
321 341 552 391 Pvlaietiucer).
569 341 642 381 Actus
657 341 722 380 enirn
739 341 858 388 nonestus,
876 340 973 381 docente

126 408 150 447 S,
164 406 282 452 Thema,
296 407 317 452 2,
330 407 343 445 2
357 416 380 455 q.
394 406 456 444 231.
471 405 484 442 7
499 404 529 455 (v.
545 415 568 443 n.
584 404 642 455 103),
657 403 765 443 versatur
778 404 840 443 eirca
854 402 973 443 obiectum

126 480 180 509 cere
197 469 289 509 bonum
306 467 330 508 et
346 467 480 506 ordincbde
498 467 529 507 ad
547 467 679 517 principale
698 466 788 506 bonum
808 465 887 506 ultimi
907 466 971 506 finis.

125 533 185 573 Item
204 532 228 572 S.
248 529 450 570 Bonaventura
470 530 502 580 (n.
523 530 580 580 127).
601 530 663 570 Haec
682 529 847 579 theologorum
866 527 974 569 doctrina

126 594 200 635 menti
224 594 248 633 S.
266 591 423 643 Augustini
445 603 544 642 prorsus
567 591 698 633 conformis
720 591 755 631 est
780 592 810 642 tv.
831 603 854 631 n.
874 594 921 641 108,
940 593 971 643 5).

124 658 203 705 Quare
218 656 270 706 ipse
286 655 364 695 Berti
380 655 487 695 concedit
503 666 546 705 per
561 655 715 696 intrinsecam
732 654 849 695 rationem
866 655 973 695 nottesta-

124 721 156 760 t-is
174 719 257 759 haberi
277 717 420 768 implicitam
439 717 578 758 relationem
599 719 629 758 ad
649 729 773 758 summum
792 719 890 766 bonnm,
912 730 973 768 quac

125 783 250 823 theoretice
266 780 373 830 sufficiat,
390 793 420 821 ne
434 782 500 822 actus
516 781 546 822 sit
561 782 640 823 malus
656 783 686 833 (r.
703 793 727 821 n.
745 782 802 833 119).
819 781 900 821 Alex.
917 781 972 821 VIII

126 843 250 886 damnauit
264 855 332 895 prop.
349 847 363 884 9
382 844 424 895 (Dz
441 845 518 895 taem:
541 845 650 885 «Revera
665 844 753 895 peccat,
772 844 813 895 qni
830 844 884 884 odio
902 844 972 884 izabel

125 912 249 958 peccatum
261 917 327 945 mere
339 907 369 946 ob
385 908 434 946 eiua
449 907 624 957 turpitudinem
637 909 661 948 et
674 908 902 948 disconvenientiam
918 919 971 948 cum

124 971 216 1017 natiue,
229 970 281 1010 sine
292 970 342 1010 ullo
353 971 383 1010 ad
394 971 471 1010 Deum
483 970 604 1010 offensum
616 970 748 1021 respectu.»
762 972 825 1021 Ergo
836 972 887 1011 sine
898 972 972 1021 expli-

124 1034 169 1073 cito
180 1032 288 1082 respectu
298 1032 329 1072 ad
339 1033 417 1073 Deum
427 1032 544 1073 eiusmodi
556 1033 622 1073 actus
633 1034 681 1074 odii
693 1045 721 1073 ex
733 1033 839 1083 ingenita
850 1033 971 1073 honestate

125 1126 136 1136 „
149 1095 188 1143 tis,
203 1095 229 1136 ut
239 1094 328 1135 vitetur
338 1095 470 1146 peccatum,
484 1096 510 1135 in
523 1096 597 1136 tinem
611 1096 723 1136 ultimum
737 1096 847 1137 retertur.
860 1123 891 1127 κ
903 1097 971 1145 Quod

124 1170 181 1199 vero
195 1158 273 1198 Berti
289 1158 312 1198 et
325 1158 346 1198 N
350 1158 408 1198 oris
424 1158 523 1205 addunt,
541 1160 644 1208 practice
660 1159 732 1199 talem
749 1158 828 1199 actum
845 1159 970 1200 honestum

125 1221 175 1261 aine
193 1221 284 1261 auxilio
300 1220 389 1271 gratiae
409 1232 503 1271 semper
520 1223 641 1272 corrumpi
659 1222 755 1272 peccato
777 1223 911 1271 philautiae
934 1223 971 1262 vel

124 1295 199 1324 ‘ranae
216 1283 313 1333 gloriae,
334 1284 408 1334 gratis
426 1284 540 1324 asseritur
558 1285 587 1332 et,
608 1284 627 1324 si
647 1285 696 1325 tam
715 1284 857 1335 generaliter
875 1284 970 1330 dicitur,

125 1347 208 1397 ingens
231 1346 393 1386 videturesse
411 1347 567 1397 exaggeratio.
593 1348 655 1388 Sunt
677 1346 743 1387 enim
765 1348 839 1388 etiam
862 1348 976 1388 homines

124 1409 228 1448 naturali
241 1409 322 1448 indole
335 1408 438 1449 modesti
451 1409 475 1449 et
488 1410 594 1450 humiles
610 1411 648 1461 (ei.
664 1411 844 1461 Augustinus
857 1412 892 1451 De
905 1423 969 1462 pecc.

123 1483 181 1510 nter.
197 1477 219 1510 et
233 1482 291 1510 rani.
308 1475 326 1519 1,
341 1474 376 1519 22,
392 1472 436 1521 31),

126 1604 176 1644 131.
213 1604 239 1643 Β.
260 1602 348 1644 Coiitre.
364 1602 481 1654 Vazquea
508 1602 593 1642 Recte
611 1600 716 1641 admittit
739 1611 821 1641 reram
840 1598 970 1649 potentiam

123 1667 302 1706 antecedentem
318 1666 419 1706 naturae
435 1665 466 1705 ad
485 1664 551 1705 actus
569 1663 687 1704 honestos.
707 1664 767 1703 Item
785 1662 847 1703 recte
866 1661 971 1713 applicat

124 1728 202 1768 ideam
217 1728 376 1779 principalem
393 1728 527 1778 systematis
543 1726 682 1766 niolinistiei
701 1727 732 1778 (v.
750 1727 783 1766 thr
802 1726 837 1776 24)
857 1726 888 1766 ad
904 1725 971 1766 actus

122 1791 198 1832 bonos
210 1791 331 1832 entitative
346 1790 474 1830 naturales.
491 1789 576 1830 Omnis
590 1800 646 1829 sane
662 1789 728 1829 actus
742 1789 856 1829 honestus
871 1786 970 1829 debetur

122 1854 221 1902 speciali
236 1852 351 1902 beneficio
365 1853 416 1900 Dei,
433 1853 475 1902 qui
489 1863 574 1892 omnes
587 1852 718 1892 voluntatis
732 1851 824 1892 creatae
839 1851 970 1892 decisiones

122 1915 198 1956 bonas
213 1916 238 1956 et
254 1916 331 1955 malas
347 1916 391 1955 sub
410 1909 548 1955 condictone
565 1914 689 1955 variarum
707 1913 878 1965 cognationum
896 1915 970 1964 possi-

122 1980 208 2020 bilium
230 1979 325 2020 futuras
345 1979 495 2030 praevidens,
517 1980 592 2020 libere
614 1979 725 2020 ordinem
745 1978 895 2029 cogitationis
916 1990 970 2020 con-

122 2056 194 2094 gruae
214 2055 278 2094 prae
289 2044 373 2085 ordine
392 2042 542 2094 cogitationis
560 2043 707 2095 incongruae
725 2042 792 2095 eligit
811 2044 835 2084 et
854 2044 887 2084 sic
907 2043 970 2084 lutu-

122 2107 232 2149 ritionem
250 2109 348 2149 actuum
365 2109 484 2149 bonorum
502 2108 595 2159 primus
614 2108 764 2149 determinet.
784 2109 886 2149 Donatio
903 2109 976 2149 actus.

122 2172 213 2213 bonesti
228 2183 271 2223 per
284 2171 451 2224 cogitationem
466 2184 597 2223 coiigruam
611 2174 647 2214 est
660 2172 806 2214 beneficium
822 2173 970 2224 incompara-

120 2236 202 2278 biliter
220 2237 298 2277 moins
317 2249 392 2288 quom
410 2238 471 2278 dona
490 2238 581 2278 ordinis
600 2249 665 2278 mere
681 2238 783 2289 physici.
809 2264 841 2269 ,-
865 2238 970 2278 Tamen

122 2300 187 2342 deest
203 2303 319 2352 gratuitas
338 2302 407 2342 donis
424 2303 516 2352 gratiae
534 2303 724 2352 supernaturalia
742 2304 848 2353 proprio,
868 2303 891 2343 et
909 2302 974 2343 ratio

122 2363 229 2412 indebiti,
245 2376 306 2415 quae
320 2365 393 2412 adest,
409 2365 489 2415 potius
503 2366 680 2416 aequiperanda
693 2366 730 2407 est
743 2365 866 2416 gratuitati
879 2366 969 2406 benefi-

121 2425 213 2467 ciorum
228 2428 321 2469 ordinis
335 2429 437 2481 physici,
456 2440 516 2479 quae
533 2429 589 2470 licet
605 2430 631 2470 111
647 2430 772 2470 individuo
790 2430 838 2470 sint
854 2430 968 2476 indebite,

122 2489 201 2535 tamen
216 2498 316 2532 notitiae
331 2493 458 2543 specificae
474 2498 496 2532 et
511 2494 645 2533 secandum
660 2495 765 2545 speciem
780 2495 838 2533 doni
853 2494 970 2535 debentur
1026 2531 1029 2540 ,

124 2553 154 2602 (v.
171 2564 195 2593 n.
211 2557 231 2603 5,
248 2556 280 2606 4).
297 2557 359 2597 Nam
374 2567 421 2597 non
435 2558 472 2597 est
487 2558 563 2607 gratia
578 2557 653 2599 libere
668 2569 785 2606 concessa,
804 2559 845 2599 sed
861 2559 969 2599 debiturn

121 2616 218 2663 naturae
237 2619 309 2660 etiam
327 2620 416 2670 lapsae,
444 2621 526 2670 «quod
551 2632 600 2662 non
624 2622 707 2663 omnia
725 2623 852 2663 individua
876 2624 970 2674 generis

121 2680 222 2727 humani
234 2684 290 2733 sunt
301 2684 359 2724 odeo
373 2690 491 2735 corrupta,
506 2684 533 2725 ut
545 2676 669 2735 quodlibet
682 2687 835 2727 inhonestum
849 2687 879 2726 iis
891 2686 969 2737 magis

120 2745 225 2786 arrideat
242 2759 315 2797 quam
333 2747 433 2789 honesta
450 2747 523 2789 etiam
541 2750 646 2790 maxime
665 2750 736 2792 obvia
754 2751 777 2792 et
794 2751 917 2791 iucunda»
941 2751 967 2803 (P

122 2808 179 2859 126).
203 2810 267 2861 Ergo
289 2812 379 2863 spectat
396 2812 425 2852 ad
443 2813 621 2862 providentiam
644 2814 786 2856 naturaliter
809 2815 923 2863 debitam,
942 2815 969 2855 nt

120 2874 202 2919 generi
212 2875 325 2924 humatio,
337 2877 413 2916 immo
422 2877 510 2933 rectius
519 2877 592 2918 etiam
603 2879 704 2929 singuiis
711 2880 823 2929 >personis
837 2880 867 2931 (v.
880 2880 968 2930 Saurea

120 2933 137 2971 ].
159 2938 170 2974 1
191 2948 209 2976 e.
232 2940 258 2977 13
278 2950 301 2977 n.
322 2940 374 2990 tiss)
398 2941 570 2989 praeparentur
591 2941 721 2982 nonnullae
741 2942 895 2994 cogitationes
915 2932 969 2983 con-
