2214 3350
214 162 291 197 Thesis
307 161 335 198 12.
352 161 437 197 Deletio
451 160 535 207 peceati
551 161 572 195 et
587 159 700 195 renovatio
716 159 805 195 interna
896 158 932 195 255

87 270 261 311 constituantur
280 270 421 320 peccatores⁴
444 268 582 323 Καθὶστημι
600 267 717 318 (machon,
739 267 792 306 dass
812 268 877 307 einer
896 266 931 306 als

88 338 161 373 etwas
182 332 283 384 dustein)
303 332 328 374 vi
346 332 412 374 nocie
431 331 507 382 potest
526 332 613 372 habere
634 341 730 371 sensum
751 330 929 377 declarativum,

88 396 138 437 soil.
158 395 315 437 declaratione
340 406 383 436 sua
401 394 426 436 id
443 394 540 442 efficere;
565 395 606 435 sed
630 392 766 434 ordinarius
791 404 873 433 sensus
896 392 931 433 est

87 459 210 509 effectivus
227 459 271 510 [ala
286 465 358 498 etwas
373 457 500 498 hiustelleu
518 479 538 493 =
556 470 586 497 aa
601 462 673 497 etwas
687 454 798 505 maereat·
813 457 838 496 in
853 454 930 496 ferina

86 522 193 572 passiva:
210 521 237 561 in
252 523 321 561 einen
334 522 441 562 Zattara
454 511 557 571 perurere,
575 525 648 560 etwas
661 519 759 559 werden
772 545 804 550 —
817 532 839 559 v.
856 519 928 570 Zoni.

86 584 159 636 Atqui
177 585 309 625 secundum
327 594 370 624 nos
388 584 411 625 et
428 583 505 624 multo
521 583 598 633 magis
617 582 748 628 secundum
766 580 857 623 veteres
875 582 930 621 Pre-

86 648 197 688 testantes
213 647 298 687 delicto
314 646 401 687 Adami
417 646 525 687 homines
541 646 636 686 realiter
654 652 675 686 et
690 645 833 686 intrinsecus
850 644 930 686 eflecti

87 710 142 751 sunt
157 710 331 761 peccatores,
347 711 409 761 Ergo
425 710 492 750 iuxta
506 709 646 760 Apostolum
661 721 704 760 per
721 709 842 750 Christum
858 708 929 749 etiarn
993 700 996 707 ”

49 786 50 789 ’
86 773 178 814 interne
192 773 216 813 et
231 772 325 813 realiter
340 773 404 814 fiunt
419 772 499 821 iusti,
516 783 565 812 non
580 783 623 823 per
638 783 730 812 meram
746 771 929 812 declarationem

86 835 216 876 externam.

19 990 24 1001 ,
85 960 139 1003 351.
175 964 196 1002 2.
212 960 294 1003 Multis
310 960 416 1002 terminis
432 962 456 1001 et
471 961 544 1013 tropis
560 960 625 1001 idem
639 960 818 1001 manifestatur:
838 961 860 1012 a)
878 960 928 1001 De-

85 1024 154 1072 lere,
177 1024 370 1074 exstinguere.
393 1024 416 1064 Is
436 1025 470 1072 43,
492 1025 530 1064 25:
556 1024 623 1074 «Ego
644 1035 698 1064 sum
719 1021 776 1075 ipse,
798 1024 840 1075 qui
862 1023 928 1064 deleo

85 1086 222 1138 iniquitates
239 1087 309 1127 tuas»
330 1088 397 1137 (nun,
416 1086 523 1133 mecheh,
545 1089 557 1127 ὁ
575 1085 713 1140 §galeipau
734 1086 795 1127 sicut
812 1086 929 1136 scriptura

38 1154 39 1161 ¹
85 1151 110 1190 in
123 1149 204 1190 tabula
217 1144 294 1190 cerata
307 1149 473 1200 exstinguitur.
485 1175 516 1180 -
528 1150 595 1189 Zor:
614 1149 710 1189 «delere
724 1149 763 1197 ita,
778 1150 804 1190 ut
817 1149 850 1197 id,
865 1149 928 1199 quod

85 1212 184 1260 deletur,
197 1212 246 1253 iam
258 1223 306 1252 non
318 1212 415 1253 exsistat
421 1225 442 1260 »;
454 1213 484 1252 oi.
498 1212 561 1253 idem
573 1213 673 1253 verbum
687 1213 736 1253 Gen
748 1214 768 1260 7,
777 1215 798 1261 4,
811 1213 854 1252 uhi
865 1212 929 1253 Deus

84 1275 138 1316 ante
151 1275 271 1316 diluvium
283 1275 351 1316 dicit:
371 1293 380 1312 «
388 1275 475 1316 Delebo
488 1270 584 1316 omnem
597 1274 792 1326 substantiam).
806 1299 837 1304 -
849 1275 880 1315 Ps
892 1277 926 1322 50,

84 1341 109 1379 3:
128 1356 138 1375 ‹<
147 1338 199 1378 dele
212 1338 363 1390 iniquitatem
376 1349 482 1379 meam».
495 1364 527 1369 —
539 1338 583 1378 Act
595 1341 616 1386 3,
631 1340 669 1378 19:
684 1355 699 1374 *a
708 1337 887 1387 Convertimini,
902 1337 929 1378 ut

85 1401 209 1442 deleantur
224 1400 319 1452 peccata
333 1400 439 1441 vestra.»
455 1427 487 1432 -
500 1401 525 1452 b)
543 1401 675 1450 Auferre,
692 1411 848 1441 removere.
866 1401 890 1441 Io
908 1403 926 1448 1,

82 1467 122 1504 29:
142 1464 201 1515 «qui
215 1463 277 1505 tollit
289 1465 413 1514 peceatum
426 1465 528 1505 mundi»
547 1466 566 1517 (ὁ
584 1467 669 1519 alpem
686 1464 780 1505 auferre
795 1463 927 1514 abaliquo,

83 1537 192 1567 amovere
214 1538 255 1567 suo
276 1525 334 1574 loco,
358 1530 432 1583 αἴρειν
448 1529 473 1569 tu
490 1529 626 1580 τοῦμὲσου,
646 1539 658 1568 e
679 1527 757 1568 medio
779 1527 869 1576 tollere:
897 1528 927 1567 ci.

84 1590 109 1630 lo
124 1593 157 1638 11,
173 1592 212 1630 48:
232 1591 334 1630 Romani
348 1591 372 1631 et
386 1590 464 1648 locum
480 1590 502 1631 et
516 1590 634 1641 populum
650 1590 789 1641 destruent).
806 1617 837 1621 -
853 1594 864 1631 1
880 1591 928 1630 Par

83 1656 118 1701 21,
133 1655 158 1693 8;
178 1653 265 1694 «aufer
278 1653 429 1704 iniquitatem
444 1652 504 1694 servi
518 1653 553 1693 tui
562 1666 580 1694 ν.
596 1656 654 1694 -2
669 1653 726 1694 Sam
742 1655 775 1702 12,
792 1656 817 1694 13
832 1654 927 1694 Nathan

82 1716 113 1756 ed
127 1715 229 1756 Davidz‘²
236 1733 246 1753 «
253 1716 371 1756 Dominus
384 1726 477 1767 quoqne
491 1716 614 1757 transtulit
629 1717 714 1769 (1111111,
739 1716 836 1765 he‘ehm
853 1728 928 1757 remo-

81 1779 125 1830 vit)
139 1779 262 1830 peccatum
273 1779 349 1820 tuum.
359 1797 369 1816 a
382 1806 413 1811 -
424 1781 455 1821 Pe
467 1783 506 1821 102
520 1780 587 1833 (103),
602 1783 639 1821 12;
657 1780 745 1831 «lenge
757 1781 813 1822 iecit
834 1782 927 1839 (piritu,

82 1843 185 1893 hirchik‚
198 1843 267 1894 longe
279 1843 388 1895 removit)
401 1856 415 1884 a
425 1844 494 1885 nobis
504 1844 642 1895 iniquitates
652 1844 745 1885 nostras
752 1862 772 1885 1,
784 1868 815 1874 -—
826 1846 892 1886 Mich
904 1847 924 1893 7,

83 1909 139 1947 18s:
170 1907 230 1958 «qui
256 1907 335 1948 aufers
359 1907 570 1958 iniquitateni...;
597 1907 699 1959 deponet
723 1907 860 1958 iniquitates
886 1920 926 1949 no-

82 1970 143 2011 stras
159 1970 182 2011 et
197 1971 296 2021 proiciet
312 1971 337 2011 in
353 1971 501 2021 protundum
517 1972 592 2013 maris
608 1973 689 2013 omnia
705 1972 800 2022 peccata
817 1973 924 2014 nostran.

81 2054 114 2065 d
127 2035 191 2075 Hebr
203 2037 227 2091 Γ9,
243 2037 282 2076 28:
305 2052 314 2072 «
323 2035 431 2076 Christus
447 2036 519 2076 semel
534 2036 629 2076 oblatus
643 2037 679 2077 est
694 2037 725 2077 ad
740 2036 873 2078 multorum
888 2049 926 2078 ex-

82 2098 215 2139 haurienda
229 2099 341 2149 peccata»
362 2100 509 2154 (ἀνενεγκεῖν,
515 2110 612 2140 sursum
628 2100 697 2149 terre,
714 2099 775 2142 sicut
789 2101 886 2142 victima
902 2101 928 2141 in

81 2172 149 2202 aram
167 2161 267 2211 tollitur;
286 2162 388 2203 hahetur
407 2162 491 2204 allusio
511 2164 542 2205 ad
561 2165 584 2204 Is
603 2166 637 2214 53,
658 2167 697 2205 12;
724 2166 793 2218 αὐτὸς
816 2168 929 2221 ἁμαρτίας

80 2226 179 2268 πολλῶν
193 2228 333 2282 ἀνήνεγκεν,
347 2236 398 2276 aaa,
413 2238 477 2276 nasa,
491 2228 552 2269 inse
566 2228 662 2269 sustulit
673 2229 809 2280 vicenaque
823 2230 928 2271 satisfac-

81 2291 145 2331 tione
162 2290 267 2342 delevit).
283 2315 315 2321 -
330 2295 342 2332 1
360 2292 415 2333 Petr
430 2295 451 2341 2,
468 2294 507 2333 24:
530 2293 646 2334 «Peccata
663 2293 744 2335 nostra
760 2294 811 2345 ipse
828 2294 927 2345 pertulit

81 2354 228 2409 (ἀνήνεννεν)
244 2355 269 2394 in
287 2366 384 2406 corpore
403 2366 444 2395 suo
463 2366 534 2405 super
551 2355 672 2407 lignum.»
698 2382 729 2388 -
753 2358 773 2409 o)
794 2357 927 2398 Larando

80 2418 230 2459 mundare.
251 2418 303 2469 Epi}
322 2420 342 2467 5,
363 2420 460 2460 25-27:
485 2418 613 2461 «Christus
632 2419 716 2462 dilexit
734 2419 925 2470 Ecclesiam...,

80 2482 107 2523 ut
118 2481 186 2523 illam
198 2481 364 2531 sanctificaret,
377 2483 497 2524 mundans
509 2483 604 2525 lavacro
617 2496 705 2535 aquae.
716 2516 720 2523 .
731 2516 751 2534 .,
765 2485 792 2527 ut
804 2486 926 2527 exhiberet

80 2545 131 2596 ipse
152 2546 198 2587 sibi
218 2545 346 2597 gloriosam
367 2546 503 2596 Ecclesiam,
526 2558 574 2589 non
595 2548 722 2590 habentem
743 2550 923 2598 maculam...,

81 2611 122 2651 sed
134 2610 161 2651 ut
174 2610 204 2651 sit
217 2611 297 2652 sancta
309 2611 332 2652 et
344 2611 525 2653 immaculata»
539 2638 571 2644 —-
583 2613 647 2655 Hehr
661 2616 681 2662 1,
695 2616 720 2654 3;
741 2615 925 2666 «purgationem

79 2675 246 2730 (καθαρισμὸν)
266 2676 416 2726 peccatorum
437 2676 553 2718 taciens».
575 2704 607 2709 —
626 2680 657 2719 Ps
676 2681 704 2719 50
726 2678 780 2729 (51),
802 2683 827 2721 4:
853 2681 927 2720 «Am-
947 2713 949 2717 ,
992 2720 993 2723 ,

79 2739 144 2790 plius
155 2739 210 2781 lava
224 2743 279 2793 (02³,
293 2740 385 2791 kihbes)
400 2752 438 2781 me
450 2741 480 2781 ab
493 2742 619 2793 iniquitate
631 2753 691 2791 mea,
706 2742 728 2783 et
740 2755 753 2784 a
766 2744 860 2794 peccato
873 2755 926 2785 meo

80 2804 171 2845 munda
189 2805 253 2858 (11111,
270 2804 339 2856 tiher)
358 2816 404 2845 me.
413 2822 423 2841 »
439 2830 471 2837 -
484 2808 511 2847 9:
533 2805 667 2857 «Asperges
683 2816 722 2847 me
729 2825 739 2844 1
757 2808 801 2848 et.
817 2834 849 2840 —-
865 2809 888 2850 Is
905 2813 924 2857 1,

81 2871 107 2908 16
115 2879 149 2908 ss:
173 2868 323 2917 «Levamini,
343 2869 429 2909 mundi
447 2869 579 2919 estote...;
600 2871 694 2922 peccata
712 2871 834 2913 vestra...
856 2873 925 2924 quasi

81 2932 123 2972 nix
142 2933 370 2982 dealbabuntur,...
390 2934 455 2975 velut
472 2933 528 2976 lana
547 2935 602 2977 alba
622 2937 708 2977 erunt»
732 2937 771 2988 (ci.
793 2937 829 2978 Ier
847 2939 882 2987 33,
903 2940 925 2985 8;
