2214 3350
299 128 462 173 Praenotanda.
478 135 614 182 Conspectus
627 135 746 172 historicus
911 127 947 173 263

103 245 162 298 tum,
187 245 227 286 sed
249 246 326 296 magis
348 237 450 286 actuales
473 242 574 285 animae
590 250 667 284 motas
690 243 846 285 considerata
872 243 947 285 Prisci

65 349 67 352 ,
103 307 208 360 theologi
230 307 298 349 latini
320 308 410 359 passim
434 307 636 355 ludificationem,
655 307 833 348 renovationem
851 307 944 355 mentis,

102 370 286 412 similitudinem
300 372 343 412 Dei
358 371 401 413 eto.
418 370 553 419 attribuunt
567 370 625 411 fidei
643 370 727 422 (vivae)
745 370 768 411 et
782 370 881 418 caritati,
898 380 946 411 non

102 433 274 484 distinguentes
288 434 349 475 inter
362 434 441 475 actum
454 433 478 475 et
491 432 607 482 habitum,
623 433 685 474 inter
698 443 794 473 causam
809 433 946 474 efficientem

102 496 125 538 et
139 496 273 537 formalem.
289 498 335 538 Sed
350 497 399 538 iarn
415 498 438 537 S.
455 496 606 537 Anselmus
621 496 646 535 in
660 495 781 537 voluntate
797 495 900 536 iustitiae
915 496 945 536 ab

102 571 147 599 aaa
163 559 249 600 actuali
265 560 373 611 explicite
390 559 515 610 distinguit
531 559 682 611 affectionem
698 559 853 600 habitualem.
871 559 946 599 Maxi-

101 634 140 662 me
156 623 262 673 quaestio
277 623 305 664 de
322 623 410 664 effectu
425 623 538 672 baptismi
548 621 711 673 parvulorum
729 620 889 663 Scholasticos
906 622 946 662 ad-

102 684 172 726 duxit
189 686 219 726 ad
237 685 412 736 diligentiorem
431 685 618 736 inquisitionem.
645 685 754 725 Alenus
779 685 812 725 ab
838 684 947 724 Insulis

104 748 155 799 (tc.
165 759 186 788 a.
195 749 257 800 1203)
273 748 403 805 virtutibus
417 747 527 799 gratuitis
541 747 678 799 applicabat
693 746 836 789 divisionem
850 746 946 789 virtutis

104 828 114 847 a
121 811 147 850 in
159 811 252 859 natura,
267 812 292 851 in
305 812 396 860 habitu,
411 813 436 852 in
449 823 495 852 usu
503 830 521 851 a.
537 810 692 861 Philippus
706 811 827 851 Grevius
841 810 866 861 (t
881 810 943 859 1236)

101 873 203 924 gratiam
214 874 238 914 et
247 873 346 915 virtutes
356 875 509 925 comparabat
519 886 575 916 cum
587 874 673 915 natura
684 874 708 915 et
718 871 831 925 potentiis
841 872 943 921 animae,

102 948 175 987 quam
195 937 555 988 comparationempraesertim
577 937 601 977 S.
611 937 713 977 Thomas
735 937 813 987 magis
833 936 920 977 evolvit
927 937 943 975 ²}

99 1038 156 1103 ¹364.
194 1063 232 1102 Sic
251 1062 389 1103 Scholastici
408 1062 485 1113 magis
502 1033 625 1112 magisque
643 1062 770 1112 conceptus
787 1062 945 1103 aristoteli-

39 1151 40 1158 1
99 1135 146 1165 cos
162 1125 270 1180 (ποιότης,
280 1124 334 1178 ἕξις,
344 1125 450 1178 διάθεσις
460 1125 512 1172 etc.)
529 1125 560 1166 ad
575 1125 637 1165 dona
651 1125 740 1175 gratiae
755 1124 908 1176 applicabant
922 1124 945 1165 et

100 1187 184 1229 multis
203 1188 381 1239 quaestiouibus
401 1187 506 1228 tractatis
525 1187 668 1238 integrum
690 1187 812 1239 systema
832 1188 944 1239 theologi-

100 1262 155 1291 cum
168 1251 197 1291 de
208 1250 284 1301 gratia
296 1250 413 1292 habituali
426 1250 448 1292 et
460 1249 589 1291 virtutibus
601 1250 739 1302 theologicis
752 1249 943 1300 composuerunt.

100 1313 171 1355 Brevi
185 1324 268 1354 omnes
283 1306 454 1354 consenserunt
467 1313 493 1353 in
509 1313 677 1354 iustificatione
693 1314 834 1354 adulteram
847 1313 944 1354 infundi

99 1387 168 1417 veros
182 1376 277 1417 habitus
291 1376 381 1427 gratiae
395 1376 418 1417 et
431 1375 556 1424 virtutum,
572 1388 644 1427 quam
659 1372 800 1417 sententiam
816 1376 944 1416 concilium

100 1439 260 1480 Viennense
280 1438 322 1491 (ΒΖ
339 1438 388 1490 483)
408 1433 479 1480 etiam
496 1440 575 1490 quoad
591 1439 696 1489 tutantes
713 1437 843 1480 declaravit
860 1439 944 1489 proba-

99 1502 217 1542 bilibrem.
234 1502 281 1543 Sed
295 1502 348 1546 ante
362 1501 530 1543 Tridentinum
545 1502 650 1553 quaestio
666 1501 793 1547 habituum
809 1502 944 1542 infusorum

100 1564 231 1615 generatim
245 1575 293 1605 non
309 1564 442 1605 habebatur
456 1563 585 1606 delinitum
599 1565 687 1615 dogma
701 1564 767 1605 fidei.
785 1565 867 1614 Quoad
883 1565 944 1606 mul-

99 1627 136 1667 tas
150 1626 299 1678 quaestiones
314 1626 476 1678 particulares,
492 1639 514 1668 v.
531 1639 554 1678 g.
571 1627 710 1668 relationem
726 1627 789 1668 inter
803 1626 904 1678 gratiam
920 1627 944 1668 et

99 1690 229 1739 caritatem,
244 1689 344 1731 virtutes
358 1689 460 1730 morales
475 1690 574 1737 infusae,
590 1690 653 1731 dona
668 1689 773 1739 Spiritus
788 1690 875 1739 Sancti,
892 1688 944 1731 erat

100 1753 220 1793 dissensus
235 1752 377 1794 scholarum.
393 1752 556 1794 Themistae
571 1765 599 1793 ex
614 1751 707 1793 interna
722 1754 810 1794 horum
825 1754 942 1794 donorum

100 1816 200 1856 essentia
220 1815 371 1866 explicabant
390 1814 465 1857 multa
485 1826 546 1865 quae
568 1815 707 1856 scotistae
727 1816 750 1857 et
769 1816 845 1857 multo
866 1817 943 1867 magis

99 1878 274 1919 Occamistae
291 1889 304 1919 a
321 1879 363 1919 Dei
381 1879 539 1928 acceptatione
556 1877 684 1929 liberisque
700 1877 830 1919 voluntatis
847 1879 942 1920 divinae

99 1941 198 1981 decretis
212 1942 249 1982 vel
263 1953 277 1982 a
292 1941 340 1982 sola
354 1941 459 1992 potentia
474 1941 583 1982 ordinata
597 1941 744 1983 derivabant.
765 1968 797 1974 —
817 1942 943 1982 Exeunte

98 2004 191 2045 medio
205 2015 272 2045 aevo
287 2003 425 2045 Scholastici
440 2005 484 2045 hac
499 2006 524 2046 in
538 2015 564 2044 re
578 2004 639 2045 siout
653 2005 678 2045 ln
692 2003 746 2046 aliis
759 2004 867 2046 materiis
879 2005 943 2046 theo-

99 2067 181 2118 logicis
198 2067 271 2107 nimis
288 2066 444 2117 indulgebant
462 2066 678 2107 subtilitatibus
695 2067 825 2108 dialecticis
841 2069 864 2109 et
882 2068 943 2109 inso-

98 2129 215 2170 lubilibus
230 2128 409 2181 quaestionibus
424 2128 593 2180 metaphysicis
609 2130 681 2180 atque
696 2129 846 2171 Humanistis
859 2132 943 2171 ansam

98 2193 223 2234 deridendi
238 2190 382 2243 theologiam
396 2192 565 2243 praebuerunt.
580 2218 612 2224 -
628 2193 666 2233 Sic
682 2193 720 2234 via
736 2194 866 2244 parabatur
881 2205 943 2235 erro-

98 2255 166 2296 ribus
187 2254 340 2296 Novatorum.
365 2254 480 2303 Luther‚
504 2255 530 2294 in
553 2256 633 2297 schola
654 2255 803 2298 occamistioa
826 2257 941 2304 eruditus,

98 2318 182 2374 multa,
200 2310 261 2370 quae
277 2316 415 2359 Nominales
431 2317 460 2358 de
477 2318 582 2368 potentia
599 2318 708 2359 absoluta
725 2315 779 2359 fieri
798 2330 864 2370 posse
882 2331 942 2361 asse-

97 2381 202 2429 ruerant,
217 2392 299 2431 reapse
313 2380 345 2422 ita
358 2391 407 2421 esse
420 2379 555 2421 affirmavit.
570 2380 723 2432 Philosophia
737 2381 863 2432 gentilium
877 2393 943 2436 pror-

161 2507 169 2527 1
185 2506 215 2541 Dc
233 2505 299 2540 doctr.
319 2505 392 2540 christ.
410 2504 428 2548 3,
447 2503 476 2547 10,
496 2504 518 2541 16
543 2505 591 2550 (ML
607 2505 636 2548 34,
655 2506 699 2551 72):
726 2506 866 2542 «Ueritatem
889 2515 943 2542 voco

98 2552 189 2642 {mrem}
200 2560 278 2632 (lgretjlilrltlt1
287 2551 316 2628 ad
331 2550 451 2586 fruendum
467 2552 511 2586 Deo
527 2551 617 2597 propter
634 2552 708 2597 ipsum
723 2553 744 2587 et
761 2561 784 2588 se
801 2561 826 2587 ac
843 2553 943 2597 proximo

160 2654 170 2674 ²
186 2654 217 2689 Ci.
237 2655 262 2690 de
279 2654 321 2690 hac
339 2653 462 2690 evolutione
480 2655 503 2690 A.
523 2655 671 2698 Landgraf,
691 2654 835 2699 Graactapea
852 2656 889 2700 fiir
908 2657 944 2691 ctu

99 2697 244 2734 Verrtdnclnts
258 2699 297 2735 der
307 2700 426 2736 Barslebrc
440 2700 479 2735 der
490 2701 561 2736 Frrtb-
574 2701 621 2736 aad
633 2701 818 2738 Hoehscholastilt
833 2702 906 2747 (ZkTh
919 2703 943 2741 51

98 2743 168 2791 [1927]
183 2745 293 2792 161—194);
306 2747 345 2782 Die
357 2746 493 2781 Erbenntnts
507 2746 546 2782 der
558 2747 765 2790 aetttpmacaeactea
778 2748 852 2784 Gnade
866 2749 891 2784 in
905 2748 943 2784 der

97 2791 281 2828 Frahschotartta
293 2790 450 2837 (Scholastik3
462 2790 630 2838 [tempta—etp
642 2792 788 2839 Ktodcrtaufe
800 2794 847 2829 aad
858 2794 943 2830 Glaabe

97 2835 122 2887 tu
134 2836 172 2871 der
182 2837 365 2874 Fraotscaotastta
378 2837 548 2881 (Gregorianum
560 2839 571 2875 9
584 2838 652 2885 [1928]
665 2838 761 2876 aar—372
771 2839 882 2885 497—5l3);
893 2840 944 2876 Stu-

99 2880 151 2915 deco
168 2892 206 2917 zar
223 2884 362 2926 Ertemttots
376 2884 414 2918 des
432 2884 645 2921 Uebernattirlicben
662 2885 686 2920 in
705 2886 742 2921 der
760 2886 944 2922 Fraascaotasttt

101 2925 235 2970 [Scholastik
250 2930 262 2965 t
277 2928 344 2975 [1929]
363 2927 420 2965 1-at
436 2927 599 2975 lae-aecem).
648 2940 650 2942 ’
