2214 3350
174 174 223 232 458-
253 162 254 165 Ἴ
332 175 386 211 Sect.
402 153 873 220 vert.11.explicano‘granaeefficacis
892 163 915 173 '¹
957 212 959 214 ,

173 284 257 323 cientis
271 273 432 333 operationem
445 283 532 324 liberae
545 280 675 324 voluntatis
685 280 835 332 praecedens,
851 279 929 334 eidem
943 280 1017 321 trans

173 346 259 387 eunter
270 346 414 396 impressum
427 347 602 395 conterensque
610 344 638 385 ut
644 344 673 385 de
680 343 784 394 potentia
797 343 822 384 in
834 342 1017 384 actumreduca

175 409 221 449 tur.
235 410 303 460 Ergo,
317 409 373 450 licet
384 420 433 450 non
445 410 476 450 sit
487 408 577 459 aliquid
589 406 714 459 potentiae,
727 407 807 460 tamen
819 416 971 458 nequaquam
983 406 1017 446 est

175 472 242 513 actus
257 473 382 522 secundus,
401 473 441 513 sed
457 471 535 521 pot-ius
551 470 671 521 quoddam
688 471 795 511 medium
810 468 872 510 inter
887 469 1016 521 potentiam

173 535 198 575 et
212 535 299 584 actum,
315 536 378 586 quod
393 535 463 576 afficit
476 533 605 585 potentiam
619 533 645 573 in
658 532 742 575 ordine
756 542 839 573 causae
854 532 970 582 formalis,
986 533 1017 573 ad

174 598 256 640 actum
270 610 326 639 vero
341 599 443 639 refertur
458 598 483 637 in
498 596 580 638 ordine
595 607 679 638 causae
693 596 814 638 efficientis
830 597 869 649 (cf.
887 597 939 637 Ber.
957 596 1015 645 526).

174 717 231 765 583.
268 724 301 764 De
315 724 359 764 hoc
373 723 497 774 systemate
511 722 651 763 iudicium
666 721 791 762 ferentes
803 720 918 762 dicimus:
936 722 959 773 a)
976 722 1017 761 lla

174 787 220 827 cile
245 787 268 828 et
294 786 416 827 evidenter
442 785 567 835 explicat
594 785 741 838 triplicem
769 784 1016 826 infallibilitatem

175 849 265 900 gratiae
276 849 375 890 efficacis
387 850 418 900 (y.
431 861 454 889 n.
466 848 525 899 554).
538 849 602 890 Deus
613 848 650 897 iis,
663 859 723 900 quos
734 848 840 890 absolute
850 849 904 890 vult
914 849 945 890 ad
956 848 1017 889 salu-

176 913 224 953 tem
238 911 380 960 convertere,
397 912 427 953 ab
442 912 536 953 aeterno
552 911 657 953 decernit
671 912 694 954 et
709 912 735 952 in
750 911 854 963 tempore
870 911 912 954 dat
924 923 953 952 ec
967 922 1017 964 spe-

175 976 230 1016 ciali
240 975 425 1031 praedilectione
435 974 701 1026 praedeterminationes
712 975 822 1027 physicas
834 976 864 1016 ad
877 976 944 1017 actus
956 976 1017 1016 salu-

174 1038 243 1087 tares,
260 1050 315 1079 cum
330 1039 385 1079 aliis
399 1040 449 1079 sola
463 1039 554 1079 auxilia
567 1038 707 1080 sufficientia
719 1039 832 1096 concedat
845 1039 869 1080 et
883 1038 972 1088 gratias
985 1039 1016 1079 ad

173 1101 241 1143 actus
254 1101 368 1143 salutares
379 1101 622 1153 praedeterminantes
633 1101 738 1152 deneget.
753 1102 871 1152 Quoniam
882 1114 912 1143 ex
924 1101 1017 1143 interna

174 1168 262 1208 natura
277 1165 332 1206 talis
347 1166 431 1206 auxilii
447 1166 473 1205 in
488 1165 541 1206 actu
563 1166 641 1217 primo
664 1165 777 1206 obiective
800 1171 877 1205 certus
893 1165 929 1206 est
942 1174 1016 1206 nexus

175 1229 311 1271 infallibilis
325 1229 432 1270 eiusdem
444 1240 498 1269 cum
513 1228 565 1269 actu
580 1227 685 1276 salutari,
699 1228 763 1269 Deus
775 1228 826 1269 sine
838 1228 905 1268 omni
919 1229 1018 1270 scientia

173 1293 254 1332 media
266 1293 292 1332 in
304 1293 360 1332 sotis
373 1292 423 1331 siris
435 1292 533 1332 decretis
546 1290 683 1338 conterendi
697 1291 812 1333 eiusmodi
826 1292 916 1333 auxilia
927 1292 1007 1343 infell'

177 1355 256 1395 biliter
274 1356 392 1405 capnoscit
409 1354 475 1395 actus
493 1354 606 1395 salutares
624 1365 705 1406 reapse
723 1366 772 1396 esse
792 1354 919 1396 secuturos.
940 1355 1016 1403 Quare

175 1415 237 1458 thesi
252 1420 277 1458 et
293 1429 336 1469 per
350 1417 452 1469 systema
467 1417 642 1459 bannezianum
657 1419 765 1469 apprime
779 1417 874 1467 satisiit3
891 1419 932 1459 sed
947 1430 1017 1470 quae-

175 1481 219 1522 stio
237 1482 278 1530 est,
294 1492 354 1521 num
371 1481 426 1521 aliis
443 1492 536 1532 quoque
553 1481 694 1522 veritatibus
710 1480 818 1530 satisfiat,
838 1493 898 1532 quas
915 1481 977 1523 fides
994 1482 1017 1522 et

174 1557 233 1587 sana
248 1546 307 1587 ratio
322 1545 413 1594 docent,
430 1545 533 1595 maxime
548 1545 584 1593 iis,
601 1556 661 1595 quas
675 1545 736 1585 thesi
750 1548 777 1585 20
792 1545 874 1586 contra
887 1545 1017 1585 haereticos

173 1609 341 1650 stabilivimus.
356 1632 389 1638 —-
402 1609 426 1660 b)
444 1608 525 1650 Circa
538 1607 762 1659 praemotionem
777 1606 925 1659 physicam
940 1607 1017 1649 malta

174 1672 317 1713 adversariis
331 1672 393 1713 ultro
408 1670 601 1717 concedimus:
620 1671 684 1713 Deus
695 1670 859 1723 multipliciter
873 1682 924 1713 nos
936 1682 1017 1722 prae-

172 1736 277 1784 monet,
289 1736 363 1776 ‘etiam
376 1735 407 1776 ad
419 1736 485 1776 actus
498 1735 584 1776 liberos
595 1735 706 1776 honestos
720 1736 758 1787 (de
770 1735 862 1776 actibus
875 1735 946 1777 malis
958 1736 1016 1786 quid

173 1798 257 1846 valeat,
273 1809 401 1849 possumus
414 1799 452 1838 hic
466 1798 596 1849 omittere):
620 1799 643 1849 a)
660 1798 752 1839 Grecoit
765 1799 788 1839 et
801 1805 923 1839 conservet
933 1799 1016 1840 volun-

171 1861 253 1902 tatem.
281 1862 301 1917 β)
321 1862 405 1903 Eidem
424 1861 513 1902 indidit
529 1861 711 1902 determinatam
729 1861 882 1903 directionem
901 1862 949 1903 sive
968 1873 1016 1903 mo-

174 1925 233 1972 tum,
252 1936 337 1975 nempe
354 1925 486 1976 appetitam
502 1925 613 1965 innatum
628 1925 655 1964 in
673 1925 760 1965 bonurn
775 1926 909 1966 universate
926 1925 1016 1967 sivein

173 1987 353 2029 beatitudinem.
372 1988 397 2042 y)
413 1988 565 2028 Providentia
579 1989 643 2028 Deus
656 1987 717 2039 regit
731 1998 813 2028 causas
828 1989 950 2037 secundas,
966 1989 1016 2040 qui-

172 2051 219 2090 bus
233 2063 262 2091 ex
277 2051 322 2091 hoc
337 2050 452 2100 regimine
468 2051 637 2091 indeliberetce
654 2051 805 2102 reparationes
822 2059 843 2093 et
860 2053 1014 2103 appetitiones

172 2115 231 2155 boni
242 2115 383 2163 excitantur3
396 2115 495 2166 insuper
507 2125 561 2155 cum
573 2115 612 2155 his
624 2114 716 2155 actibus
728 2114 842 2155 vitalibus
853 2115 950 2166 physice
965 2126 1017 2156 con-

174 2179 249 2218 currit
262 2178 332 2228 atque
346 2178 380 2218 ita
392 2178 518 2229 praeparat
531 2178 608 2229 ipsam
621 2178 722 2218 liberam
736 2177 882 2226 electionem3
896 2189 953 2219 nam
967 2179 1015 2219 Deo

171 2244 207 2283 sic
221 2242 360 2292 disponente
373 2242 397 2283 et
409 2241 520 2292 operante
533 2240 644 2282 voluntas
655 2233 752 2291 penitae
764 2243 791 2281 in
804 2248 858 2282 acto
871 2242 950 2292 primo
962 2253 1015 2293 pro-

172 2306 238 2345 ximo
257 2305 287 2346 ad
306 2304 444 2346 exercitium
461 2315 515 2345 suae
534 2303 657 2345 libertatis.
687 2305 707 2356 d)
728 2305 836 2346 Primum
855 2305 1017 2360 condicionete

174 2368 300 2408 intendens
316 2369 397 2409 actum
412 2369 509 2417 bonum,
527 2379 597 2419 porro
613 2369 753 2419 praesciens,
770 2369 796 2409 in
813 2369 901 2418 quibus
916 2370 1015 2409 circum-

172 2431 267 2473 stantiis
282 2432 305 2473 et
320 2443 375 2472 cum
391 2432 479 2484 quibus
495 2431 590 2472 auxiliis
605 2430 716 2472 voluntas
731 2432 808 2473 creata
822 2430 898 2473 libere
913 2431 1015 2473 electura

175 2497 205 2538 sit
215 2497 317 2538 eundem
329 2495 449 2544 actumst
460 2496 486 2536 in
496 2495 547 2535 luce
558 2495 631 2536 huius
642 2495 809 2546 praescientiae
820 2496 927 2536 absolate
940 2495 1015 2535 decer.

172 2570 233 2599 nens
251 2560 368 2600 adducere
387 2558 444 2600 istas
461 2557 651 2599 circumstantias
668 2558 692 2599 et
708 2557 752 2600 ista
769 2558 867 2607 auxilia,
887 2559 950 2599 Deus
968 2559 1016 2599 iarn

173 2625 228 2665 ante
243 2635 339 2665 omnem
354 2623 455 2664 liberam
472 2622 608 2664 electionem
624 2623 744 2664 creaturae
759 2623 865 2664 absolute
881 2623 1015 2674 praevisam

172 2701 217 2739 pro
230 2701 271 2729 suo
284 2689 386 2740 protetio
402 2689 546 2739 beneplacito
556 2689 650 2738 primes
663 2689 811 2737 determinet,
826 2690 867 2740 qui
881 2689 948 2729 actus
959 2689 1015 2729 boni

175 2753 304 2804 aliquando
318 2764 402 2794 revera
414 2753 490 2793 futuri
504 2751 551 2794 sint
567 2753 605 2805 (cf.
620 2765 645 2794 n.
660 2753 719 2804 642).
734 2755 765 2785 '-
777 2755 797 2805 o)
815 2753 891 2801 Quare
905 2765 960 2795 vero
974 2754 1016 2794 ali-

176 2828 223 2868 quo
246 2828 316 2858 sensu
338 2817 466 2858 concedere
487 2827 614 2866 possumus
634 2816 706 2858 etiarn
729 2809 1017 2867 praedetermina-tio-

172 2893 236 2922 nem
249 2882 372 2939 quandam
385 2882 482 2921 actuum
496 2881 619 2921 honorum.
636 2882 696 2922 Nam
710 2882 774 2922 Deus
796 2883 817 2933 e)
832 2881 979 2923 voluntatem
992 2882 1018 2923 in

171 2947 226 2987 actu
245 2937 322 2997 primo
342 2947 450 2997 proximo
470 2946 500 2987 ad
518 2946 617 2987 liberam
637 2945 775 2988 electionem
794 2945 965 2996 constituendo
986 2958 1015 2988 ea
