2214 3350
122 155 159 191 aia
243 156 296 192 sect.
310 157 350 192 ru.
364 157 409 192 Ara
423 157 451 193 u.
465 158 496 193 ne
508 138 609 193 aonts'an
620 153 775 191 iustificatione
789 137 847 191 attis
862 126 863 132 ¹

122 263 259 304 iustificatio
274 265 406 305 secundum
420 259 471 315 cap.
487 267 500 305 4
515 259 545 306 sit
557 263 670 305 transitus
684 263 715 303 ad
730 262 817 304 statum
831 262 968 314 adoptionis
1004 277 1005 280 ¹

121 328 145 368 et
160 329 331 379 consequenter
346 328 441 380 adoptio
458 329 555 379 aliquod
571 327 749 369 constitutivum
766 327 877 375 iustitiae,
894 328 966 368 unica

122 404 192 433 causo
213 394 322 443 formulis
342 394 525 442 iustificationis,
547 405 607 443 quae
629 393 694 433 iuxta
715 404 764 443 cap.
787 395 801 433 7
821 392 856 433 est
875 391 967 433 iustitia

110 458 256 506 inhaerens,
277 458 432 508 probabiliter
451 457 496 499 erit
514 458 585 498 etiam
605 468 675 498 causa
695 457 802 497 formalis
822 456 963 506 adoptionis.

123 523 169 563 Sed
185 522 275 564 iustitia
292 523 418 564 inhaerens
434 522 537 563 maxime
554 521 709 563 essentialiter
725 521 831 563 consistit
847 521 872 561 in
888 521 964 573 gratia

122 587 292 628 sanctificante.
559 590 560 593 ’

121 722 177 763 425.
213 723 243 763 Η.
260 722 389 775 Scriptura.
405 721 524 762 Revelatio
538 721 611 762 huius
624 720 731 761 veritatis
743 721 768 760 in
782 721 847 761 ΝΟΤο
861 731 904 770 per
917 721 965 762 tres

121 788 210 837 gradus
220 787 333 838 proc-edit.
345 813 377 818 -
388 790 407 827 1.
420 787 491 836 Apud
504 785 644 838 Synopticcs
658 786 765 827 Christus
778 797 846 837 saepe
858 785 965 837 loquitur

121 852 150 892 de
165 851 247 891 Patre
262 851 390 899 caelesti,
405 851 447 901 qui
462 850 585 891 dilectione
600 851 623 891 et
637 861 693 891 cura
707 861 761 891 vere
775 851 875 901 paterna
889 851 965 891 omni.

123 916 165 955 bus
190 916 286 966 quidem
309 915 422 956 creaturis
445 915 560 966 providet,
585 915 643 955 liliis
665 926 759 966 quoque
782 915 806 956 et
828 916 965 966 passeribus

123 980 171 1031 (Mt
183 983 203 1028 6,
221 983 249 1020 26
256 980 296 1031 ss),
315 980 357 1031 qui
374 980 445 1021 etiarn
464 990 535 1030 super
549 986 683 1029 peccatores
701 978 774 1021 solem
791 980 849 1019 oriri
867 980 924 1021 facit
941 980 963 1020 et

119 1044 182 1094 pluit
195 1045 241 1095 (Mt
252 1047 272 1093 5,
286 1045 332 1095 45),
347 1045 387 1085 sed
401 1043 557 1094 specialius
569 1045 637 1095 pater
648 1045 682 1085 est
695 1055 784 1092 eorum,
800 1056 858 1096 quos
872 1044 964 1085 vocavit

98 1139 102 1143 .
119 1110 150 1149 ad
164 1120 265 1159 requam
277 1110 348 1156 Dela
363 1109 456 1150 Christe
471 1109 632 1157 fundandum
647 1109 732 1150 iterum
747 1109 794 1149 alic
809 1110 831 1150 et
846 1109 964 1160 specialis-

120 1173 180 1214 simo
197 1185 295 1223 prorsus
312 1185 383 1214 sensu
399 1174 449 1224 ipse
469 1173 575 1214 Christus
593 1174 669 1214 Deum
687 1175 755 1215 vocat
772 1185 843 1214 suum
861 1173 960 1224 patrem.

118 1264 149 1269 —
168 1234 212 1279 Ciss
224 1239 299 1279 toturn
319 1249 454 1278 sermonem
471 1245 613 1279 montanum
634 1238 678 1288 (Mt
697 1240 761 1290 5-7)
783 1250 838 1279 cum
857 1239 962 1279 orat-ione

119 1304 189 1343 Pater
204 1309 291 1350 noster,
308 1314 368 1353 quae
385 1303 420 1343 est
434 1302 509 1343 oratio
526 1302 634 1342 liliorum
650 1304 681 1343 ad
697 1303 812 1353 patrem1.
835 1328 867 1334 —
888 1304 963 1344 Porro

120 1368 228 1408 Christus
246 1367 314 1408 iustis
332 1367 449 1417 promittit
466 1360 654 1408 hereditatem
671 1368 790 1408 bonorum
808 1367 961 1418 paternorum

113 1432 168 1481 sive
184 1432 356 1482 possessionem
374 1423 465 1482 regni,
483 1432 546 1482 quod
563 1432 634 1472 Pater
650 1431 756 1472 caelestis
772 1432 866 1482 paravit
882 1431 963 1473 electis

119 1508 133 1537 a
148 1496 313 1538 constitutione
329 1497 414 1537 mundi
432 1496 477 1547 (Mt
491 1498 524 1545 25,
541 1497 586 1547 34).

117 1631 172 1672 426,
208 1633 229 1670 2.
244 1629 267 1671 S.
282 1629 370 1671 Paulus
383 1631 443 1670 hanc
457 1630 574 1670 iustorum
587 1630 728 1670 filiationem
740 1630 874 1671 accuratius
887 1631 961 1672 deter-

116 1695 193 1736 minat
205 1695 327 1745 umquam
340 1694 532 1745 adoptionem,
547 1707 596 1746 qua
608 1695 762 1736 conformitas
774 1696 891 1746 quaedam
905 1707 959 1736 curn

116 1760 177 1801 Filio
199 1759 302 1800 naturali
325 1759 395 1810 atque
418 1759 456 1800 ius
478 1770 532 1799 cum
555 1760 638 1800 eodem
660 1760 723 1800 bona
744 1760 787 1800 Dei
810 1760 959 1801 hereditandi

117 1825 259 1865 conferatur.

191 1914 285 1952 nassau
304 1917 330 1962 (v.
347 1916 404 1961 Zor.)
420 1915 533 1951 derivatur
547 1916 575 1951 ab
588 1914 632 1953 υἱὸν
645 1916 718 1952 θέσθαι
730 1914 773 1953 τινὰ
789 1916 863 1952 Attice
878 1915 960 1960 signifi-

116 1970 152 2004 cat
169 1969 277 2004 actionem
293 1969 422 2013 adoptandi,
440 1968 527 2014 passive
544 1969 634 2011 statum,
652 1969 809 2013 condicionem,
828 1970 959 2014 dignitatem

115 2022 156 2057 filii
171 2022 276 2067 adoptati.
292 2021 381 2067 Triplex
395 2022 455 2067 apud
468 2022 563 2057 Paulum
580 2022 644 2067 (Rom
657 2022 693 2068 as)
710 2022 805 2058 occurrit
819 2023 907 2068 adoptio
921 2023 959 2057 ho-

116 2076 203 2110 minum
219 2085 232 2110 a
248 2077 293 2110 Deo
309 2075 369 2110 tacta
386 2076 407 2111 et
422 2074 536 2110 iacienda:
563 2075 584 2121 a)
611 2085 690 2111 sensu
714 2076 845 2111 theocrctico
863 2076 960 2122 populus

116 2129 186 2164 Israel
198 2128 301 2164 est'filius
312 2128 351 2164 Dei
363 2127 488 2174 adoptivus,
501 2137 566 2173 quem
576 2138 630 2174 prae
642 2128 733 2172 reliquis
744 2129 873 2165 nationibus
885 2130 957 2174 elegit,

116 2182 206 2224 amavit,
219 2182 288 2224 duxit3
299 2183 355 2218 Rom
365 2182 383 2224 9,
395 2183 417 2219 4:
432 2194 442 2215 ι(
451 2182 573 2225 Israelitae‚
586 2191 680 2227 quorum
691 2182 780 2229 adoptio
792 2183 824 2219 est
834 2182 931 2219 filiorum
939 2197 958 2220 a.

114 2236 202 2271 —1N0n
219 2235 320 2271 obstante
338 2235 380 2271 hac
398 2236 515 2282 adoptione
532 2235 668 2271 theocratica
692 2236 807 2271 Israelitae
831 2236 957 2272 habuerunt

115 2290 188 2334 potius
201 2289 305 2334 spiritum
318 2289 430 2340 servitutis
444 2298 511 2334 quam
523 2289 649 2333 adoptionis
663 2289 727 2336 (Rom
739 2289 756 2332 8,
772 2288 810 2335 15).
824 2290 882 2325 Nam
895 2291 959 2337 spiri-

114 2343 150 2377 tus
167 2342 292 2387 adoptionis
309 2342 446 2387 intellegitur
463 2343 489 2378 de
506 2343 624 2388 adoptione
640 2343 661 2388 b]
680 2351 748 2379 sensu
765 2343 895 2387 dopmuticc,
914 2353 958 2388 quo

115 2404 182 2430 sensu
196 2407 205 2427 κ
214 2395 274 2439 iusti,
289 2396 328 2440 qui
341 2396 416 2439 gratia
429 2394 582 2431 sanctificante
595 2396 697 2442 praediti,
713 2396 876 2432 inhabitatione
890 2397 958 2443 Spiri-

113 2449 150 2483 tus
166 2449 241 2484 Sancti
257 2448 339 2490 donati,
356 2449 451 2484 naturae
467 2448 554 2484 divinae
570 2449 690 2495 participes
705 2449 758 2485 facti
774 2450 832 2494 sunt,
849 2451 958 2486 vocantur

114 2501 135 2536 et
149 2502 200 2537 sunt
213 2502 254 2537 filii
267 2503 307 2537 Dei
321 2502 387 2546 atque
400 2503 451 2538 inde
465 2503 556 2538 heredes
565 2516 575 2535 »
593 2503 664 2548 (Zea).
680 2522 704 2528 —
718 2503 888 2539 Consummatur
902 2504 956 2539 haec

114 2555 202 2600 adoptio
216 2556 279 2591 donis
291 2555 382 2600 gloriae,
395 2556 453 2591 inter
465 2564 521 2600 quae
533 2557 566 2592 est
579 2556 646 2592 etiam
658 2556 756 2601 gloriosa
767 2558 899 2593 resurrectio
911 2565 958 2594 cor-

176 2693 183 2714 1
199 2693 362 2729 Knabenbauer
377 2694 402 2728 in
417 2694 449 2728 Mt
464 2692 482 2737 6,
500 2693 547 2737 9ss;
577 2695 650 2730 Herm.
676 2694 769 2730 Claddcr
792 2695 812 2731 S.
830 2695 857 2738 J.,
875 2696 903 2731 In
918 2696 958 2731 der

115 2739 194 2776 Schule
206 2740 244 2776 des
256 2741 414 2785 Evangeliums
426 2742 449 2777 Π
456 2741 488 2786 ³1⁴
501 2740 617 2786 (Freiburg
628 2743 642 2777 i.
657 2744 692 2778 Br.
709 2741 763 2786 1918)
777 2741 957 2786 Batrachtungen

113 2788 125 2823 4
141 2787 164 2823 13
179 2787 202 2824 15
216 2788 244 2824 17.
260 2808 283 2813 —
296 2789 372 2824 Etiam
387 2789 498 2831 Hurncct,
514 2790 596 2825 Wesen
610 2790 648 2824 des
662 2789 833 2831 Christenturns,
850 2789 866 2824 t.
883 2789 956 2826 Vorle-

114 2844 178 2879 sung,
192 2834 273 2880 aliique
285 2836 436 2872 Protestantes
448 2835 539 2882 pulchre
551 2837 663 2872 disserunt
675 2837 702 2873 de
712 2836 808 2879 Christo,
821 2838 891 2873 Deum
902 2838 957 2873 tam-

113 2891 181 2927 quam
191 2883 277 2927 patrem
289 2883 444 2927 annuntiante,
457 2883 495 2924 sed
507 2884 553 2919 alia
564 2884 666 2928 religioni
678 2883 814 2920 christianae
825 2892 871 2919 non
881 2884 958 2921 minus

113 2928 243 2966 essentialia
258 2930 368 2967 omittunt.
