2214 3350
319 214 431 251 scholium
445 213 461 250 1.
477 214 507 249 De
522 212 612 248 obiectis
624 212 699 248 meriti
895 210 932 248 579

86 323 129 364 tali
142 324 267 364 commisso
281 324 311 365 iit
323 334 350 365 eo
362 323 414 374 ipso
428 333 482 362 reus
493 331 582 372 poenae
598 320 713 371 aeternae,
729 332 776 370 qua
789 331 865 370 poena
879 320 929 360 sine

85 386 137 427 ulla
150 386 265 427 iniustitia
280 386 360 437 statim
374 398 389 427 a
402 386 451 426 Deo
463 385 545 436 puniri
559 384 644 432 posset.
660 383 722 434 Ergo
736 383 819 434 nequit
832 382 929 424 titulum

86 449 189 490 iustitiae
203 450 298 497 habere,
313 450 340 491 ut
353 449 402 490 vita
416 449 462 500 ipsi
475 446 623 500 prorogetur,
640 445 714 487 donec
728 446 883 488 convertatur.
899 471 931 475 —

87 513 123 553 Gi.
138 513 231 561 Γ111010,
247 513 271 553 S.
288 513 320 553 th.
336 515 356 560 1,
370 516 384 554 2
396 525 419 563 q.
435 515 475 553 111
489 524 509 553 a.
525 511 546 551 7.

86 683 140 724 716.
176 682 219 725 llI.
237 682 430 725 Obiectamcritl
445 683 474 725 de
491 685 604 735 congruo.

155 791 175 829 1.
191 786 306 830 Peccator
322 789 349 828 de
366 799 470 838 congruo
482 789 568 829 mereri
584 786 671 837 potest:
690 787 712 837 a)
730 783 860 826 Ulteriores
876 787 929 836 gree

85 851 132 893 tias
148 851 262 898 actuales,
280 851 368 901 quibus
382 852 412 891 ad
426 850 621 891 iustificationem
636 849 796 900 propinquius
811 859 835 888 se
851 847 930 898 dispo

83 925 139 956 nere
154 914 234 966 possit.
258 915 351 956 Ratio.
375 916 397 966 o)
422 913 551 964 Postquam
573 913 637 954 Deus
659 911 801 953 conferendo
824 911 929 962 primam

84 978 186 1028 gratiam
203 977 320 1018 actualem
333 988 394 1027 opus
411 977 571 1017 conversionis
588 977 664 1027 coepit
680 976 703 1017 et
720 975 828 1026 peccator
844 975 928 1015 eadem

82 1041 159 1091 gratia
174 1041 233 1081 bene
249 1051 309 1080 usus
324 1041 365 1088 est,
384 1041 457 1088 decet,
473 1046 501 1080 ut
515 1052 528 1080 a
544 1040 593 1079 Deo
611 1039 714 1089 amplius
731 1040 825 1078 iuvetur
843 1037 926 1089 gratiis

84 1104 114 1144 ad
133 1103 326 1143 iustificationem
348 1101 542 1143 conducentibus
565 1102 653 1142 Omnes
672 1101 775 1152 theologi
797 1099 928 1141 admittunt

84 1168 167 1207 notum
181 1168 294 1217 adagium
304 1168 348 1206 hoc
361 1177 443 1206 sensu:
461 1166 573 1215 Foeieoti,
588 1167 651 1216 quod
664 1172 699 1205 est
709 1166 736 1204 in
749 1177 780 1214 se,
794 1177 849 1205 cum
862 1165 928 1205 curri

75 1230 115 1271 >lio
130 1230 217 1279 prioris·
234 1229 331 1279 proriae,
349 1229 414 1269 Deus
430 1239 477 1268 non
493 1228 594 1278 denegat
609 1227 747 1267 ulteriorem
765 1228 865 1278 gratiam
886 1229 925 1278 (ci.

82 1303 105 1331 n.
120 1291 208 1342 eatss).
222 1317 252 1325 —-
272 1292 293 1344 β)
310 1291 374 1339 Quae
388 1292 526 1341 suppliciter
539 1290 662 1341 impetrari
676 1290 782 1340 possunt,
798 1290 929 1341 generatim

83 1354 154 1395 etiam
171 1355 227 1395 sunt
241 1354 359 1394 obiectum
376 1352 477 1394 alicuius
492 1353 570 1394 meriti
588 1353 616 1394 de
632 1364 743 1402 congruo.
759 1379 789 1384 ἡ
808 1354 833 1408 7)
852 1354 929 1405 Opera

84 1416 204 1464 salutaria,
222 1428 282 1467 quae
298 1416 407 1466 peccator
421 1416 498 1466 gratia
514 1416 610 1457 adiutus
626 1416 691 1472 tacit,
708 1428 824 1467 magnum
840 1416 929 1457 hahent

83 1481 189 1521 valorem
205 1481 418 1531 supernaturalem,
437 1480 507 1530 atque
525 1491 607 1521 eorum
626 1479 776 1530 condignitas
792 1492 834 1530 per
853 1480 928 1521 solam

82 1555 197 1594 personne
214 1544 334 1594 operantis
352 1543 518 1595 indignitatem
537 1543 673 1595 impeditur.
694 1544 757 1593 Ergo
772 1543 855 1584 saltem
874 1555 928 1583 coo.

82 1608 173 1658 proiice
186 1609 312 1649 asserenda
325 1607 365 1647 est.
379 1633 411 1638 —-
423 1608 471 1647 Hoc
484 1607 597 1648 meritum
610 1607 639 1647 de
653 1618 756 1656 congruo
768 1607 803 1646 est
814 1605 928 1646 intelli*

82 1671 152 1718 bile,
168 1670 224 1721 quia
239 1671 302 1710 Deus
316 1671 426 1720 promisit
441 1669 529 1719 gratias
544 1680 597 1710 vere
611 1668 752 1710 sufficientes
766 1670 796 1710 ad
812 1669 927 1709 iustifica-

81 1735 178 1775 tionem.
203 1734 263 1775 Hinc
280 1734 322 1785 qui
338 1735 399 1775 hene
413 1733 488 1775 utitur
504 1734 588 1785 gratiis
610 1734 724 1775 remotius
747 1733 924 1780 sufficientibus

82 1797 242 1838 infallibiliter
258 1797 357 1848 accipiet
373 1797 533 1848 propinquius
548 1797 572 1838 et
587 1797 694 1847 proxime
712 1796 858 1837 sufficientes.
879 1796 925 1837 Sed

81 1861 181 1900 modum
195 1867 217 1899 et
233 1866 326 1911 tempus
343 1861 480 1901 conterendi
495 1860 540 1901 has
555 1860 680 1901 ulteriores
696 1859 783 1911 gratias
799 1861 863 1901 Deus
879 1860 925 1900 sihi

81 1923 217 1963 reservavit.
273 1923 298 1974 b)
314 1924 394 1973 Ipsam
407 1922 609 1965 tristificationem.
625 1924 671 1972 Qui
685 1923 763 1964 actum
778 1923 926 1963 contritionis

82 1985 146 2026 elicit
165 1986 202 2026 vel
224 1997 279 2026 cum
300 1986 419 2026 attritione
441 1986 540 2037 suscipit
560 1986 743 2035 sacramentum,
766 1986 927 2026 infallibiliter

82 2049 168 2100 accipit
184 2049 287 2101 gratiam
307 2048 502 2091 sanctificantem.
527 2050 600 2090 Actus
624 2049 754 2100 peccatoris
778 2050 926 2091 iustificandi

83 2112 166 2153 saltem
178 2112 261 2153 influit
274 2124 316 2163 per
330 2112 429 2154 modum
445 2113 605 2164 (lispositionir
619 2114 643 2155 et
656 2114 837 2165 impetrationis
853 2113 926 2153 Multi

82 2175 245 2216 Thomistae
259 2175 336 2216 eidem
351 2175 414 2216 actui
428 2176 532 2226 negant
545 2176 662 2218 rationem
677 2176 756 2217 meriti
771 2177 798 2216 de
812 2188 924 2227 eonprao,

81 2240 152 2290 prout
164 2241 207 2281 hoe
220 2253 233 2281 a
245 2239 399 2294 dispositione
412 2241 435 2281 et
446 2239 611 2290 impetratione
625 2239 779 2291 distinguitur
794 2241 832 2291 (ci.
846 2252 870 2280 n:
885 2242 926 2281 196

81 2304 130 2354 211)
140 2305 155 2343 ².
173 2304 218 2344 Sed
232 2303 413 2344 communius
424 2303 447 2344 et
459 2301 546 2344 rectius
559 2304 603 2344 hoc
617 2303 730 2344 meritum
745 2302 924 2351 affirmatum
993 2313 994 2317 ¹

81 2378 138 2407 nam
154 2368 220 2407 actus
237 2366 367 2417 disponens
382 2376 429 2406 non
448 2365 524 2406 solum
542 2368 668 2417 praeparat
686 2366 816 2407 subiectum
834 2366 925 2416 Deique

80 2429 268 2470 misericordiam
285 2428 396 2479 appellat,
415 2429 454 2469 sed
469 2429 504 2470 est
519 2428 590 2469 etiam
606 2429 703 2480 aliquod
720 2429 861 2480 obsequium
876 2430 926 2470 Deo

80 2492 221 2542 praestitum
241 2492 313 2542 idque
332 2492 421 2532 valoris
439 2491 633 2542 supernaturalis.
655 2518 687 2523 -›
707 2491 856 2541 Scriptura
876 2503 925 2533 me·
966 2514 968 2516 v

81 2556 154 2596 ritum
173 2555 201 2596 de
218 2554 337 2605 condigno
353 2553 458 2595 excludit-
477 2557 507 2606 (v.
526 2567 549 2595 n.
569 2558 616 2604 715,
637 2557 666 2606 1).
686 2554 848 2596 Nihilominus
866 2556 925 2597 tidei

85 2686 86 2689 ’
142 2687 149 2707 1
164 2686 290 2721 Themistae
304 2687 328 2721 in
341 2686 382 2721 hac
397 2687 525 2730 quaestione
540 2687 605 2722 divisi
619 2686 678 2729 sunt;
692 2687 717 2721 ci.
733 2686 869 2724 Morio-Solo
885 2688 925 2732 (La

82 2731 171 2767 Cieucia
182 2732 281 2767 Tomista
294 2731 318 2767 33
333 2730 391 2778 [1926
405 2732 425 2777 Ι]
441 2730 479 2778 62).
495 2732 593 2768 Billuort
606 2732 645 2776 (De
660 2732 733 2776 qratia
748 2732 799 2768 diss.
815 2734 826 2769 3
840 2744 859 2770 a.
876 2734 887 2770 7
901 2734 925 2768 in

79 2775 131 2821 fine)
150 2777 215 2812 dicit:
245 2777 321 2812 «Item
340 2778 411 2812 omnis
437 2779 512 2821 gratia
531 2779 580 2823 post
600 2778 696 2824 primam
721 2779 832 2815 actualem
858 2780 925 2815 datur

80 2823 203 2859 secundum
216 2823 320 2859 meritum
334 2824 436 2859 nostrum
450 2823 529 2859 saltem
543 2825 569 2859 de
585 2832 708 2868 congruo.»
725 2826 809 2861 Tamen
825 2827 877 2872 quia
892 2826 925 2861 tot

79 2869 133 2903 boni
147 2868 243 2912 theologi
259 2869 413 2911 adversantur,
430 2869 447 2904 l.
457 2869 484 2905 M.
495 2870 572 2912 Heme,
590 2869 694 2904 Manuale
710 2871 782 2906 Theol.
801 2872 872 2916 dopm.
891 2871 924 2906 ΠΙ

82 2914 161 2958 (Paris.
178 2914 232 2960 1927)
247 2923 268 2950 n.
284 2913 325 2958 268,
342 2923 474 2959 exaggerare
489 2916 583 2959 videtur,
599 2924 701 2951 asserens
715 2917 820 2953 meritum
835 2919 861 2954 de
875 2926 926 2953 con-

80 2968 136 3003 gruo
156 2962 246 2996 actuum
267 2961 432 3006 disponentium
454 2963 474 2997 et
495 2963 610 3007 speciatim
632 2962 695 2998 actus
716 2962 855 3000 contritionis
877 2972 924 3000 esse

81 3006 201 3050 theolopice
221 3008 310 3042 certum,
