2214 3350
306 207 310 214 ''
329 234 442 269 senonum
456 232 471 268 1.
487 234 518 268 ne
533 232 709 267 obiectamenta
906 228 941 267 581

95 341 184 381 cessive
198 352 239 392 per
253 340 330 382 totuin
345 340 405 381 vitae
420 340 517 390 tempus
529 339 597 390 quasi
611 350 655 389 per
668 339 789 390 11111111.
807 340 854 379 Hoc
870 349 941 379 sensu

96 403 194 455 aliquod
209 404 323 444 meritum
340 404 369 444 de
387 414 491 453 congruo
509 401 609 442 tallibile
628 402 778 442 communius
795 402 939 443 conceditur.

25 491 26 494 =
94 492 127 498 —
138 467 241 508 Fontes
251 466 373 517 imprimis
385 465 516 516 loquuntur
529 466 558 505 de
572 464 727 516 possibilitate
741 464 941 515 perseverantiam

95 531 234 580 suppliciter
247 528 402 580 impetrandi
416 529 446 569 11.
461 530 479 569 P
494 529 524 569 IX
538 540 574 579 pr.
589 530 627 568 19.-
644 526 657 564 ἰ(
666 527 745 568 Oratio
759 528 793 568 est
805 527 941 569 infallibilis

95 593 218 641 efficaciae,
241 592 371 633 dummodo
392 592 423 632 sit
441 591 526 632 vestita
545 591 631 632 debitis
652 590 857 639 condicionibus»,
880 602 940 642 quae

95 655 170 696 thesis
181 655 285 695 maxime
295 655 358 696 valet
367 655 395 695 de
408 656 470 696 dono
481 654 670 705 perseverantiae
683 653 839 702 impetrando.
853 654 940 694 Notum

96 719 131 759 est
145 719 246 759 verbum
262 719 285 758 S.
303 717 469 769 Augustini,
485 718 520 757 De
535 718 596 757 dono
611 729 703 768 perseo.
721 718 754 765 16,
772 719 798 756 39
816 718 845 768 (R
860 717 937 767 QUOD:

98 800 108 818 t(
117 781 213 822 Constat
227 780 275 821 alia
288 781 366 821 Deum
380 780 460 821 danda
475 780 545 821 etiam
562 792 608 821 non
624 779 755 828 orantibus,
771 779 831 820 sicut
844 778 941 819 initium

96 844 162 892 fidei,
178 844 225 885 alia
238 844 333 883 nonnisi
348 842 471 883 orantibus
484 853 645 900 praeparasse,
662 842 723 883 sicut
737 853 811 892 usque
826 842 851 881 in
866 841 941 882 tinem

95 906 295 958 perseverantiam
304 908 320 945 ².
330 924 340 943 n
358 933 388 938 -
405 906 473 947 Ratio
489 907 570 946 meriti
585 907 613 947 de
631 916 736 956 congruo
751 905 865 946 suadetur
882 916 911 945 ex
927 907 941 943 2

95 970 183 1018 Petri,
198 973 236 1010 1οῑ
255 987 265 1006 «
275 970 385 1021 Satagde,
400 970 427 1010 ut
439 981 483 1020 per
495 971 557 1010 bona
571 980 643 1019 opera
656 970 744 1010 certam
756 969 860 1009 vestram
874 972 941 1009 voca-

94 1033 184 1073 tionem
196 1033 219 1074 11
231 1033 369 1074 electionem
383 1031 482 1074 faciatis.
492 1051 502 1069 >³
517 1033 595 1073 Verba
607 1050 617 1068 a
625 1043 668 1082 per
679 1033 742 1073 bona
754 1042 826 1082 opera
834 1049 844 1067 s
860 1030 941 1071 critice

95 1096 193 1147 quidem
210 1096 266 1136 sunt
281 1096 362 1145 dubia,
380 1096 420 1136 sed
437 1107 533 1136 sensum
551 1095 650 1144 apostoli
667 1095 692 1135 in
709 1096 752 1135 hoc
769 1094 879 1135 contextu
899 1094 938 1146 (cf,

94 1172 118 1199 v.
137 1159 202 1210 5—8)
222 1159 283 1198 recte
302 1158 429 1209 explicant.
450 1159 473 1198 S.
493 1157 672 1208 Augustinus
688 1158 766 1207 quoad
785 1159 829 1198 hoc
849 1158 941 1197 donum

94 1221 167 1260 etiarn
178 1220 275 1260 adhibet
285 1220 415 1260 terminum
429 1220 583 1270 «suppliciter
593 1221 707 1260 emereri»
723 1222 764 1271 (De
776 1222 836 1261 dono
847 1231 940 1271 persev.

86 1286 115 1330 ’1,
130 1283 174 1333 lo).
188 1308 219 1312 -
230 1282 250 1332 c]
265 1282 424 1323 probabiliter
436 1281 611 1335 reparationem
623 1284 679 1335 posi
692 1283 792 1334 lapsum.
805 1283 877 1323 Multi
890 1283 942 1334 qui-

94 1346 150 1386 dem
161 1356 216 1385 eum
228 1346 251 1385 S.
262 1346 368 1386 Thema
381 1345 414 1396 (S.
424 1346 457 1385 111.
466 1348 486 1392 1,
495 1347 584 1395 21111
591 1357 611 1385 a.
617 1346 640 1397 7)
649 1345 731 1386 tenent
737 1347 942 1396 subsequenspec-

94 1408 176 1448 catum
188 1408 304 1458 impedire
318 1419 413 1448 omnem
429 1406 578 1449 efficientiam
592 1408 701 1458 priorum
717 1408 877 1449 meritorum³.
895 1409 942 1449 Sed

27 1501 29 1503 ψ
95 1470 136 1510 alii
164 1481 218 1510 cuni
242 1471 455 1519 Bonaventura,
483 1471 575 1519 Scuto,
604 1470 792 1521 Baliari-nium
822 1471 940 1520 Suarez,

95 1533 219 1583 Ripalda
229 1535 273 1573 hoc
284 1533 397 1574 meritum
409 1534 546 1574 admittunt.
561 1535 698 1584 Congruum
710 1535 773 1575 enim
785 1534 826 1583 ost,
840 1536 868 1575 ut
878 1536 942 1575 Deus

95 1595 235 1636 misereatur
250 1597 308 1644 eius
325 1598 367 1647 qui
380 1596 450 1636 antea
465 1595 543 1636 multa
556 1597 618 1637 bona
634 1608 707 1647 opera
722 1597 783 1645 iecit,
801 1598 941 1648 praesertim

95 1658 115 1698 si
126 1658 205 1708 potius
216 1670 244 1698 ex
256 1658 397 1700 infirmitate
409 1670 482 1710 quam
495 1670 523 1699 ex
535 1659 628 1700 malitia
638 1660 756 1710 peccando
768 1659 870 1711 gratiam
883 1660 941 1702 ami·
1011 1673 1012 1676 ¹

95 1721 132 1762 sit.
150 1721 229 1775 Status
243 1721 333 1772 peccati
347 1732 395 1762 non
409 1722 445 1762 est
458 1721 660 1773 incompassibilis
674 1733 730 1763 eum
744 1723 828 1765 merito
844 1724 873 1764 de
888 1735 942 1765 con-

94 1795 153 1834 gruo
168 1784 263 1824 actuum
277 1784 419 1825 salutarium
432 1786 457 1825 in
471 1787 515 1825 boc
528 1786 590 1826 statu
604 1785 783 1834 eliciendorum3
799 1797 854 1836 ergo
869 1798 884 1827 a
894 1788 941 1828 111-

95 1846 150 1887 tiori
167 1848 300 1888 conservari
319 1847 395 1897 potest
412 1847 525 1888 meritum
545 1849 573 1888 de
592 1859 697 1898 congruo
716 1849 808 1890 actibus
826 1849 896 1891 antea
915 1850 941 1889 in

95 1909 158 1950 statu
174 1909 263 1960 gratiae
281 1909 367 1950 elicitis
383 1910 556 1960 comparatum.
573 1910 614 1951 Est
631 1911 711 1952 tamen
729 1912 842 1953 meritum
862 1911 941 1953 talli-

94 1972 164 2020 bile‚
177 1984 231 2013 cum
243 1971 369 2022 promissio
381 1972 463 2013 divine
475 1985 523 2014 non
535 1974 615 2015 exstet.
629 2001 660 2006 -
672 1976 696 2026 d)
711 1974 778 2016 Bona
790 1975 938 2028 temporalia,

94 2034 120 2074 in
136 2034 253 2085 quantum
269 2036 300 2075 ad
315 2035 389 2075 vitam
405 2035 526 2076 aeternam
544 2036 686 2076 conducunt.
705 2038 754 2078 Hoc
771 2036 836 2078 Deus
849 2039 940 2089 aliqua

94 2097 164 2137 tenus
178 2097 288 2148 promisit
302 2098 340 2138 Mt
354 2102 373 2146 6,
391 2100 429 2138 32:
452 2099 579 2148 «Quaerite
594 2099 703 2150 primum
719 2111 818 2150 regnum
835 2101 939 2150 Dei...,
969 2142 971 2144 .

94 2160 117 2200 et
129 2160 187 2200 haec
200 2160 282 2200 omnia
295 2160 428 2201 adicientur
438 2161 523 2201 vobis»
542 2163 580 2212 (cf.
596 2164 614 2203 P
629 2164 678 2212 4303
693 2163 776 2204 Thone.
790 2165 806 2204 l.
821 2176 841 2204 1.
856 2176 877 2205 a.
894 2165 939 2216 lo).

94 2273 148 2315 718.
184 2276 204 2314 3.
223 2274 304 2316 Iustus
321 2285 363 2328 pro
380 2274 432 2317 aliis
450 2276 478 2316 de
496 2286 599 2326 congruo
616 2278 702 2318 mereri
719 2278 805 2325 potest:
827 2279 850 2331 a)
870 2279 940 2329 Quid=

94 2336 150 2388 quid
171 2347 213 2390 pro
228 2348 254 2378 se
269 2336 322 2390 ipse
346 2338 393 2378 sive
411 2338 440 2379 de
457 2337 574 2389 condigno
588 2340 637 2381 sive
654 2339 683 2381 de
700 2351 804 2390 congruo
826 2342 940 2390 meretum

159 2451 358 2486 1Ε11111κ11111111
371 2451 466 2488 tortasse
480 2453 601 2497 aliquando
613 2453 703 2499 propter
717 2454 826 2497 quaedam
839 2455 942 2498 insignia

94 2503 162 2539 opera
175 2495 301 2531 sanctitatis
318 2497 445 2532 conceditur
460 2498 669 2542 perseverantia
685 2498 751 2542 atque
767 2501 823 2536 adeo
840 2500 942 2536 confir-

93 2541 176 2575 matio
191 2541 306 2585 ingratia
324 2541 358 2585 (11.
376 2552 397 2578 n.
415 2543 521 2589 5721111),

155 2598 163 2618 2
181 2598 251 2633 Recta
268 2599 339 2634 oratio
359 2600 421 2635 debet
440 2610 487 2636 esse
506 2610 655 2646 perseverans.
677 2602 777 2637 Gratiam
796 2602 942 2639 sufficien-

93 2644 146 2678 tem
163 2643 221 2678 recie
238 2643 258 2679 et
276 2646 444 2688 perseveranter
464 2647 544 2683 orandi
563 2649 634 2683 omnis
652 2647 724 2683 iustus
742 2648 817 2691 habea
837 2651 876 2685 sed
894 2659 940 2685 non

94 2689 166 2724 orabit
181 2688 222 2724 hoc
238 2691 310 2732 modo,
328 2691 372 2726 nisi
387 2692 486 2735 gratiam
502 2693 643 2729 efficacem
660 2694 688 2728 ad
705 2694 728 2729 id
745 2694 846 2739 accipiat.
867 2697 940 2740 Quare

93 2743 139 2769 non
152 2735 251 2771 obstante
264 2736 379 2772 infallibili
391 2747 449 2773 nexu
461 2738 519 2774 inter
532 2739 749 2775 rememorationem
762 2741 784 2776 et
797 2741 880 2777 donum
892 2752 941 2788 per-

94 2781 231 2816 severantiae
252 2791 345 2826 prorsus
368 2784 472 2819 servatur
489 2794 515 2820 ea
533 2785 643 2828 gratuitas
661 2794 730 2830 eaque
753 2787 811 2822 ratio
836 2787 943 2833 specialis-

93 2826 193 2862 beneficii
208 2826 276 2862 huius
292 2828 351 2870 doni,
368 2828 394 2864 de
410 2838 455 2873 qua
470 2829 499 2865 th.
517 2831 541 2867 21
558 2831 648 2875 egimus.

154 2886 162 2907 ³
178 2884 205 2919 ln
219 2885 288 2929 Epist,
306 2885 335 2920 ud
349 2886 413 2921 Hebr.
433 2885 479 2931 (qui
495 2889 667 2923 commentarius
683 2888 761 2924 saltem
777 2892 851 2934 quoad
863 2892 940 2935 priora

95 2929 118 2981 ld
130 2930 207 2983 capita.
215 2930 393 2983 probabilissime
407 2933 439 2984 est
451 2941 506 2986 opus
520 2934 642 2978 genuinum
655 2934 675 2970 S.
690 2935 795 2982 Thomas)
810 2947 827 2973 1.
842 2936 913 2974 61111.
928 2937 941 2972 3

93 2978 269 3066 ffiereeiqgggigone
288 2986 307 3012 v.
330 2976 353 3013 1o
371 2977 497 3014 admittitur
516 2980 620 3015 meritum
639 2983 730 3025 congrui
755 2981 782 3025 (v.
804 2985 821 3019 P
841 2982 884 3027 4293
903 2985 942 3020 Ri-
