<?xml version="1.0" encoding="UTF-8"?>
<!DOCTYPE html PUBLIC "-//W3C//DTD XHTML 1.0 Transitional//EN"
    "http://www.w3.org/TR/xhtml1/DTD/xhtml1-transitional.dtd">
<html xmlns="http://www.w3.org/1999/xhtml" xml:lang="en" lang="en">
 <head>
  <title>
</title>
<meta http-equiv="Content-Type" content="text/html;charset=utf-8" />
  <meta name='ocr-system' content='tesseract 3.04.00' />
  <meta name='ocr-capabilities' content='ocr_page ocr_carea ocr_par ocr_line ocrx_word'/>
</head>
<body>
  <div class='ocr_page' id='page_1' title='image "./MN41637ucmf_2_0542.png"; bbox 0 0 2214 3350; ppageno 0'>
   <div class='ocr_carea' id='block_1_1' title="bbox 160 225 860 294">
    <p class='ocr_par' dir='ltr' id='par_1_1' title="bbox 160 225 860 294">
     <span class='ocr_line' id='line_1_1' title="bbox 160 225 860 294; baseline -0.007 -10"><span class='ocrx_word' id='word_1_1' title='bbox 160 247 196 284; x_wconf 80' lang='lat'>508</span> <span class='ocrx_word' id='word_1_2' title='bbox 229 231 231 234; x_wconf 16' lang='lat' dir='ltr'><em>V</em></span> <span class='ocrx_word' id='word_1_3' title='bbox 319 247 372 283; x_wconf 81' lang='lat' dir='ltr'>Soet.</span> <span class='ocrx_word' id='word_1_4' title='bbox 387 247 411 282; x_wconf 94' lang='lat' dir='ltr'>V.</span> <span class='ocrx_word' id='word_1_5' title='bbox 426 246 472 282; x_wconf 80' lang='lat' dir='ltr'>Art.</span> <span class='ocrx_word' id='word_1_6' title='bbox 487 247 515 282; x_wconf 88' lang='lat' dir='ltr'>II.</span> <span class='ocrx_word' id='word_1_7' title='bbox 531 245 654 294; x_wconf 84' lang='lat' dir='ltr'>Explicatio</span> <span class='ocrx_word' id='word_1_8' title='bbox 666 245 752 290; x_wconf 82' lang='lat' dir='ltr'>gratiae</span> <span class='ocrx_word' id='word_1_9' title='bbox 766 225 860 281; x_wconf 84' lang='lat' dir='ltr'>efficacis</span> 
     </span>
    </p>
   </div>
   <div class='ocr_carea' id='block_1_2' title="bbox 156 351 1009 775">
    <p class='ocr_par' dir='ltr' id='par_1_2' title="bbox 156 351 1009 775">
     <span class='ocr_line' id='line_1_2' title="bbox 159 351 1001 401; baseline -0.005 -11"><span class='ocrx_word' id='word_1_10' title='bbox 159 356 233 400; x_wconf 83' lang='lat' dir='ltr'>negat,</span> <span class='ocrx_word' id='word_1_11' title='bbox 250 355 269 390; x_wconf 91' lang='lat' dir='ltr'>si</span> <span class='ocrx_word' id='word_1_12' title='bbox 287 355 376 400; x_wconf 88' lang='lat' dir='ltr'>quando</span> <span class='ocrx_word' id='word_1_13' title='bbox 387 356 449 391; x_wconf 62' lang='lat' dir='ltr'>,Deus</span> <span class='ocrx_word' id='word_1_14' title='bbox 467 354 499 391; x_wconf 87' lang='lat' dir='ltr'>ita</span> <span class='ocrx_word' id='word_1_15' title='bbox 516 354 575 399; x_wconf 82' lang='lat' dir='ltr'>agat,</span> <span class='ocrx_word' id='word_1_16' title='bbox 593 354 675 401; x_wconf 76' lang='lat' dir='ltr'>inimo</span> <span class='ocrx_word' id='word_1_17' title='bbox 693 362 747 397; x_wconf 85' lang='lat' dir='ltr'>casu</span> <span class='ocrx_word' id='word_1_18' title='bbox 762 351 1001 396; x_wconf 7' lang='lat' dir='ltr'>manarebiibertatem.</span> 
     </span>
     <span class='ocr_line' id='line_1_3' title="bbox 159 403 1003 454; baseline -0.006 -9"><span class='ocrx_word' id='word_1_19' title='bbox 159 404 267 445; x_wconf 78' lang='lat' dir='ltr'>Duabus</span> <span class='ocrx_word' id='word_1_20' title='bbox 287 410 347 444; x_wconf 88' lang='lat' dir='ltr'>enim</span> <span class='ocrx_word' id='word_1_21' title='bbox 365 408 418 452; x_wconf 85' lang='lat' dir='ltr'>viis</span> <span class='ocrx_word' id='word_1_22' title='bbox 437 405 495 445; x_wconf 85' lang='lat' dir='ltr'>Deus</span> <span class='ocrx_word' id='word_1_23' title='bbox 514 407 635 453; x_wconf 77' lang='lat' dir='ltr'>voluntatis</span> <span class='ocrx_word' id='word_1_24' title='bbox 655 404 742 442; x_wconf 82' lang='lat' dir='ltr'>creatae</span> <span class='ocrx_word' id='word_1_25' title='bbox 761 403 836 442; x_wconf 87' lang='lat' dir='ltr'>actum</span> <span class='ocrx_word' id='word_1_26' title='bbox 855 403 1003 454; x_wconf 67' lang='lat' dir='ltr'>infallibiliter</span> 
     </span>
     <span class='ocr_line' id='line_1_4' title="bbox 160 459 1009 508; baseline -0.004 -11"><span class='ocrx_word' id='word_1_27' title='bbox 160 463 258 505; x_wconf 83' lang='lat' dir='ltr'>obtinere</span> <span class='ocrx_word' id='word_1_28' title='bbox 273 462 352 508; x_wconf 84' lang='lat' dir='ltr'>potest3</span> <span class='ocrx_word' id='word_1_29' title='bbox 370 464 409 498; x_wconf 89' lang='lat' dir='ltr'>sed</span> <span class='ocrx_word' id='word_1_30' title='bbox 425 460 648 508; x_wconf 86' lang='lat' dir='ltr'>praedeterminando</span> <span class='ocrx_word' id='word_1_31' title='bbox 665 461 773 495; x_wconf 73' lang='lat' dir='ltr'>obtinebit</span> <span class='ocrx_word' id='word_1_32' title='bbox 788 459 863 495; x_wconf 87' lang='lat' dir='ltr'>actum</span> <span class='ocrx_word' id='word_1_33' title='bbox 880 465 1009 503; x_wconf 73' lang='lat' dir='ltr'>necessa-j</span> 
     </span>
     <span class='ocr_line' id='line_1_5' title="bbox 159 513 1003 560; baseline -0.002 -10"><span class='ocrx_word' id='word_1_34' title='bbox 159 516 237 560; x_wconf 83' lang='lat' dir='ltr'>rium,</span> <span class='ocrx_word' id='word_1_35' title='bbox 250 516 386 551; x_wconf 84' lang='lat' dir='ltr'>consulendo</span> <span class='ocrx_word' id='word_1_36' title='bbox 398 516 514 551; x_wconf 86' lang='lat' dir='ltr'>scientiam</span> <span class='ocrx_word' id='word_1_37' title='bbox 524 514 621 550; x_wconf 90' lang='lat' dir='ltr'>mediam</span> <span class='ocrx_word' id='word_1_38' title='bbox 633 514 707 550; x_wconf 85' lang='lat' dir='ltr'>actum</span> <span class='ocrx_word' id='word_1_39' title='bbox 715 513 839 549; x_wconf 84' lang='lat' dir='ltr'>liberum.</span> <span class='ocrx_word' id='word_1_40' title='bbox 853 525 876 539; x_wconf 69' lang='lat'><strong><em>—</em></strong></span> <span class='ocrx_word' id='word_1_41' title='bbox 887 514 1003 551; x_wconf 82' lang='lat' dir='ltr'>Summum</span> 
     </span>
     <span class='ocr_line' id='line_1_6' title="bbox 159 566 1004 615; baseline -0.005 -11"><span class='ocrx_word' id='word_1_42' title='bbox 159 570 198 605; x_wconf 84' lang='lat' dir='ltr'>Dei</span> <span class='ocrx_word' id='word_1_43' title='bbox 212 569 337 615; x_wconf 87' lang='lat' dir='ltr'>dominium</span> <span class='ocrx_word' id='word_1_44' title='bbox 350 571 436 614; x_wconf 77' lang='lat' dir='ltr'>exigere</span> <span class='ocrx_word' id='word_1_45' title='bbox 450 568 531 614; x_wconf 83' lang='lat' dir='ltr'>nequit,</span> <span class='ocrx_word' id='word_1_46' title='bbox 547 568 572 603; x_wconf 89' lang='lat' dir='ltr'>ut</span> <span class='ocrx_word' id='word_1_47' title='bbox 584 567 723 603; x_wconf 83' lang='lat' dir='ltr'>voluntatem</span> <span class='ocrx_word' id='word_1_48' title='bbox 736 566 835 602; x_wconf 83' lang='lat' dir='ltr'>creatam</span> <span class='ocrx_word' id='word_1_49' title='bbox 848 566 1004 612; x_wconf 51' lang='lat' dir='ltr'>praedeter-¹</span> 
     </span>
     <span class='ocr_line' id='line_1_7' title="bbox 158 620 1002 673; baseline -0.006 -15"><span class='ocrx_word' id='word_1_50' title='bbox 158 623 309 659; x_wconf 71' lang='lat' dir='ltr'>minatione</span> <span class='ocrx_word' id='word_1_51' title='bbox 320 622 414 669; x_wconf 80' lang='lat' dir='ltr'>physica</span> <span class='ocrx_word' id='word_1_52' title='bbox 425 623 470 658; x_wconf 87' lang='lat' dir='ltr'>sive</span> <span class='ocrx_word' id='word_1_53' title='bbox 481 621 561 657; x_wconf 88' lang='lat' dir='ltr'>morali</span> <span class='ocrx_word' id='word_1_54' title='bbox 573 622 602 657; x_wconf 86' lang='lat' dir='ltr'>ad</span> <span class='ocrx_word' id='word_1_55' title='bbox 613 620 728 656; x_wconf 87' lang='lat' dir='ltr'>liberum</span> <span class='ocrx_word' id='word_1_56' title='bbox 739 621 809 666; x_wconf 80' lang='lat' dir='ltr'>possit</span> <span class='ocrx_word' id='word_1_57' title='bbox 819 630 908 656; x_wconf 87' lang='lat' dir='ltr'>movere</span> <span class='ocrx_word' id='word_1_58' title='bbox 920 620 1002 673; x_wconf 81' lang='lat' dir='ltr'>actum;</span> 
     </span>
     <span class='ocr_line' id='line_1_8' title="bbox 159 672 1006 721; baseline -0.005 -9"><span class='ocrx_word' id='word_1_59' title='bbox 159 685 213 711; x_wconf 86' lang='lat' dir='ltr'>narn</span> <span class='ocrx_word' id='word_1_60' title='bbox 229 676 394 712; x_wconf 80' lang='lat' dir='ltr'>chimaeram</span> <span class='ocrx_word' id='word_1_61' title='bbox 412 675 525 721; x_wconf 88' lang='lat' dir='ltr'>postulare</span> <span class='ocrx_word' id='word_1_62' title='bbox 543 674 625 719; x_wconf 87' lang='lat' dir='ltr'>nequit.</span> <span class='ocrx_word' id='word_1_63' title='bbox 646 675 774 710; x_wconf 83' lang='lat' dir='ltr'>Adversarii</span> <span class='ocrx_word' id='word_1_64' title='bbox 793 683 807 709; x_wconf 85' lang='grc' dir='ltr'><em>α</em></span> <span class='ocrx_word' id='word_1_65' title='bbox 826 674 896 719; x_wconf 80' lang='lat' dir='ltr'>priori</span> <span class='ocrx_word' id='word_1_66' title='bbox 916 672 1006 718; x_wconf 84' lang='lat' dir='ltr'>fingunt</span> 
     </span>
     <span class='ocr_line' id='line_1_9' title="bbox 156 725 1001 775; baseline -0.004 -10"><span class='ocrx_word' id='word_1_67' title='bbox 156 730 257 774; x_wconf 83' lang='lat' dir='ltr'>aliquem</span> <span class='ocrx_word' id='word_1_68' title='bbox 279 730 408 775; x_wconf 89' lang='lat' dir='ltr'>conceptum</span> <span class='ocrx_word' id='word_1_69' title='bbox 428 730 468 775; x_wconf 85' lang='lat' dir='ltr'>Dei</span> <span class='ocrx_word' id='word_1_70' title='bbox 490 726 571 764; x_wconf 86' lang='lat' dir='ltr'>summi</span> <span class='ocrx_word' id='word_1_71' title='bbox 588 727 672 764; x_wconf 87' lang='lat' dir='ltr'>domini</span> <span class='ocrx_word' id='word_1_72' title='bbox 688 728 797 774; x_wconf 86' lang='lat' dir='ltr'>primique</span> <span class='ocrx_word' id='word_1_73' title='bbox 813 725 890 772; x_wconf 76' lang='lat' dir='ltr'>liberi,</span> <span class='ocrx_word' id='word_1_74' title='bbox 908 736 1001 772; x_wconf 86' lang='lat' dir='ltr'>quocum</span> 
     </span>
    </p>
   </div>
   <div class='ocr_carea' id='block_1_3' title="bbox 161 780 1096 827">
    <p class='ocr_par' dir='ltr' id='par_1_3' title="bbox 161 780 1096 827">
     <span class='ocr_line' id='line_1_10' title="bbox 161 780 1096 827; baseline -0.005 -9"><span class='ocrx_word' id='word_1_75' title='bbox 161 783 291 819; x_wconf 84' lang='lat' dir='ltr'>exsistentia</span> <span class='ocrx_word' id='word_1_76' title='bbox 305 781 413 818; x_wconf 82' lang='lat' dir='ltr'>libertatis</span> <span class='ocrx_word' id='word_1_77' title='bbox 427 781 515 817; x_wconf 79' lang='lat' dir='ltr'>creatae</span> <span class='ocrx_word' id='word_1_78' title='bbox 529 781 622 827; x_wconf 64' lang='lat' dir='ltr'>pugnae</span> <span class='ocrx_word' id='word_1_79' title='bbox 639 781 691 825; x_wconf 80' lang='lat' dir='ltr'>ergo</span> <span class='ocrx_word' id='word_1_80' title='bbox 706 781 777 816; x_wconf 88' lang='lat' dir='ltr'>simile</span> <span class='ocrx_word' id='word_1_81' title='bbox 792 780 889 816; x_wconf 86' lang='lat' dir='ltr'>vitium</span> <span class='ocrx_word' id='word_1_82' title='bbox 904 780 1004 816; x_wconf 87' lang='lat' dir='ltr'>metho-</span> <span class='ocrx_word' id='word_1_83' title='bbox 1023 806 1025 808; x_wconf 81' lang='grc'>.</span> <span class='ocrx_word' id='word_1_84' title='bbox 1093 791 1096 795; x_wconf 51' lang='grc'>“</span> 
     </span>
    </p>
   </div>
   <div class='ocr_carea' id='block_1_4' title="bbox 142 828 1007 1040">
    <p class='ocr_par' dir='ltr' id='par_1_4' title="bbox 142 828 1007 1040">
     <span class='ocr_line' id='line_1_11' title="bbox 142 828 1002 880; baseline -0.005 -9"><span class='ocrx_word' id='word_1_85' title='bbox 142 828 143 831; x_wconf 38' lang='grc'><strong>“</strong></span> <span class='ocrx_word' id='word_1_86' title='bbox 160 834 248 872; x_wconf 85' lang='lat' dir='ltr'>dicum</span> <span class='ocrx_word' id='word_1_87' title='bbox 262 835 402 871; x_wconf 86' lang='lat' dir='ltr'>committunt</span> <span class='ocrx_word' id='word_1_88' title='bbox 415 835 480 880; x_wconf 81' lang='lat' dir='ltr'>atque</span> <span class='ocrx_word' id='word_1_89' title='bbox 495 834 690 878; x_wconf 76' lang='lat' dir='ltr'>Occasionalistac‚</span> <span class='ocrx_word' id='word_1_90' title='bbox 705 836 807 880; x_wconf 72' lang='lat' dir='ltr'>qui&#39;eum</span> <span class='ocrx_word' id='word_1_91' title='bbox 819 835 949 880; x_wconf 79' lang='lat' dir='ltr'>conceptum</span> <span class='ocrx_word' id='word_1_92' title='bbox 962 833 1002 869; x_wconf 90' lang='lat' dir='ltr'>Dei</span> 
     </span>
     <span class='ocr_line' id='line_1_12' title="bbox 159 887 1007 935; baseline -0.004 -11"><span class='ocrx_word' id='word_1_93' title='bbox 159 898 240 925; x_wconf 85' lang='lat' dir='ltr'>causae</span> <span class='ocrx_word' id='word_1_94' title='bbox 253 889 342 935; x_wconf 80' lang='lat' dir='ltr'>primae</span> <span class='ocrx_word' id='word_1_95' title='bbox 359 888 482 931; x_wconf 75' lang='lat' dir='ltr'>efformari,</span> <span class='ocrx_word' id='word_1_96' title='bbox 501 889 538 924; x_wconf 87' lang='lat' dir='ltr'>oui</span> <span class='ocrx_word' id='word_1_97' title='bbox 553 887 624 923; x_wconf 87' lang='lat' dir='ltr'>omnis</span> <span class='ocrx_word' id='word_1_98' title='bbox 642 889 750 933; x_wconf 83' lang='lat' dir='ltr'>repugnet</span> <span class='ocrx_word' id='word_1_99' title='bbox 773 887 895 923; x_wconf 85' lang='lat' dir='ltr'>causalitas</span> <span class='ocrx_word' id='word_1_100' title='bbox 918 887 1007 930; x_wconf 63' lang='lat' dir='ltr'>creata</span> 
     </span>
     <span class='ocr_line' id='line_1_13' title="bbox 158 935 1004 986; baseline -0.001 -10"><span class='ocrx_word' id='word_1_101' title='bbox 158 943 193 978; x_wconf 89' lang='lat' dir='ltr'>vel</span> <span class='ocrx_word' id='word_1_102' title='bbox 202 935 274 978; x_wconf 83' lang='lat' dir='ltr'>etiam</span> <span class='ocrx_word' id='word_1_103' title='bbox 286 942 436 984; x_wconf 64' lang='lat' dir='ltr'>Partheniae,</span> <span class='ocrx_word' id='word_1_104' title='bbox 453 943 490 986; x_wconf 85' lang='lat' dir='ltr'>qui</span> <span class='ocrx_word' id='word_1_105' title='bbox 504 950 554 977; x_wconf 85' lang='lat' dir='ltr'>eam</span> <span class='ocrx_word' id='word_1_106' title='bbox 568 941 625 977; x_wconf 88' lang='lat' dir='ltr'>entis</span> <span class='ocrx_word' id='word_1_107' title='bbox 638 941 735 977; x_wconf 86' lang='lat' dir='ltr'>absoluti</span> <span class='ocrx_word' id='word_1_108' title='bbox 747 942 821 977; x_wconf 85' lang='lat' dir='ltr'>ideam</span> <span class='ocrx_word' id='word_1_109' title='bbox 833 941 941 983; x_wconf 83' lang='lat' dir='ltr'>statuunt,</span> <span class='ocrx_word' id='word_1_110' title='bbox 957 950 1004 985; x_wconf 85' lang='lat' dir='ltr'>qua</span> 
     </span>
     <span class='ocr_line' id='line_1_14' title="bbox 159 994 761 1040; baseline 0.002 -10"><span class='ocrx_word' id='word_1_111' title='bbox 159 996 314 1032; x_wconf 79' lang='lat' dir='ltr'>coexsistentia</span> <span class='ocrx_word' id='word_1_112' title='bbox 331 995 415 1031; x_wconf 87' lang='lat' dir='ltr'>entium</span> <span class='ocrx_word' id='word_1_113' title='bbox 433 994 609 1040; x_wconf 83' lang='lat' dir='ltr'>contingentium</span> <span class='ocrx_word' id='word_1_114' title='bbox 626 995 761 1031; x_wconf 81' lang='lat' dir='ltr'>excludatur.</span> 
     </span>
    </p>
   </div>
   <div class='ocr_carea' id='block_1_5' title="bbox 119 1123 1018 3056">
    <p class='ocr_par' dir='ltr' id='par_1_5' title="bbox 119 1123 1018 3056">
     <span class='ocr_line' id='line_1_15' title="bbox 158 1123 1001 1185; baseline 0 -13"><span class='ocrx_word' id='word_1_115' title='bbox 158 1132 213 1173; x_wconf 80' lang='grc'><strong>642.</strong></span> <span class='ocrx_word' id='word_1_116' title='bbox 250 1135 270 1172; x_wconf 83' lang='grc'>3.</span> <span class='ocrx_word' id='word_1_117' title='bbox 287 1131 360 1173; x_wconf 79' lang='lat' dir='ltr'>Plena</span> <span class='ocrx_word' id='word_1_118' title='bbox 374 1132 493 1184; x_wconf 75' lang='lat' dir='ltr'>gratuitas</span> <span class='ocrx_word' id='word_1_119' title='bbox 508 1131 601 1184; x_wconf 77' lang='lat' dir='ltr'>gratiae</span> <span class='ocrx_word' id='word_1_120' title='bbox 615 1132 688 1173; x_wconf 81' lang='lat' dir='ltr'>etiam</span> <span class='ocrx_word' id='word_1_121' title='bbox 702 1143 749 1185; x_wconf 83' lang='lat' dir='ltr'>qna</span> <span class='ocrx_word' id='word_1_122' title='bbox 763 1132 871 1174; x_wconf 75' lang='lat' dir='ltr'>efficacis</span> <span class='ocrx_word' id='word_1_123' title='bbox 886 1123 1001 1173; x_wconf 83' lang='lat' dir='ltr'>salvatur.</span> 
     </span>
     <span class='ocr_line' id='line_1_16' title="bbox 158 1195 1003 1247; baseline 0 -10"><span class='ocrx_word' id='word_1_124' title='bbox 158 1197 219 1237; x_wconf 76' lang='lat' dir='ltr'>Haeo</span> <span class='ocrx_word' id='word_1_125' title='bbox 236 1197 353 1247; x_wconf 80' lang='lat' dir='ltr'>gratuitas</span> <span class='ocrx_word' id='word_1_126' title='bbox 369 1198 495 1247; x_wconf 83' lang='lat' dir='ltr'>praecipue</span> <span class='ocrx_word' id='word_1_127' title='bbox 512 1196 614 1238; x_wconf 82' lang='lat' dir='ltr'>habetur</span> <span class='ocrx_word' id='word_1_128' title='bbox 631 1197 656 1237; x_wconf 88' lang='lat' dir='ltr'>in</span> <span class='ocrx_word' id='word_1_129' title='bbox 674 1195 797 1238; x_wconf 86' lang='lat' dir='ltr'>collatione</span> <span class='ocrx_word' id='word_1_130' title='bbox 812 1197 922 1245; x_wconf 80' lang='lat' dir='ltr'>primae</span> <span class='ocrx_word' id='word_1_131' title='bbox 940 1208 1003 1247; x_wconf 83' lang='lat' dir='ltr'>gra-</span> 
     </span>
     <span class='ocr_line' id='line_1_17' title="bbox 158 1260 1000 1311; baseline 0 -10"><span class='ocrx_word' id='word_1_132' title='bbox 158 1261 214 1301; x_wconf 81' lang='lat' dir='ltr'>tiae</span> <span class='ocrx_word' id='word_1_133' title='bbox 227 1262 361 1301; x_wconf 78' lang='lat' dir='ltr'>efficacis</span> <span class='ocrx_word' id='word_1_134' title='bbox 374 1273 431 1311; x_wconf 84' lang='lat' dir='ltr'>prae</span> <span class='ocrx_word' id='word_1_135' title='bbox 446 1272 510 1302; x_wconf 87' lang='lat' dir='ltr'>mere</span> <span class='ocrx_word' id='word_1_136' title='bbox 527 1260 661 1311; x_wconf 83' lang='lat' dir='ltr'>sufficiente,</span> <span class='ocrx_word' id='word_1_137' title='bbox 678 1262 741 1302; x_wconf 88' lang='lat' dir='ltr'>unde</span> <span class='ocrx_word' id='word_1_138' title='bbox 757 1260 883 1302; x_wconf 81' lang='lat' dir='ltr'>iniciam</span> <span class='ocrx_word' id='word_1_139' title='bbox 900 1262 1000 1302; x_wconf 87' lang='lat' dir='ltr'>seriem</span> 
     </span>
     <span class='ocr_line' id='line_1_18' title="bbox 159 1319 1004 1377; baseline 0.002 -13"><span class='ocrx_word' id='word_1_140' title='bbox 159 1322 309 1376; x_wconf 79' lang='lat' dir='ltr'>sequentium</span> <span class='ocrx_word' id='word_1_141' title='bbox 323 1326 454 1376; x_wconf 79' lang='lat' dir='ltr'>gratiarum</span> <span class='ocrx_word' id='word_1_142' title='bbox 468 1325 596 1366; x_wconf 79' lang='lat' dir='ltr'>efficacium</span> <span class='ocrx_word' id='word_1_143' title='bbox 611 1320 736 1376; x_wconf 78' lang='lat' dir='ltr'>redundat,</span> <span class='ocrx_word' id='word_1_144' title='bbox 752 1319 807 1366; x_wconf 84' lang='lat' dir='ltr'>iicet</span> <span class='ocrx_word' id='word_1_145' title='bbox 821 1325 1004 1377; x_wconf 66' lang='lat' dir='ltr'>simpuld&#39;huius</span> 
     </span>
     <span class='ocr_line' id='line_1_19' title="bbox 159 1390 1002 1442; baseline 0 -12"><span class='ocrx_word' id='word_1_146' title='bbox 159 1390 227 1431; x_wconf 86' lang='lat' dir='ltr'>seriei</span> <span class='ocrx_word' id='word_1_147' title='bbox 241 1391 350 1431; x_wconf 73' lang='lat' dir='ltr'>membra</span> <span class='ocrx_word' id='word_1_148' title='bbox 366 1402 409 1441; x_wconf 87' lang='lat' dir='ltr'>per</span> <span class='ocrx_word' id='word_1_149' title='bbox 424 1390 528 1431; x_wconf 85' lang='lat' dir='ltr'>rationes</span> <span class='ocrx_word' id='word_1_150' title='bbox 543 1390 667 1431; x_wconf 80' lang='lat' dir='ltr'>meriti-de</span> <span class='ocrx_word' id='word_1_151' title='bbox 685 1402 786 1441; x_wconf 74' lang='lat' dir='ltr'>conpruo</span> <span class='ocrx_word' id='word_1_152' title='bbox 803 1391 841 1430; x_wconf 90' lang='lat' dir='ltr'>vel</span> <span class='ocrx_word' id='word_1_153' title='bbox 857 1392 1002 1442; x_wconf 73' lang='lat' dir='ltr'>impetratio-</span> 
     </span>
     <span class='ocr_line' id='line_1_20' title="bbox 158 1454 1004 1506; baseline 0.001 -12"><span class='ocrx_word' id='word_1_154' title='bbox 158 1455 195 1495; x_wconf 77' lang='lat' dir='ltr'>nis</span> <span class='ocrx_word' id='word_1_155' title='bbox 213 1455 275 1496; x_wconf 86' lang='lat' dir='ltr'>inter</span> <span class='ocrx_word' id='word_1_156' title='bbox 293 1467 316 1495; x_wconf 86' lang='lat' dir='ltr'>se</span> <span class='ocrx_word' id='word_1_157' title='bbox 335 1455 459 1496; x_wconf 85' lang='lat' dir='ltr'>coniuncta</span> <span class='ocrx_word' id='word_1_158' title='bbox 477 1465 526 1495; x_wconf 87' lang='lat' dir='ltr'>esse</span> <span class='ocrx_word' id='word_1_159' title='bbox 545 1455 643 1506; x_wconf 82' lang='lat' dir='ltr'>possint.</span> <span class='ocrx_word' id='word_1_160' title='bbox 660 1454 801 1496; x_wconf 84' lang='lat' dir='ltr'>Nuiiatenus</span> <span class='ocrx_word' id='word_1_161' title='bbox 819 1456 906 1495; x_wconf 86' lang='lat' dir='ltr'>mereri</span> <span class='ocrx_word' id='word_1_162' title='bbox 924 1454 1004 1506; x_wconf 80' lang='lat' dir='ltr'>potuit</span> 
     </span>
     <span class='ocr_line' id='line_1_21' title="bbox 157 1519 1000 1571; baseline 0 -12"><span class='ocrx_word' id='word_1_163' title='bbox 157 1520 236 1568; x_wconf 84' lang='lat' dir='ltr'>homo,</span> <span class='ocrx_word' id='word_1_164' title='bbox 258 1520 369 1570; x_wconf 83' lang='lat' dir='ltr'>utDeus</span> <span class='ocrx_word' id='word_1_165' title='bbox 383 1520 480 1571; x_wconf 83' lang='lat' dir='ltr'>eligeret</span> <span class='ocrx_word' id='word_1_166' title='bbox 498 1521 601 1569; x_wconf 80' lang='lat' dir='ltr'>primam</span> <span class='ocrx_word' id='word_1_167' title='bbox 620 1519 727 1570; x_wconf 84' lang='lat' dir='ltr'>aliquam</span> <span class='ocrx_word' id='word_1_168' title='bbox 746 1519 847 1570; x_wconf 84' lang='lat' dir='ltr'>gratiam</span> <span class='ocrx_word' id='word_1_169' title='bbox 866 1520 1000 1571; x_wconf 79' lang='lat' dir='ltr'>praevisam</span> 
     </span>
     <span class='ocr_line' id='line_1_22' title="bbox 157 1581 1002 1635; baseline 0.001 -11"><span class='ocrx_word' id='word_1_170' title='bbox 157 1584 184 1624; x_wconf 86' lang='lat' dir='ltr'>ut</span> <span class='ocrx_word' id='word_1_171' title='bbox 201 1584 317 1625; x_wconf 83' lang='lat' dir='ltr'>efficacem</span> <span class='ocrx_word' id='word_1_172' title='bbox 334 1595 391 1635; x_wconf 80' lang='lat' dir='ltr'>prae</span> <span class='ocrx_word' id='word_1_173' title='bbox 409 1581 457 1625; x_wconf 82' lang='lat' dir='ltr'>alia</span> <span class='ocrx_word' id='word_1_174' title='bbox 473 1585 581 1634; x_wconf 84' lang='lat' dir='ltr'>praevisa</span> <span class='ocrx_word' id='word_1_175' title='bbox 597 1585 624 1625; x_wconf 87' lang='lat' dir='ltr'>ut</span> <span class='ocrx_word' id='word_1_176' title='bbox 641 1596 700 1635; x_wconf 86' lang='lat' dir='ltr'>pure</span> <span class='ocrx_word' id='word_1_177' title='bbox 719 1584 854 1625; x_wconf 85' lang='lat' dir='ltr'>sufficiente.</span> <span class='ocrx_word' id='word_1_178' title='bbox 877 1586 914 1626; x_wconf 89' lang='lat' dir='ltr'>Ad</span> <span class='ocrx_word' id='word_1_179' title='bbox 939 1589 1002 1625; x_wconf 83' lang='lat' dir='ltr'>nanc</span> 
     </span>
     <span class='ocr_line' id='line_1_23' title="bbox 157 1648 1002 1699; baseline 0.002 -11"><span class='ocrx_word' id='word_1_180' title='bbox 157 1649 296 1689; x_wconf 84' lang='lat' dir='ltr'>electionem</span> <span class='ocrx_word' id='word_1_181' title='bbox 312 1649 375 1689; x_wconf 88' lang='lat' dir='ltr'>Deus</span> <span class='ocrx_word' id='word_1_182' title='bbox 392 1650 481 1697; x_wconf 85' lang='lat' dir='ltr'>moveri</span> <span class='ocrx_word' id='word_1_183' title='bbox 498 1648 576 1699; x_wconf 85' lang='lat' dir='ltr'>potuit</span> <span class='ocrx_word' id='word_1_184' title='bbox 591 1659 667 1699; x_wconf 80' lang='lat' dir='ltr'>neque</span> <span class='ocrx_word' id='word_1_185' title='bbox 685 1660 727 1699; x_wconf 89' lang='lat' dir='ltr'>per</span> <span class='ocrx_word' id='word_1_186' title='bbox 743 1649 846 1690; x_wconf 87' lang='lat' dir='ltr'>merita</span> <span class='ocrx_word' id='word_1_187' title='bbox 862 1649 1002 1690; x_wconf 74' lang='lat' dir='ltr'>exsisten-</span> 
     </span>
     <span class='ocr_line' id='line_1_24' title="bbox 157 1707 1007 1765; baseline 0.001 -11"><span class='ocrx_word' id='word_1_188' title='bbox 157 1713 207 1761; x_wconf 83' lang='lat' dir='ltr'>tia,</span> <span class='ocrx_word' id='word_1_189' title='bbox 227 1725 288 1764; x_wconf 74' lang='lat' dir='ltr'>quae</span> <span class='ocrx_word' id='word_1_190' title='bbox 306 1713 359 1754; x_wconf 86' lang='lat' dir='ltr'>ante</span> <span class='ocrx_word' id='word_1_191' title='bbox 377 1714 482 1764; x_wconf 87' lang='lat' dir='ltr'>primam</span> <span class='ocrx_word' id='word_1_192' title='bbox 500 1714 602 1764; x_wconf 80' lang='lat' dir='ltr'>gratiam</span> <span class='ocrx_word' id='word_1_193' title='bbox 622 1712 738 1754; x_wconf 83' lang='lat' dir='ltr'>efficacem</span> <span class='ocrx_word' id='word_1_194' title='bbox 754 1713 822 1754; x_wconf 88' lang='lat' dir='ltr'>nulla</span> <span class='ocrx_word' id='word_1_195' title='bbox 841 1714 903 1763; x_wconf 76' lang='lat' dir='ltr'>sunt,</span> <span class='ocrx_word' id='word_1_196' title='bbox 923 1707 1007 1765; x_wconf 60' lang='lat' dir='ltr'>neque?</span> 
     </span>
     <span class='ocr_line' id='line_1_25' title="bbox 157 1776 1003 1829; baseline 0.001 -11"><span class='ocrx_word' id='word_1_197' title='bbox 157 1789 200 1828; x_wconf 90' lang='lat' dir='ltr'>per</span> <span class='ocrx_word' id='word_1_198' title='bbox 215 1778 301 1818; x_wconf 81' lang='lat' dir='ltr'>merita</span> <span class='ocrx_word' id='word_1_199' title='bbox 318 1777 448 1819; x_wconf 81' lang='lat' dir='ltr'>absolute</span> <span class='ocrx_word' id='word_1_200' title='bbox 466 1779 609 1828; x_wconf 84' lang='lat' dir='ltr'>praevisa,</span> <span class='ocrx_word' id='word_1_201' title='bbox 630 1789 690 1829; x_wconf 80' lang='lat' dir='ltr'>quae</span> <span class='ocrx_word' id='word_1_202' title='bbox 708 1778 797 1828; x_wconf 83' lang='lat' dir='ltr'>pariter</span> <span class='ocrx_word' id='word_1_203' title='bbox 814 1789 863 1819; x_wconf 90' lang='lat' dir='ltr'>non</span> <span class='ocrx_word' id='word_1_204' title='bbox 882 1776 1003 1820; x_wconf 82' lang='lat' dir='ltr'>habentur</span> 
     </span>
     <span class='ocr_line' id='line_1_26' title="bbox 157 1836 1002 1895; baseline 0.002 -12"><span class='ocrx_word' id='word_1_205' title='bbox 157 1844 210 1883; x_wconf 88' lang='lat' dir='ltr'>ante</span> <span class='ocrx_word' id='word_1_206' title='bbox 227 1843 401 1893; x_wconf 80' lang='lat' dir='ltr'>praevisionem</span> <span class='ocrx_word' id='word_1_207' title='bbox 417 1843 441 1884; x_wconf 86' lang='lat' dir='ltr'>et</span> <span class='ocrx_word' id='word_1_208' title='bbox 456 1842 556 1893; x_wconf 84' lang='lat' dir='ltr'>proinde</span> <span class='ocrx_word' id='word_1_209' title='bbox 574 1843 629 1884; x_wconf 85' lang='lat' dir='ltr'>ante</span> <span class='ocrx_word' id='word_1_210' title='bbox 645 1836 783 1884; x_wconf 86' lang='lat' dir='ltr'>eiectionem</span> <span class='ocrx_word' id='word_1_211' title='bbox 800 1843 893 1893; x_wconf 87' lang='lat' dir='ltr'>primae</span> <span class='ocrx_word' id='word_1_212' title='bbox 910 1844 1002 1895; x_wconf 57' lang='lat' dir='ltr'>gratiaev</span> 
     </span>
     <span class='ocr_line' id='line_1_27' title="bbox 157 1906 1005 1959; baseline 0.002 -12"><span class='ocrx_word' id='word_1_213' title='bbox 157 1907 268 1955; x_wconf 50' lang='lat' dir='ltr'>efficacis,¹</span> <span class='ocrx_word' id='word_1_214' title='bbox 286 1918 361 1957; x_wconf 84' lang='lat' dir='ltr'>neque</span> <span class='ocrx_word' id='word_1_215' title='bbox 382 1919 425 1958; x_wconf 86' lang='lat' dir='ltr'>per</span> <span class='ocrx_word' id='word_1_216' title='bbox 446 1907 532 1947; x_wconf 85' lang='lat' dir='ltr'>merita</span> <span class='ocrx_word' id='word_1_217' title='bbox 552 1906 751 1947; x_wconf 82' lang='lat' dir='ltr'>condicionate</span> <span class='ocrx_word' id='word_1_218' title='bbox 772 1908 915 1957; x_wconf 84' lang='lat' dir='ltr'>praevisa,</span> <span class='ocrx_word' id='word_1_219' title='bbox 938 1919 1005 1959; x_wconf 81' lang='lat' dir='ltr'>quae</span> 
     </span>
     <span class='ocr_line' id='line_1_28' title="bbox 157 1963 997 2023; baseline 0.001 -13"><span class='ocrx_word' id='word_1_220' title='bbox 157 1982 212 2023; x_wconf 79' lang='lat' dir='ltr'>sane</span> <span class='ocrx_word' id='word_1_221' title='bbox 230 1963 333 2011; x_wconf 85' lang='lat' dir='ltr'>alicuius</span> <span class='ocrx_word' id='word_1_222' title='bbox 348 1971 449 2021; x_wconf 85' lang='lat' dir='ltr'>praemii</span> <span class='ocrx_word' id='word_1_223' title='bbox 467 1970 573 2012; x_wconf 85' lang='lat' dir='ltr'>absolute.</span> <span class='ocrx_word' id='word_1_224' title='bbox 591 1971 664 2012; x_wconf 86' lang='lat' dir='ltr'>dandi</span> <span class='ocrx_word' id='word_1_225' title='bbox 683 1971 742 2012; x_wconf 83' lang='lat' dir='ltr'>ratio</span> <span class='ocrx_word' id='word_1_226' title='bbox 759 1981 809 2013; x_wconf 87' lang='lat' dir='ltr'>esse</span> <span class='ocrx_word' id='word_1_227' title='bbox 826 1981 873 2013; x_wconf 89' lang='lat' dir='ltr'>non</span> <span class='ocrx_word' id='word_1_228' title='bbox 892 1972 997 2023; x_wconf 84' lang='lat' dir='ltr'>possunt.</span> 
     </span>
     <span class='ocr_line' id='line_1_29' title="bbox 157 2035 1003 2087; baseline 0 -11"><span class='ocrx_word' id='word_1_229' title='bbox 157 2036 259 2084; x_wconf 79' lang='lat' dir='ltr'>Accedit,</span> <span class='ocrx_word' id='word_1_230' title='bbox 277 2036 341 2087; x_wconf 74' lang='lat' dir='ltr'>quod</span> <span class='ocrx_word' id='word_1_231' title='bbox 357 2036 473 2087; x_wconf 81' lang='lat' dir='ltr'>praevisis</span> <span class='ocrx_word' id='word_1_232' title='bbox 489 2035 581 2077; x_wconf 86' lang='lat' dir='ltr'>meritis</span> <span class='ocrx_word' id='word_1_233' title='bbox 597 2035 759 2077; x_wconf 80' lang='lat' dir='ltr'>condicionate</span> <span class='ocrx_word' id='word_1_234' title='bbox 776 2036 865 2077; x_wconf 81' lang='lat' dir='ltr'>futuris</span> <span class='ocrx_word' id='word_1_235' title='bbox 880 2036 1003 2078; x_wconf 83' lang='lat' dir='ltr'>sociantur</span> 
     </span>
     <span class='ocr_line' id='line_1_30' title="bbox 156 2091 1003 2152; baseline 0.001 -12"><span class='ocrx_word' id='word_1_236' title='bbox 156 2102 265 2150; x_wconf 85' lang='lat' dir='ltr'>praevisa</span> <span class='ocrx_word' id='word_1_237' title='bbox 283 2100 421 2142; x_wconf 88' lang='lat' dir='ltr'>demerita</span> <span class='ocrx_word' id='word_1_238' title='bbox 432 2091 599 2142; x_wconf 46' lang='lat' dir='ltr'>&#39;condicionate</span> <span class='ocrx_word' id='word_1_239' title='bbox 618 2100 706 2142; x_wconf 79' lang='lat' dir='ltr'>futura.</span> <span class='ocrx_word' id='word_1_240' title='bbox 726 2102 786 2142; x_wconf 90' lang='lat' dir='ltr'>Nam</span> <span class='ocrx_word' id='word_1_241' title='bbox 805 2101 868 2142; x_wconf 85' lang='lat' dir='ltr'>inter</span> <span class='ocrx_word' id='word_1_242' title='bbox 882 2102 1003 2152; x_wconf 86' lang='lat' dir='ltr'>plurimos</span> 
     </span>
     <span class='ocr_line' id='line_1_31' title="bbox 156 2164 1003 2206; baseline 0.001 -1"><span class='ocrx_word' id='word_1_243' title='bbox 156 2165 179 2205; x_wconf 82' lang='lat' dir='ltr'>et</span> <span class='ocrx_word' id='word_1_244' title='bbox 194 2164 368 2205; x_wconf 84' lang='lat' dir='ltr'>diversissimos</span> <span class='ocrx_word' id='word_1_245' title='bbox 381 2166 479 2205; x_wconf 87' lang='lat' dir='ltr'>ordines</span> <span class='ocrx_word' id='word_1_246' title='bbox 494 2164 632 2206; x_wconf 81' lang='lat' dir='ltr'>futuribiles</span> <span class='ocrx_word' id='word_1_247' title='bbox 647 2166 711 2206; x_wconf 89' lang='lat' dir='ltr'>Deus</span> <span class='ocrx_word' id='word_1_248' title='bbox 727 2165 824 2206; x_wconf 80' lang='lat' dir='ltr'>seientia</span> <span class='ocrx_word' id='word_1_249' title='bbox 840 2166 919 2206; x_wconf 87' lang='lat' dir='ltr'>media</span> <span class='ocrx_word' id='word_1_250' title='bbox 934 2166 1003 2206; x_wconf 80' lang='lat' dir='ltr'>ridet.</span> 
     </span>
     <span class='ocr_line' id='line_1_32' title="bbox 156 2229 1000 2280; baseline 0.002 -12"><span class='ocrx_word' id='word_1_251' title='bbox 156 2229 292 2280; x_wconf 81' lang='lat' dir='ltr'>nonnullos,</span> <span class='ocrx_word' id='word_1_252' title='bbox 311 2229 336 2268; x_wconf 89' lang='lat' dir='ltr'>in</span> <span class='ocrx_word' id='word_1_253' title='bbox 353 2230 442 2280; x_wconf 83' lang='lat' dir='ltr'>quibus</span> <span class='ocrx_word' id='word_1_254' title='bbox 457 2230 480 2270; x_wconf 90' lang='lat' dir='ltr'>et</span> <span class='ocrx_word' id='word_1_255' title='bbox 495 2229 597 2270; x_wconf 84' lang='lat' dir='ltr'>Petrus</span> <span class='ocrx_word' id='word_1_256' title='bbox 613 2230 636 2271; x_wconf 90' lang='lat' dir='ltr'>et</span> <span class='ocrx_word' id='word_1_257' title='bbox 653 2229 738 2269; x_wconf 85' lang='lat' dir='ltr'>Iudas</span> <span class='ocrx_word' id='word_1_258' title='bbox 755 2230 834 2271; x_wconf 73' lang='lat' dir='ltr'>forent</span> <span class='ocrx_word' id='word_1_259' title='bbox 847 2230 1000 2279; x_wconf 68' lang='lat' dir='ltr'>sanctissimi.</span> 
     </span>
     <span class='ocr_line' id='line_1_33' title="bbox 156 2293 1001 2345; baseline 0.002 -11"><span class='ocrx_word' id='word_1_260' title='bbox 156 2293 222 2342; x_wconf 85' lang='lat' dir='ltr'>alios,</span> <span class='ocrx_word' id='word_1_261' title='bbox 242 2295 268 2333; x_wconf 89' lang='lat' dir='ltr'>in</span> <span class='ocrx_word' id='word_1_262' title='bbox 286 2294 374 2344; x_wconf 82' lang='lat' dir='ltr'>quibus</span> <span class='ocrx_word' id='word_1_263' title='bbox 396 2294 495 2344; x_wconf 85' lang='lat' dir='ltr'>uterque</span> <span class='ocrx_word' id='word_1_264' title='bbox 513 2294 609 2335; x_wconf 84' lang='lat' dir='ltr'>iuturus</span> <span class='ocrx_word' id='word_1_265' title='bbox 632 2294 692 2336; x_wconf 85' lang='lat' dir='ltr'>esset</span> <span class='ocrx_word' id='word_1_266' title='bbox 714 2295 839 2345; x_wconf 88' lang='lat' dir='ltr'>pessimus,</span> <span class='ocrx_word' id='word_1_267' title='bbox 865 2294 930 2345; x_wconf 87' lang='lat' dir='ltr'>aiios,</span> <span class='ocrx_word' id='word_1_268' title='bbox 956 2296 1001 2336; x_wconf 87' lang='lat' dir='ltr'>ubi</span> 
     </span>
     <span class='ocr_line' id='line_1_34' title="bbox 156 2358 1001 2409; baseline 0.004 -11"><span class='ocrx_word' id='word_1_269' title='bbox 156 2359 241 2399; x_wconf 85' lang='lat' dir='ltr'>Petrus</span> <span class='ocrx_word' id='word_1_270' title='bbox 259 2359 429 2408; x_wconf 84' lang='lat' dir='ltr'>sanctissimus,</span> <span class='ocrx_word' id='word_1_271' title='bbox 455 2359 527 2399; x_wconf 85' lang='lat' dir='ltr'>ludas</span> <span class='ocrx_word' id='word_1_272' title='bbox 548 2358 674 2409; x_wconf 87' lang='lat' dir='ltr'>pessimus,</span> <span class='ocrx_word' id='word_1_273' title='bbox 694 2358 759 2408; x_wconf 84' lang='lat' dir='ltr'>alios,</span> <span class='ocrx_word' id='word_1_274' title='bbox 781 2360 825 2400; x_wconf 89' lang='lat' dir='ltr'>ubi</span> <span class='ocrx_word' id='word_1_275' title='bbox 849 2372 861 2401; x_wconf 95' lang='lat' dir='ltr'>e</span> <span class='ocrx_word' id='word_1_276' title='bbox 886 2370 1001 2409; x_wconf 81' lang='lat' dir='ltr'>converso</span> 
     </span>
     <span class='ocr_line' id='line_1_35' title="bbox 156 2424 1002 2476; baseline 0.004 -13"><span class='ocrx_word' id='word_1_277' title='bbox 156 2424 227 2465; x_wconf 84' lang='lat' dir='ltr'>Iudas</span> <span class='ocrx_word' id='word_1_278' title='bbox 245 2424 415 2473; x_wconf 82' lang='lat' dir='ltr'>sanctissimus,</span> <span class='ocrx_word' id='word_1_279' title='bbox 435 2424 520 2464; x_wconf 90' lang='lat' dir='ltr'>Petrus</span> <span class='ocrx_word' id='word_1_280' title='bbox 535 2425 659 2474; x_wconf 78' lang='lat' dir='ltr'>pessimus,</span> <span class='ocrx_word' id='word_1_281' title='bbox 680 2424 745 2474; x_wconf 82' lang='lat' dir='ltr'>alios,</span> <span class='ocrx_word' id='word_1_282' title='bbox 764 2425 806 2465; x_wconf 88' lang='lat' dir='ltr'>ubi</span> <span class='ocrx_word' id='word_1_283' title='bbox 825 2424 910 2466; x_wconf 87' lang='lat' dir='ltr'>Petrus</span> <span class='ocrx_word' id='word_1_284' title='bbox 926 2426 1002 2476; x_wconf 88' lang='lat' dir='ltr'>paulo-</span> 
     </span>
     <span class='ocr_line' id='line_1_36' title="bbox 119 2488 1001 2540; baseline 0.006 -15"><span class='ocrx_word' id='word_1_285' title='bbox 119 2522 120 2525; x_wconf 65' lang='lat'>,</span> <span class='ocrx_word' id='word_1_286' title='bbox 155 2488 240 2528; x_wconf 85' lang='lat' dir='ltr'>melior</span> <span class='ocrx_word' id='word_1_287' title='bbox 253 2488 320 2537; x_wconf 83' lang='lat' dir='ltr'>Iuda,</span> <span class='ocrx_word' id='word_1_288' title='bbox 335 2489 401 2536; x_wconf 78' lang='lat' dir='ltr'>aiios,</span> <span class='ocrx_word' id='word_1_289' title='bbox 417 2488 459 2529; x_wconf 90' lang='lat' dir='ltr'>ubi</span> <span class='ocrx_word' id='word_1_290' title='bbox 473 2489 545 2529; x_wconf 88' lang='lat' dir='ltr'>Iudas</span> <span class='ocrx_word' id='word_1_291' title='bbox 557 2488 629 2539; x_wconf 88' lang='lat' dir='ltr'>paulo</span> <span class='ocrx_word' id='word_1_292' title='bbox 643 2488 729 2529; x_wconf 85' lang='lat' dir='ltr'>melior</span> <span class='ocrx_word' id='word_1_293' title='bbox 742 2489 818 2537; x_wconf 86' lang='lat' dir='ltr'>Petro,</span> <span class='ocrx_word' id='word_1_294' title='bbox 834 2500 854 2530; x_wconf 89' lang='lat' dir='ltr'>e.</span> <span class='ocrx_word' id='word_1_295' title='bbox 868 2490 884 2529; x_wconf 88' lang='lat' dir='ltr'>i.</span> <span class='ocrx_word' id='word_1_296' title='bbox 900 2500 923 2540; x_wconf 87' lang='lat' dir='ltr'>p.</span> <span class='ocrx_word' id='word_1_297' title='bbox 938 2490 1001 2539; x_wconf 73' lang='lat' dir='ltr'>Quo-</span> 
     </span>
     <span class='ocr_line' id='line_1_37' title="bbox 155 2552 1018 2604; baseline 0.002 -12"><span class='ocrx_word' id='word_1_298' title='bbox 155 2553 225 2593; x_wconf 89' lang='lat' dir='ltr'>modo</span> <span class='ocrx_word' id='word_1_299' title='bbox 243 2553 269 2593; x_wconf 92' lang='lat' dir='ltr'>in</span> <span class='ocrx_word' id='word_1_300' title='bbox 286 2553 330 2593; x_wconf 89' lang='lat' dir='ltr'>hoc</span> <span class='ocrx_word' id='word_1_301' title='bbox 347 2554 415 2603; x_wconf 83' lang='lat' dir='ltr'>signo</span> <span class='ocrx_word' id='word_1_302' title='bbox 431 2552 531 2594; x_wconf 83' lang='lat' dir='ltr'>rationis</span> <span class='ocrx_word' id='word_1_303' title='bbox 547 2552 607 2593; x_wconf 81' lang='lat' dir='ltr'>alter</span> <span class='ocrx_word' id='word_1_304' title='bbox 624 2565 680 2603; x_wconf 86' lang='lat' dir='ltr'>prae</span> <span class='ocrx_word' id='word_1_305' title='bbox 696 2553 769 2595; x_wconf 85' lang='lat' dir='ltr'>altero</span> <span class='ocrx_word' id='word_1_306' title='bbox 793 2564 843 2602; x_wconf 85' lang='lat' dir='ltr'>per</span> <span class='ocrx_word' id='word_1_307' title='bbox 866 2554 1018 2604; x_wconf 60' lang='lat' dir='ltr'>praevisas</span> 
     </span>
     <span class='ocr_line' id='line_1_38' title="bbox 155 2616 1001 2671; baseline 0.002 -14"><span class='ocrx_word' id='word_1_308' title='bbox 155 2618 258 2659; x_wconf 85' lang='lat' dir='ltr'>merita</span> <span class='ocrx_word' id='word_1_309' title='bbox 270 2618 356 2659; x_wconf 86' lang='lat' dir='ltr'>mereri</span> <span class='ocrx_word' id='word_1_310' title='bbox 369 2617 450 2668; x_wconf 82' lang='lat' dir='ltr'>possit,</span> <span class='ocrx_word' id='word_1_311' title='bbox 465 2618 493 2659; x_wconf 88' lang='lat' dir='ltr'>ut</span> <span class='ocrx_word' id='word_1_312' title='bbox 506 2616 612 2658; x_wconf 83' lang='lat' dir='ltr'>absolute</span> <span class='ocrx_word' id='word_1_313' title='bbox 626 2618 766 2659; x_wconf 77' lang='lat' dir='ltr'>decernatur</span> <span class='ocrx_word' id='word_1_314' title='bbox 779 2618 819 2659; x_wconf 89' lang='lat' dir='ltr'>ille</span> <span class='ocrx_word' id='word_1_315' title='bbox 832 2619 898 2667; x_wconf 84' lang='lat' dir='ltr'>ordo,</span> <span class='ocrx_word' id='word_1_316' title='bbox 911 2619 937 2659; x_wconf 93' lang='lat' dir='ltr'>in</span> <span class='ocrx_word' id='word_1_317' title='bbox 950 2629 1001 2671; x_wconf 85' lang='lat' dir='ltr'>quo</span> 
     </span>
     <span class='ocr_line' id='line_1_39' title="bbox 155 2681 1002 2731; baseline 0.001 -11"><span class='ocrx_word' id='word_1_318' title='bbox 155 2681 206 2731; x_wconf 87' lang='lat' dir='ltr'>ipse</span> <span class='ocrx_word' id='word_1_319' title='bbox 221 2681 372 2723; x_wconf 81' lang='lat' dir='ltr'>convertatur</span> <span class='ocrx_word' id='word_1_320' title='bbox 389 2682 412 2723; x_wconf 85' lang='lat' dir='ltr'>et</span> <span class='ocrx_word' id='word_1_321' title='bbox 430 2681 547 2723; x_wconf 77' lang='lat' dir='ltr'>salvetur?</span> <span class='ocrx_word' id='word_1_322' title='bbox 572 2681 632 2722; x_wconf 89' lang='lat' dir='ltr'>Hinc</span> <span class='ocrx_word' id='word_1_323' title='bbox 651 2682 725 2723; x_wconf 89' lang='lat' dir='ltr'>Deus</span> <span class='ocrx_word' id='word_1_324' title='bbox 743 2682 839 2724; x_wconf 84' lang='lat' dir='ltr'>tandem</span> <span class='ocrx_word' id='word_1_325' title='bbox 859 2682 1002 2723; x_wconf 87' lang='lat' dir='ltr'>discernit.</span> 
     </span>
     <span class='ocr_line' id='line_1_40' title="bbox 155 2745 1003 2798; baseline -0.002 -13"><span class='ocrx_word' id='word_1_326' title='bbox 155 2745 217 2785; x_wconf 80' lang='lat' dir='ltr'>inter</span> <span class='ocrx_word' id='word_1_327' title='bbox 232 2745 329 2786; x_wconf 87' lang='lat' dir='ltr'>Petrum</span> <span class='ocrx_word' id='word_1_328' title='bbox 344 2747 367 2787; x_wconf 86' lang='lat' dir='ltr'>et</span> <span class='ocrx_word' id='word_1_329' title='bbox 382 2747 475 2794; x_wconf 82' lang='lat' dir='ltr'>ludam3</span> <span class='ocrx_word' id='word_1_330' title='bbox 492 2757 547 2786; x_wconf 85' lang='lat' dir='ltr'>narn</span> <span class='ocrx_word' id='word_1_331' title='bbox 563 2746 588 2786; x_wconf 88' lang='lat' dir='ltr'>in</span> <span class='ocrx_word' id='word_1_332' title='bbox 603 2747 686 2788; x_wconf 87' lang='lat' dir='ltr'>ordine</span> <span class='ocrx_word' id='word_1_333' title='bbox 702 2747 865 2798; x_wconf 63' lang='lat' dir='ltr'>interiturum</span> <span class='ocrx_word' id='word_1_334' title='bbox 881 2747 948 2788; x_wconf 85' lang='lat' dir='ltr'>nulla</span> <span class='ocrx_word' id='word_1_335' title='bbox 963 2748 1003 2788; x_wconf 84' lang='lat' dir='ltr'>est</span> 
     </span>
     <span class='ocr_line' id='line_1_41' title="bbox 156 2809 1002 2862; baseline 0.004 -12"><span class='ocrx_word' id='word_1_336' title='bbox 156 2809 273 2858; x_wconf 86' lang='lat' dir='ltr'>discretio,</span> <span class='ocrx_word' id='word_1_337' title='bbox 290 2821 350 2860; x_wconf 85' lang='lat' dir='ltr'>quae</span> <span class='ocrx_word' id='word_1_338' title='bbox 362 2811 465 2851; x_wconf 79' lang='lat' dir='ltr'>influere</span> <span class='ocrx_word' id='word_1_339' title='bbox 480 2810 561 2861; x_wconf 82' lang='lat' dir='ltr'>possit,</span> <span class='ocrx_word' id='word_1_340' title='bbox 577 2812 600 2852; x_wconf 83' lang='lat' dir='ltr'>et</span> <span class='ocrx_word' id='word_1_341' title='bbox 614 2812 672 2852; x_wconf 86' lang='lat' dir='ltr'>ordo</span> <span class='ocrx_word' id='word_1_342' title='bbox 688 2812 793 2852; x_wconf 76' lang='lat' dir='ltr'>absolute</span> <span class='ocrx_word' id='word_1_343' title='bbox 808 2812 904 2862; x_wconf 75' lang='lat' dir='ltr'>futurus</span> <span class='ocrx_word' id='word_1_344' title='bbox 920 2824 934 2853; x_wconf 88' lang='lat' dir='ltr'>a</span> <span class='ocrx_word' id='word_1_345' title='bbox 948 2813 1002 2853; x_wconf 65' lang='lat' dir='ltr'>Deo»</span> 
     </span>
     <span class='ocr_line' id='line_1_42' title="bbox 156 2873 997 2925; baseline 0.004 -11"><span class='ocrx_word' id='word_1_346' title='bbox 156 2873 298 2923; x_wconf 73' lang='lat' dir='ltr'>decernitur,</span> <span class='ocrx_word' id='word_1_347' title='bbox 316 2886 363 2925; x_wconf 81' lang='lat' dir='ltr'>qua</span> <span class='ocrx_word' id='word_1_348' title='bbox 380 2874 513 2916; x_wconf 81' lang='lat' dir='ltr'>decretione</span> <span class='ocrx_word' id='word_1_349' title='bbox 530 2886 556 2916; x_wconf 84' lang='lat' dir='ltr'>eo</span> <span class='ocrx_word' id='word_1_350' title='bbox 574 2875 625 2925; x_wconf 87' lang='lat' dir='ltr'>ipso</span> <span class='ocrx_word' id='word_1_351' title='bbox 643 2876 674 2917; x_wconf 81' lang='lat' dir='ltr'>iit</span> <span class='ocrx_word' id='word_1_352' title='bbox 689 2876 806 2916; x_wconf 84' lang='lat' dir='ltr'>discretio.</span> <span class='ocrx_word' id='word_1_353' title='bbox 826 2876 863 2916; x_wconf 84' lang='lat' dir='ltr'>Sic</span> <span class='ocrx_word' id='word_1_354' title='bbox 881 2887 951 2917; x_wconf 85' lang='lat' dir='ltr'>nemo</span> <span class='ocrx_word' id='word_1_355' title='bbox 968 2877 997 2917; x_wconf 86' lang='lat' dir='ltr'>de</span> 
     </span>
     <span class='ocr_line' id='line_1_43' title="bbox 155 2938 1002 2992; baseline 0.004 -13"><span class='ocrx_word' id='word_1_356' title='bbox 155 2938 204 2979; x_wconf 88' lang='lat' dir='ltr'>ullo</span> <span class='ocrx_word' id='word_1_357' title='bbox 218 2938 415 2989; x_wconf 85' lang='lat' dir='ltr'>bono-gloriari</span> <span class='ocrx_word' id='word_1_358' title='bbox 431 2939 513 2990; x_wconf 84' lang='lat' dir='ltr'>potest,</span> <span class='ocrx_word' id='word_1_359' title='bbox 530 2941 597 2989; x_wconf 84' lang='lat' dir='ltr'>quasi</span> <span class='ocrx_word' id='word_1_360' title='bbox 613 2951 661 2981; x_wconf 89' lang='lat' dir='ltr'>non</span> <span class='ocrx_word' id='word_1_361' title='bbox 675 2940 790 2990; x_wconf 80' lang='lat' dir='ltr'>acceperit</span> <span class='ocrx_word' id='word_1_362' title='bbox 807 2942 845 2992; x_wconf 84' lang='lat' dir='ltr'>(oi.</span> <span class='ocrx_word' id='word_1_363' title='bbox 862 2944 872 2981; x_wconf 86' lang='lat'><strong>1</strong></span> <span class='ocrx_word' id='word_1_364' title='bbox 890 2941 934 2981; x_wconf 82' lang='lat' dir='ltr'>Cor</span> <span class='ocrx_word' id='word_1_365' title='bbox 948 2943 968 2990; x_wconf 75' lang='lat'>4,</span> <span class='ocrx_word' id='word_1_366' title='bbox 984 2943 1002 2982; x_wconf 69' lang='lat'>7‘</span> 
     </span>
     <span class='ocr_line' id='line_1_44' title="bbox 155 3004 1002 3056; baseline 0.004 -12"><span class='ocrx_word' id='word_1_367' title='bbox 155 3005 178 3045; x_wconf 90' lang='lat' dir='ltr'>et</span> <span class='ocrx_word' id='word_1_368' title='bbox 191 3004 291 3055; x_wconf 70' lang='lat' dir='ltr'>Aequo.</span> <span class='ocrx_word' id='word_1_369' title='bbox 307 3004 394 3044; x_wconf 86' lang='lat' dir='ltr'>dehoc</span> <span class='ocrx_word' id='word_1_370' title='bbox 410 3004 483 3052; x_wconf 72' lang='lat' dir='ltr'>terim</span> <span class='ocrx_word' id='word_1_371' title='bbox 499 3016 522 3043; x_wconf 82' lang='lat' dir='ltr'>n¹</span> <span class='ocrx_word' id='word_1_372' title='bbox 539 3005 583 3054; x_wconf 81' lang='grc'>65).</span> <span class='ocrx_word' id='word_1_373' title='bbox 601 3005 749 3056; x_wconf 83' lang='lat' dir='ltr'>Quicumque</span> <span class='ocrx_word' id='word_1_374' title='bbox 764 3005 856 3045; x_wconf 86' lang='lat' dir='ltr'>bonum</span> <span class='ocrx_word' id='word_1_375' title='bbox 869 3004 932 3055; x_wconf 80' lang='lat' dir='ltr'>iacit,</span> <span class='ocrx_word' id='word_1_376' title='bbox 949 3017 1002 3047; x_wconf 87' lang='lat' dir='ltr'>non.</span> 
     </span>
    </p>
   </div>
   <div class='ocr_carea' id='block_1_6' title="bbox 0 0 1112 3350">
    <p class='ocr_par' dir='ltr' id='par_1_6' title="bbox 0 0 1112 3350">
     <span class='ocr_line' id='line_1_45' title="bbox 0 0 1112 3350; baseline 0 1"><span class='ocrx_word' id='word_1_377' title='bbox 0 0 1112 3350; x_wconf 95' lang='lat' dir='ltr'> </span> 
     </span>
    </p>
   </div>
  </div>
 </body>
</html>
