2214 3350
280 201 282 204 Α
348 210 466 249 Thesisti.
481 195 621 251 Molinismus
669 200 671 203 Α
729 191 741 206 ³¹
874 210 910 248 509

65 317 141 372 solam
153 315 265 361 oirtutem
275 321 335 362 hene
348 319 433 371 agendi
446 306 543 369 accepit,
558 319 598 359 sed
611 305 683 360 etiarn
696 310 773 369 ipsam
785 318 845 359 honi
857 323 910 370 ope-

65 384 188 432 rationem,
201 384 273 435 idque
284 395 341 435 prae
353 383 406 436 otio,
419 382 462 434 qui
473 378 586 423 virtutem
598 381 699 432 quidem
709 381 909 442 aceepit'eandem

61 446 114 487 sive
126 446 197 487 etiam
209 446 331 496 maiorem,
344 444 435 487 actuale
447 445 528 486 autern
539 443 599 504 velle
612 445 635 485 et
646 444 738 496 operari
751 455 799 485 non
811 444 908 500 accepit.

64 578 120 624 643.
156 580 176 618 4.
189 576 302 620 Servatur
315 576 376 619 ratio
389 575 499 630 specialis
514 574 624 616 beneficii
638 576 664 615 in
678 574 802 616 collatione
817 576 909 627 gratiae

64 639 173 682 ettieaeis
189 651 246 690 prae
256 652 322 697 ¹pure
339 639 466 681 sufficiente
484 638 507 680 et
522 637 698 688 consequenter
709 638 735 678 in
752 636 814 678 douo
831 647 908 690 perse=

64 696 185 744 terentiae
202 704 226 744 et
241 695 459 756 praedestinatione
478 702 604 755 completa.
623 701 682 742 Eam
700 700 798 749 servari,
818 702 837 740 si
855 711 909 741 cum

64 766 210 806 Bellarmino
237 767 262 815 et
289 768 376 812 Saurea
403 765 613 817 praedefinitio
642 762 776 806 formalis
800 764 909 804 omniurn

64 821 181 877 bonorum
196 833 296 880 operum
311 830 334 872 et
347 821 530 880 praedestinatio
546 829 577 869 ad
592 827 694 878 gloriam
709 826 815 877 praecise
830 837 909 877 sump-

63 892 114 933 tam
134 892 197 933 ante
218 894 349 942 praevisa
369 892 471 933 merita
492 891 611 941 statuitur,
634 889 790 931 manifestum
811 890 847 931 est-
869 889 907 941 (et.

65 966 88 995 n.
104 954 162 1004 648).
181 955 227 996 Sed
244 955 316 996 etiam
333 966 422 1005 purus
438 954 633 1003 ltlolinismus‚
652 947 825 994 nonobstante
844 964 909 1004 prae-

64 1010 204 1076 definitione
223 1018 344 1059 virtuali
363 1019 456 1066 tantum
476 1018 500 1059 et
519 1016 733 1074 praedestinatione
755 1017 786 1058 ad
807 1017 908 1067 gloriam

64 1080 127 1131 post
141 1081 250 1131 praevisa
265 1080 356 1129 merita,
373 1082 473 1121 eandem
489 1079 605 1121 rationem
621 1079 732 1120 beneficii
749 1078 807 1136 setis
822 1078 906 1120 servat.

64 1145 117 1193 Ipse
132 1143 240 1184 Melina
256 1144 313 1184 haec
330 1144 427 1183 omnino
444 1153 537 1192 servare
553 1142 629 1184 voluit
642 1143 706 1183 etin
723 1154 766 1183 suo
783 1142 908 1193 systemate

63 1208 153 1247 seruari
168 1206 260 1247 censuit
279 1207 346 1257 (up
363 1207 422 1257 287).
441 1206 505 1246 Deus
522 1206 588 1247 iuxta
604 1199 722 1246 Molinarn
739 1217 769 1246 err
785 1205 909 1246 liberrimo

49 1268 106 1309 'suo
121 1268 336 1319 beneplacitoeam
350 1268 451 1318 gratiam
467 1268 540 1318 eligit,
554 1269 627 1318 quam
642 1269 691 1309 iarn
706 1269 731 1308 in
747 1267 814 1319 signo
829 1269 908 1318 priore

63 1332 94 1372 ad
110 1331 248 1372 electionem
265 1331 331 1373 novit
347 1331 396 1372 tore
413 1330 537 1380 efficacem,
556 1332 575 1371 si
594 1331 697 1380 daretur,
716 1342 816 1381 eamque
835 1330 907 1381 eligit,

63 1394 173 1446 quamvis
190 1406 245 1435 eum
261 1395 343 1436 eadem
361 1394 502 1443 plenissima
518 1393 626 1445 libertate
644 1392 729 1444 eligere
747 1394 823 1444 possit
836 1393 909 1434 aliam

62 1457 171 1508 gratiam,
188 1469 261 1508 quarn
275 1457 343 1499 seivit
356 1451 499 1499 inefficacem
514 1458 571 1506 tore,
588 1457 607 1497 si
621 1456 725 1498 daretur.
742 1456 844 1498 Omnem
858 1457 909 1507 qui-

63 1521 118 1561 dem
137 1520 239 1570 gratiam
257 1519 418 1570 praedestinat
435 1531 468 1560 ex
487 1519 562 1561 seria
578 1519 750 1569 intentione,
772 1520 909 1561 utbonum

63 1583 138 1624 faeiat
148 1583 226 1624 homo.
243 1583 307 1632 Quae
317 1581 426 1630 intentio,
435 1582 558 1634 ‚quamdiu
572 1582 649 1634 gratia
662 1583 689 1624 ut
702 1582 832 1634 praecisive
847 1583 908 1623 suffi-

63 1646 128 1702 ciens
144 1645 271 1696 spectatur,
288 1645 324 1687 est
339 1644 550 1692 conditionata.
570 1645 594 1686 Si
612 1645 673 1687 dein
685 1646 749 1687 Deus
764 1646 865 1696 gratiam
882 1646 909 1687 ut

62 1707 224 1750 condicionete
248 1708 418 1760 producturam
441 1708 553 1750 effectum
578 1708 706 1751 salutarem
730 1708 908 1761 praecognitam

62 1771 130 1821 eligit
147 1771 170 1812 et
189 1771 296 1812 absolute
316 1770 427 1819 decernit,
449 1782 475 1813 eo
497 1772 548 1822 ipso
565 1771 676 1813 futuritio
695 1771 763 1812 actus
782 1771 839 1812 honi
858 1772 908 1812 ium

63 1834 169 1875 absolute
181 1835 203 1875 ei
216 1834 294 1885 placet
306 1834 330 1876 et
342 1833 473 1876 absolute
487 1834 660 1889 intenditur.
678 1834 739 1876 Sane
754 1845 824 1875 nemo
839 1834 908 1876 dubi-

62 1897 112 1938 tare
124 1897 206 1949 potest,
218 1897 278 1949 quin
290 1893 414 1939 decernere
424 1896 527 1948 gratiam
538 1897 673 1949 praevisam
685 1898 711 1939 ut
722 1898 838 1939 efficacem
850 1908 908 1948 prae

62 1959 110 2000 alia
124 1960 234 2011 praevisa
249 1961 276 2001 ut
290 1960 402 2001 inefficaci
418 1960 500 2001 etheo
516 1960 609 2001 decreto
625 1960 735 2002 absolute
746 1955 907 2013 praedefinire

62 2023 142 2063 aetum
157 2023 250 2064 bonum
264 2024 290 2063 io
307 2023 468 2063 aestimatione
482 2022 568 2063 morati
584 2022 660 2063 multo
675 2024 755 2063 maius
771 2024 802 2065 sit
818 2022 908 2065 heneti·

62 2085 127 2126 oiurn
144 2086 168 2135 et
184 2085 306 2126 materiale
324 2086 347 2127 et
364 2084 472 2135 formae,
492 2084 547 2127 licet
570 2080 702 2136 praeelecta
726 2086 804 2137 gratia
828 2088 908 2138 quood

63 2148 185 2189 entitatem
199 2155 220 2188 et
234 2148 347 2188 virtutem
360 2148 392 2190 sit
405 2148 512 2199 aequalis
526 2149 563 2190 vel
578 2149 658 2190 minor
672 2161 745 2201 quam
760 2150 836 2201 gratia
848 2150 908 2196 inei-

63 2211 127 2252 iicax
140 2212 179 2263 (ot.
192 2223 216 2251 n.
230 2214 271 2252 566
282 2212 312 2263 ο).
326 2237 357 2243 —
368 2213 417 2253 Hoe
430 2211 522 2268 insigne
533 2212 680 2253 beneficium
692 2213 797 2254 maxime
810 2214 909 2264 apparet

62 2268 88 2313 in
107 2273 184 2315 libera
200 2274 466 2325 praedestinatione
487 2275 510 2316 et
527 2274 652 2317 collatione
673 2275 747 2317 totius
767 2277 835 2318 seriei
856 2287 909 2328 gra-

62 2335 150 2377 tiarum
169 2337 333 2388 praevisamrn
350 2338 377 2379 ut
393 2336 530 2387 efficacium,
550 2350 598 2388 qua
615 2339 675 2381 serie
693 2338 766 2379 homo
783 2340 908 2390 usquead

61 2399 176 2442 beatum
190 2400 279 2441 tinem
293 2401 445 2451 perducatur,
460 2412 517 2453 prae
531 2402 579 2444 alia
593 2402 653 2444 serie
666 2402 806 2453 gratiarum,
822 2403 847 2444 in
860 2416 909 2456 qua

58 2464 110 2506 uite
122 2466 275 2517 praevidetur
286 2466 352 2507 finiri
365 2468 390 2507 in
401 2466 464 2508 stat-u
475 2466 571 2517 peccati.
585 2467 647 2518 Ergo
659 2468 835 2518 perseverantia
847 2468 908 2509 fina-

61 2528 92 2569 lis
108 2529 132 2571 et
148 2528 332 2582 praedestinat-io
348 2531 466 2583 completa
484 2531 556 2573 etiarn
574 2532 599 2573 in
618 2542 678 2582 puro
696 2531 836 2574 Molinismo
854 2534 921 2578 reti„

62 2595 120 2635 nent
136 2595 253 2653 rationem
272 2594 380 2647 specialis
398 2595 510 2656 beneficii
530 2596 569 2648 (ci.
589 2607 613 2636 n.
632 2598 671 2638 571
690 2597 750 2647 654).

61 2722 117 2765 644.
153 2727 173 2765 5.
190 2725 297 2766 Tandem
311 2725 419 2766 servatur
432 2727 571 2778 mysterium
586 2725 708 2768 electionis
724 2726 826 2778 gratiae,
843 2730 908 2779 quod

61 2798 117 2828 cum
134 2790 157 2830 S.
175 2789 264 2844 Paulo
281 2791 312 2842 (v.
329 2803 351 2841 g.
368 2791 429 2831 Rom
443 2793 477 2840 11,
494 2794 521 2831 33
528 2803 559 2839 ss3
576 2792 629 2842 Eph
646 2793 711 2844 1-3)
731 2800 800 2843 saepe
817 2793 909 2834 extollit

64 2851 87 2891 S.
101 2854 280 2905 Augustinus
294 2856 325 2907 (v.
338 2867 360 2905 g.
375 2856 412 2895 Ad
424 2856 510 2907 Simpt.
526 2860 544 2904 1,
559 2860 608 2897 211,
622 2859 648 2897 16
660 2859 696 2904 22;
708 2857 744 2897 De
756 2858 813 2908 spir.
828 2865 850 2898 et
861 2859 907 2898 titt.

60 2916 97 2964 34,
111 2919 145 2966 60;
158 2918 236 2959 Serio.
249 2920 283 2967 27,
297 2922 317 2968 a,
328 2922 343 2960 ’6
355 2919 387 2978 [R
400 2920 472 2978 1496];
486 2921 596 2969 1111026,
610 2923 623 2961 2
637 2921 667 2972 tlt
680 2922 752 2980 1925];
764 2924 799 2962 De
812 2934 871 2962 corr.
887 2928 909 2962 et

60 2990 97 3027 or.
112 2984 133 3030 8,
151 2984 177 3023 17
192 2983 223 3041 [R
238 2984 310 3042 islep
324 2984 358 3023 De
372 2984 454 3035 proed.
471 2984 550 3025 Sciret.
568 2987 601 3032 18,
618 2972 645 3026 ‘td
662 2986 691 3044 [R
709 2987 781 3045 1989];
796 2987 829 3027 De
846 2985 907 3026 dorio
