2214 3350
230 133 231 136 '
259 154 336 191 rhesis
350 155 378 191 16.
395 154 532 191 inhabitatio
546 153 645 199 ¹spanus
660 153 735 190 sancti
884 150 921 187 341

0 292 2 294 -
75 262 128 301 tuiis
145 272 193 302 nou
209 263 275 310 esset,
293 263 318 302 in
334 275 387 304 eam
401 262 471 303 titulo
487 261 606 302 amicitiae
622 259 720 301 veniret.
740 260 775 300 Cf.
794 260 921 311 specialem

74 319 294 374 Dei'praesentiam
310 326 336 365 in
352 327 459 366 humana
476 324 562 365 natura
580 323 668 365 Christi
685 324 709 364 et
726 323 751 363 in
768 323 919 364 eucharistia.

73 411 105 416 -
120 386 288 428 Praecedentia
303 387 427 439 tamquam
443 386 647 437 complementum
658 386 686 438 et
701 385 801 427 ulterior
817 386 921 427 declara-

75 450 107 491 tio
121 449 182 490 recte
198 450 254 491 addi
269 451 381 492 videntur
395 449 548 502 explicationi
564 450 608 489 suh
624 449 649 501 h)
668 448 759 489 datae1.
778 449 824 490 Sed
839 449 922 490 minus

75 512 135 553 recte
154 512 256 553 essentIa
273 513 454 555 inhabitationis
472 513 601 564 poneretur
619 512 724 562 praecise
743 512 768 551 ln
787 512 922 562 praesentia

75 575 140 624 reali,
157 575 274 627 quatenus
287 576 355 618 titulo
370 576 488 617 amteitiae
503 575 612 626 exigatur
629 575 660 626 (v.
676 575 773 616 Gurdeil
787 575 803 617 1,
820 586 839 615 c.
854 578 882 616 29
890 586 920 623 ss;

75 638 165 678 daliter
182 641 221 679 159
229 638 269 689 ss).

81 760 82 763 ,
144 724 168 775 d)
187 724 230 764 Hic
247 726 339 766 amicus
355 725 535 776 potentissimus
553 724 625 765 simul
643 723 709 765 venit
725 724 749 764 et
764 723 846 764 manet
863 723 922 763 tam-

74 798 147 837 quam
161 787 319 845 παράκλητος,
333 789 349 828 i.
364 799 384 828 e.
401 788 525 839 protector,
542 787 625 835 rector,
643 785 738 827 adiutor
753 786 776 827 et·
789 786 923 827 consolator

78 851 116 897 ici.
133 861 157 889 11,
173 852 222 899 448,
237 854 263 910 2¹:
281 852 307 891 Io
321 853 354 899 14,
370 853 397 891 16
405 850 433 902 s).

143 936 164 987 e)
184 936 249 976 Licet
264 935 369 976 amicItia
386 946 480 985 semper
498 936 529 977 sit
545 935 608 976 inter
625 935 706 985 aliquo
724 934 795 976 modo
812 946 883 986 pares
899 934 923 976 et

75 998 199 1049 propterea
215 999 279 1039 Deus
296 997 437 1046 creaturam,
455 1010 528 1049 quam
546 998 678 1039 amicaliter
695 997 794 1049 diligere
811 998 871 1046 vult,
890 999 922 1039 ad

75 1061 216 1112 dIgnitatem
231 1061 323 1102 ordinis
338 1061 414 1101 divini
430 1060 512 1110 elevet,
529 1061 609 1102 tamen
626 1061 719 1113 amtcus
734 1061 799 1112 apud
815 1061 921 1102 amicum

58 1124 187 1179 'habitans
202 1123 238 1164 est
253 1124 276 1164 et
290 1123 371 1164 manet
387 1124 413 1163 in
429 1124 509 1164 nostro
526 1134 583 1164 casu
605 1135 714 1163 samnius
737 1124 854 1177 Dominus
881 1124 920 1175 (i.

75 1189 94 1227 P
111 1187 166 1228 VIII
183 1199 206 1227 u.
225 1187 284 1238 593).
303 1187 361 1227 Inde
378 1187 437 1227 ratio
454 1186 573 1228 amicitiae
590 1185 742 1237 aliquatenus
758 1186 920 1227 modificatur.

76 1250 136 1290 Nam
154 1250 193 1289 hio
212 1250 304 1290 amicus
322 1250 394 1289 simul
412 1249 448 1289 est
466 1259 561 1289 summa
579 1248 712 1290 reverentia
731 1249 754 1290 et
770 1249 922 1291 veneratione

76 1312 195 1352 colendus.
207 1312 323 1353 Habitans
332 1313 398 1362 apud
408 1313 513 1352 amicum
524 1312 559 1353 est
569 1312 594 1352 in
605 1323 649 1368 sua
657 1313 836 1363 propriudomo
847 1313 885 1354 vel
897 1313 922 1353 in

76 1386 118 1415 suo
130 1374 219 1425 templo
232 1374 313 1425 ibique
326 1374 351 1414 in
365 1375 449 1414 throno
463 1386 519 1416 suae
532 1375 663 1416 maiestatIs
675 1375 764 1416 residet
777 1376 920 1417 adorandus.

69 1458 70 1461 ’
144 1460 163 1511 f)
176 1460 321 1501 Scheeben
335 1460 427 1512 (Doqm.
440 1461 463 1500 II
474 1472 497 1500 n.
511 1463 552 1501 844
559 1471 589 1501 ss.
602 1461 652 1511 872)
666 1460 768 1501 advertit
779 1472 828 1502 non
838 1461 922 1502 haberi

75 1522 274 1574 qualemcumque
290 1521 428 1571 amicitiam,
446 1524 487 1563 sed
502 1523 609 1573 anquam
625 1523 796 1563 admissionem
810 1525 837 1563 in
853 1525 923 1575 sami-

76 1586 134 1626 tiam
152 1592 174 1626 ct
192 1586 356 1636 aequationem
374 1584 453 1634 amici,
474 1585 535 1626 stcut
552 1596 640 1636 sponsa
658 1586 683 1625 in
703 1586 821 1627 familiam
841 1586 922 1637 sponsi

76 1648 155 1689 intrat.
170 1650 270 1699 Insuper
282 1648 433 1699 pancratium
446 1648 551 1699 quadam
565 1660 594 1689 ex
607 1648 655 1689 Deo
669 1647 768 1689 efficitur
780 1648 836 1698 plus
848 1660 922 1700 quam

76 1722 142 1752 mera
153 1711 256 1762 adoptio.
270 1712 332 1762 Ergo
345 1710 422 1751 iustus
434 1711 588 1762 coniungitur
600 1723 655 1752 cum
669 1711 760 1763 SpirItu
774 1711 860 1753 Sancto
874 1723 922 1752 non

76 1785 140 1814 mere
152 1773 238 1814 morali
250 1774 337 1814 unione
350 1773 475 1822 amicitiae,
490 1774 531 1814 sed
544 1773 632 1814 unione
646 1774 823 1825 quodammodo
838 1792 848 1811 «
856 1787 923 1826 orpo-

75 1838 154 1886 m'ca»,
163 1848 224 1887 quae
233 1837 317 1877 unioni
329 1836 407 1877 stricte
417 1837 529 1887 physicae
540 1835 663 1878 moraliter
674 1836 842 1887 aequivaleat2.
856 1837 924 1879 Sicut

75 1899 114 1940 vir
128 1900 151 1940 et
166 1899 254 1940 mulier
272 1898 331 1939 >suut
355 1900 422 1939 «duo
437 1899 463 1939 tn
479 1910 550 1940 earne
566 1910 643 1948 una»,
667 1899 700 1940 sic
722 1900 787 1941 Deus
802 1900 825 1941 et
840 1899 924 1942 anima

76 1962 132 2003 iusti
148 1963 204 2003 sunt
217 1961 285 2013 quasi
302 1962 367 2002 «duo
383 1961 408 2001 in
423 1973 471 2002 uno
488 1962 608 2013 Spiritu».
626 1962 703 2011 Quare
718 1962 776 2004 haec
792 1964 849 2003 unio
864 1964 924 2004 arni-

138 2097 145 2119 ²
159 2097 184 2132 ld
195 2097 243 2142 ipse
256 2097 354 2132 Suarez
369 2097 407 2142 (De
421 2097 498 2133 Trim't
512 2097 526 2133 l.
542 2097 566 2134 12
577 2107 594 2133 c.
609 2098 654 2135 511.
670 2096 701 2142 14)
715 2097 808 2134 innuere
820 2097 921 2133 videtur:

79 2144 141 2178 «Per
161 2143 258 2187 gratiam
273 2142 294 2177 et
308 2142 425 2178 caritatem
446 2143 523 2179 manet
543 2145 603 2179 Deus
624 2143 649 2178 in
671 2143 748 2179 anima
767 2144 793 2178 ut
814 2144 925 2179 obiectum

77 2188 190 2232 cognitum
203 2189 224 2223 et
236 2189 342 2230 amatum,
357 2197 403 2223 non
415 2189 541 2233 utcumque,
556 2189 595 2224 sed
608 2198 648 2234 per
661 2189 752 2224 modum
765 2189 832 2224 amici
844 2190 924 2225 intime

78 2234 158 2277 dilecti,
178 2234 216 2279 qui
233 2243 278 2269 non
296 2234 415 2279 utcumque
434 2235 540 2271 obiective
559 2234 641 2270 dicitur
659 2244 707 2270 esse
725 2234 750 2270 in
768 2235 865 2279 amante,
886 2235 925 2271 sed

77 2280 192 2324 tamquam
209 2280 292 2315 honum
308 2280 386 2316 intime
404 2289 511 2325 praesens
529 2281 550 2315 et
567 2280 629 2316 intra
646 2281 721 2325 ipsum
739 2282 852 2316 amantem
870 2282 924 2316 exsi-

78 2325 144 2369 stens,
158 2326 182 2361 ut
195 2335 246 2361 eum
258 2325 401 2371 pecuIIariter
413 2326 525 2361 custodiat
538 2327 559 2362 et
571 2326 641 2370 regat,
656 2327 677 2362 et
689 2327 718 2363 ab
731 2336 756 2362 eo
768 2328 793 2362 in
805 2327 870 2362 eorde
884 2335 924 2361 suo

77 2372 163 2407 colatur
174 2372 195 2408 et
207 2371 316 2407 adoretur.
332 2372 394 2414 Quod
404 2372 476 2417 potest
488 2373 556 2408 etiam
568 2372 678 2408 declarari
690 2371 787 2417 eaeraplo
801 2373 925 2415 beatorum,-

77 2426 130 2452 nam
144 2427 169 2453 ex
181 2418 203 2452 vi
217 2417 309 2452 luminis
322 2418 407 2461 gloriae
420 2417 504 2454 hahent
517 2419 589 2453 Deum
602 2417 711 2462 peculiari
724 2418 789 2453 modo
803 2418 851 2454 suis
864 2428 924 2455 men-

77 2463 137 2498 tibus
154 2463 293 2508 praesentem
310 2464 334 2498 in
351 2464 438 2498 ratione
455 2464 535 2499 obiecti
551 2463 647 2499 risibilis
664 2464 743 2499 intime
761 2464 924 2508 quodammodo

78 2510 167 2545 unitum
181 2510 237 2555 Ipsis
251 2510 328 2553 beatis,
345 2510 370 2544 ut
384 2518 424 2554 per
439 2518 462 2544 se
478 2509 553 2554 ipsum
568 2510 589 2544 et
605 2510 687 2553 absque
704 2509 748 2544 alio
762 2509 835 2545 medio
850 2511 925 2546 videa-

44 2586 46 2591 ,
77 2555 120 2590 tur.
131 2568 141 2588 a
157 2575 180 2581 -
195 2556 269 2591 Etiam
286 2565 318 2597 ea,
335 2564 392 2599 quae
408 2556 449 2589 suh
466 2556 609 2600 sequentibus
625 2555 706 2591 litteris
722 2554 844 2598 atterimus,
860 2556 925 2591 intel-

77 2600 172 2644 legimus
190 2603 306 2645 tamquam
323 2601 440 2636 ulteriores
459 2601 627 2646 explanationes
646 2602 667 2636 et
686 2602 836 2637 accuratiores
855 2602 925 2637 deter-

78 2647 212 2682 minationes
229 2646 381 2692 cprIcationis
396 2646 528 2691 principalis
545 2646 591 2682 iam
607 2647 677 2682 datae.

139 2716 147 2737 2
165 2716 223 2751 «Die
238 2714 450 2751 treundsehaftliehe
466 2716 618 2759 Vereinigung
635 2714 708 2751 Gottes
724 2714 765 2749 mit
782 2715 825 2751 den
840 2716 926 2760 Begna-

79 2759 165 2804 digten.
175 2789 179 2797 .
190 2789 194 2797 .
206 2761 285 2796 nimmt
296 2761 339 2796 den
349 2760 473 2796 Charakter
483 2762 544 2797 eines
555 2760 703 2804 organischen
713 2761 925 2797 Ineinanderleheus

79 2805 117 2840 der
127 2807 287 2842 Freunde'und
299 2807 337 2842 der
349 2805 535 2850 Verschmelzung
547 2816 574 2842 zu
587 2807 658 2842 eiuem
670 2807 752 2843 Wesen
763 2817 794 2842 an
801 2821 811 2840 >1
828 2807 856 2852 (n.
872 2807 923 2852 872).

78 2869 101 2875 -
111 2852 185 2887 Etiam
195 2854 278 2888 Dorsaz
288 2851 360 2887 multa
371 2852 437 2886 habet
450 2853 476 2887 de
488 2853 566 2888 nostra
578 2852 709 2896 cognatIcne
722 2862 772 2888 cum
784 2853 866 2888 divinis
878 2862 927 2899 per-

79 2898 146 2939 sonis,
163 2907 231 2942 quam
246 2908 271 2933 ex
286 2898 363 2933 nostra
378 2897 486 2933 relatione
502 2899 532 2934 ad
548 2898 666 2941 Christum,
683 2898 776 2934 tratrem
792 2898 927 2944 primogeni-

78 2941 126 2977 tum
141 2943 161 2978 et
175 2945 243 2989 eaput
257 2943 354 2989 eorporis
368 2942 463 2987 mystici,
481 2943 572 2979 derivat.
