2214 3350
207 171 243 208 286
328 173 382 208 Sect.
395 173 435 208 ΙΙΙ.
448 173 494 208 Art.
508 173 536 208 H.
550 174 581 208 De
593 172 657 208 donis
669 172 693 206 in
704 169 860 206 iustificatione
874 170 932 207 datis

207 280 310 321 secunda
327 281 440 332 (potentio
456 287 478 320 et
492 281 638 332 impotentia,
661 280 759 332 (δύναμις
778 279 817 320 ani
834 279 958 330 ἀδυναμία)
975 278 1054 328 gratia

206 343 298 394 aliquid
319 343 399 392 habet,
423 343 540 394 quatenus
563 341 611 383 scil.
636 342 676 383 dat
695 343 725 384 τὸ
749 352 816 392 posse
839 341 1054 390 supernaturaliter

205 417 282 456 agere.
299 406 346 447 Sed
360 407 416 458 quia
427 403 541 447 'naturam
555 404 671 456 potentiis
680 405 830 452 naturalibus
841 399 985 445 'instructam
1000 404 1049 444 iarn

206 469 321 521 supponit
335 481 434 520 eamque
449 468 551 510 ulterius
565 468 666 519 perficit,
684 466 823 518 simpliciter
838 467 957 517 loquendo
973 466 1052 517 gratia

206 532 309 583 pertinet
322 533 353 574 ad
367 533 471 584 primam
486 532 584 572 classem
599 531 743 583 qualitatum
760 531 864 582 (babitus
879 538 901 571 er
916 531 1047 582 dispositio,

204 595 253 649 ἕξις
263 598 302 637 καὶ
311 595 426 649 ὁιάῦεσις;
437 597 466 636 oi.
476 607 499 635 n.
508 595 566 645 368).
580 595 604 635 si
615 606 671 635 curn
681 593 778 636 caritate
788 594 883 635 realiter
893 594 996 635 identica
1006 592 1051 642 est}

205 660 277 700 simul
291 660 327 700 est
339 658 436 699 habitus
449 657 587 699 entitativus
600 658 624 698 et
637 656 779 708 operativus.
796 658 933 698 Secundum
948 659 971 699 S.
987 658 1048 697 Tho-

206 734 272 762 mam
296 733 343 762 non
367 722 401 762 est
423 720 570 772 principium
593 719 730 761 immediate
752 720 910 770 operativum
934 731 989 771 ergo
1013 719 1048 760 est

206 785 302 826 habitus
322 783 466 839 entitativus.
489 783 613 832 Eiusmodi
633 783 729 824 habitus
750 783 856 833 Aquinas
877 782 1050 834 agnoscit1,2

206 860 228 899 q.
247 851 274 889 50
290 859 311 887 a.
329 850 349 887 1.
369 847 545 898 sedquoniam
562 845 658 886 habitus
674 846 815 897 plerumque
833 845 978 897 intellegitur
995 856 1051 896 pro·

205 911 269 951 xime
285 921 393 961 operans,
413 909 470 950 alibi
490 907 532 961 (Dc
550 920 597 950 ver.
616 921 639 959 q.
658 911 684 950 27
700 921 722 950 a.
740 912 753 950 2
771 909 801 950 ad
817 909 839 961 7)
859 909 930 961 negat
945 910 1048 960 gratiam

204 973 300 1024 proprie
312 984 362 1014 esse
373 972 491 1022 habitum.
506 973 593 1013 Suarer
605 984 658 1013 eam
670 973 739 1013 vocat
750 971 859 1013 habitum
873 983 942 1014 sensu
955 972 1048 1020 latiore,

203 1036 365 1076 Bellarmtnur
383 1035 523 1087 qualitatem
543 1046 602 1086 «per
620 1036 720 1076 modum
737 1035 860 1077 habitus».
880 1035 928 1076 Alii
947 1036 1049 1087 disposi-

204 1100 300 1147 tionem,
320 1110 380 1149 quae
398 1110 412 1139 a
429 1098 575 1149 Philosopho
592 1097 739 1149 intellegitur
756 1098 810 1139 cito¹
820 1098 944 1148 transiens,
964 1098 1049 1142 distin,-

203 1161 280 1212 guunt
290 1161 316 1201 in
327 1161 489 1202 transeuntem
501 1161 524 1209 et
533 1161 712 1213 permanentem
723 1161 793 1211 atque
805 1161 837 1210 sio
849 1162 951 1212 gratiam
961 1161 1049 1202 vocant

202 1223 382 1275 dispositionem
397 1223 576 1275 permanentem
590 1224 639 1265 sive
654 1224 801 1265 habitualem
818 1226 844 1277 (P
859 1225 934 1275 312)1.

272 1321 293 1358 5.
311 1318 353 1359 Est
369 1318 479 1359 accidens
495 1318 589 1359 realiter
606 1317 745 1370 distinctum
762 1330 776 1359 a
794 1318 925 1359 substantia
942 1317 1048 1358 animae:

202 1381 366 1421 Adversantur
384 1382 484 1431 loannes
502 1380 672 1421 Vincentius
691 1380 718 1421 Ο.
738 1382 764 1421 Ρ.
785 1382 808 1423 et
825 1380 965 1422 Dominicus
983 1381 1048 1421 Pal-

201 1444 284 1485 mieri
296 1444 346 1484 S.J.
358 1444 391 1494 (in
399 1444 500 1486 tractatu
511 1444 539 1485 de
550 1444 626 1495 gratia
636 1444 827 1493 habitualisnon
832 1444 927 1495 publice
938 1444 1009 1493 edita
1021 1457 1046 1484 v.

201 1507 254 1547 Ber.
262 1507 321 1558 746).
333 1507 377 1547 Hic
387 1507 455 1557 ponit
461 1506 560 1547 thesim:
577 1524 586 1543 «
592 1508 644 1547 Non
655 1507 690 1548 est
699 1508 786 1558 dogma
793 1507 850 1549 fidei
858 1506 986 1548 definitum
993 1519 1047 1559 gra-

201 1570 259 1610 tiam
273 1569 462 1617 sanctificantem
476 1580 526 1610 esse
538 1568 632 1610 realiter
645 1571 674 1610 ab
688 1570 782 1610 animae
795 1570 895 1611 essentia
908 1570 1046 1611 distinctam

200 1632 292 1673 utrem
308 1644 323 1673 a
338 1643 371 1681 re;
388 1643 464 1683 neque
480 1633 620 1682 argumenta
635 1632 766 1698 theologiga
782 1644 842 1683 quae
858 1633 1001 1682 afferuntur,
1020 1633 1045 1672 id

199 1696 266 1736 extra
282 1706 377 1735 omnem
393 1696 486 1746 ponunt
502 1695 692 1736 dubitationem»
712 1694 833 1747 (Palmieri
850 1696 876 1735 in
892 1695 1045 1747 philosophia

199 1769 248 1798 non
263 1757 368 1799 admittit
382 1758 514 1799 accidentia
528 1758 636 1812 absoluta
651 1759 674 1799 et
688 1758 784 1799 realiter
799 1758 927 1810 distincta).
943 1778 974 1791 e-
989 1760 1043 1799 Bere

201 1821 331 1872 (rra-749)
347 1832 403 1861 oum
415 1822 504 1862 Suarez
518 1821 605 1861 realem
620 1821 796 1870 distinctionem
810 1822 913 1862 declarat
928 1821 1050 1871 «omnino

199 1883 288 1925 certam
296 1901 306 1919 ι)
319 1885 341 1935 a)
355 1884 451 1934 propter
462 1883 584 1925 entitatem
596 1884 620 1925 et
630 1883 730 1932 effectus
742 1884 933 1935 supernaturales
945 1885 1044 1935 gratiae⁷

199 1958 260 1998 quae
274 1958 317 1997 per
331 1947 426 1987 nullum
441 1947 541 1987 modurn
556 1946 650 1987 realiter
664 1946 829 1987 indistinctum
844 1947 927 1988 haberi
943 1947 1044 1998 possint⁷

198 2010 223 2060 b)
237 2009 334 2059 propter
345 2009 443 2049 modum
456 2009 569 2060 loquendi
580 2021 595 2049 a
607 2010 745 2050 Tridentino
757 2009 891 2050 adhibitum
903 2010 926 2051 et
938 2021 1044 2059 sensum,

199 2083 271 2123 quem
290 2071 336 2122 ipsi
356 2071 437 2112 Patres
456 2071 579 2112 tridentini
599 2072 716 2112 eiusmodi
736 2072 815 2112 verbis
833 2072 991 2114 attribuerint.
1012 2099 1044 2104 —

199 2135 273 2175 Pescla
289 2134 418 2185 (alt-317)
433 2134 516 2175 mitius
528 2134 624 2183 iudicat,
633 2135 664 2175 ‘in
676 2135 801 2176 hunoiere
815 2136 913 2186 modum
927 2136 1044 2188 quaestio-

203 2285 204 2288 ’
260 2280 266 2300 1
280 2279 358 2314 Gratia
369 2279 492 2315 habitualis
505 2280 626 2315 secundum
639 2289 714 2315 omnes
726 2278 839 2323 theologos
852 2278 1045 2324 dignificando

197 2324 272 2359 influit
285 2324 310 2359 in
324 2324 388 2360 actus
401 2324 515 2372 virtutum.
532 2326 573 2368 Qui
588 2334 637 2361 eam
652 2325 742 2361 realiter
757 2325 877 2361 ecaritate
893 2325 1043 2369 distinguunt,

198 2370 320 2414 disputant,
338 2370 424 2405 utrum·
437 2370 594 2412 efficienter
617 2371 642 2406 in
664 2373 753 2407 eosdem
770 2372 832 2407 actus
850 2371 929 2407 influat
953 2373 1042 2407 imme-

198 2415 271 2451 diate
285 2425 316 2450 an
328 2417 444 2452 mediate
458 2417 552 2452 tantum.
569 2418 589 2453 S.
606 2417 701 2452 Thomas
716 2417 857 2453 conformiter
872 2418 901 2453 ad
915 2426 980 2453 suam
994 2417 1043 2463 phi-

197 2462 334 2508 losophicam
346 2463 376 2499 vde
393 2464 521 2508 operatione
538 2463 626 2498 animae
643 2463 767 2498 doctrinam
782 2462 870 2498 videtur
887 2471 975 2499 censere
992 2472 1044 2507 gra-

197 2509 252 2543 tiam
265 2509 355 2544 nonnisi
366 2509 551 2544 mediantibus
563 2508 714 2545 virtutihus
727 2508 891 2553 efficereactus,
904 2519 924 2544 v.
938 2518 958 2553 gi
972 2510 994 2545 S.
1010 2509 1040 2545 th.

198 2554 215 2596 1,
228 2553 240 2589 2
252 2563 271 2598 q.
286 2553 321 2590 110
333 2563 352 2589 a¹
366 2556 378 2590 4
391 2555 420 2590 ad
431 2555 448 2591 2.
463 2556 525 2590 idem
535 2554 613 2589 volunt
625 2554 713 2591 Villado
726 2555 747 2590 et
758 2554 832 2597 aroer,
847 2555 955 2599 quidquid
967 2556 1043 2591 tenea-

195 2601 232 2635 tur
247 2600 319 2644 quoad
334 2601 433 2636 ordinem
446 2599 578 2636 nannete-m.
594 2601 676 2636 Saurea
690 2609 748 2644 vero,
763 2600 865 2645 Raparia,
879 2600 984 2643 Lonorio,
1001 2601 1041 2636 alii

196 2646 1041 2737 tartaitattritaatritrtaanatantianatantia

195 2737 321 2773 meritorios
336 2737 462 2773 attribuunt
478 2740 504 2783 (v.
521 2739 538 2773 P
553 2736 595 2781 3133
609 2739 658 2775 Ber.
675 2736 727 2783 759),
742 2757 765 2763 -
778 2740 809 2774 De
824 2738 926 2781 essentia,
942 2739 1041 2784 proprie-

194 2783 286 2824 tatibus,
303 2783 431 2828 operatione
447 2784 566 2819 habituum
580 2784 628 2820 tam
642 2783 782 2819 naturalium
798 2792 866 2827 quarn
882 2787 1040 2829 supernatura-

195 2830 251 2864 lium
266 2828 356 2874 scripsit
370 2830 427 2865 Max.
444 2830 587 2874 Limbourg
602 2831 622 2866 S.
638 2830 656 2866 J.
672 2830 697 2865 in
711 2830 776 2866 ZkTh
791 2830 837 2867 eet
852 2829 875 2866 10
891 2829 947 2876 (1885
954 2831 979 2877 s).
998 2830 1041 2867 Sed

195 2874 273 2916 multa,
293 2883 351 2919 quae
369 2874 435 2910 habet
452 2876 479 2910 de
497 2875 616 2919 habitibus,
637 2878 664 2912 ab
682 2876 796 2911 hodiernis
814 2875 955 2921 psychologis
974 2876 1040 2912 aliter

196 2920 217 2956 et
229 2920 311 2956 melius
325 2928 365 2965 per
378 2921 538 2956 associationes
553 2921 691 2966 explicantur
707 2923 734 2966 (v,
750 2921 792 2957 Ios.
808 2921 890 2958 Frobes
907 2923 926 2959 St
943 2922 969 2965 J„
986 2922 1041 2967 Psy-

195 2965 298 3011 chologia
311 2965 449 3012 speculativa
466 2966 579 3013 [Friburgi
594 2967 665 3012 Brisg.
683 2966 740 3012 1927]
757 2967 815 3004 1241
824 2977 853 3012 ss;
869 2969 891 3004 Π
906 2968 987 3014 22255).
