2214 3350
170 233 207 275 488
327 233 381 270 Sect.
397 234 420 270 V.
434 234 480 270 Art,
496 235 525 271 IL
540 234 663 289 Explicatio
676 234 762 279 gratiae
775 234 871 271 efficacis

171 341 326 389 distributione
343 341 470 386 gratiarnm
487 341 644 379 sufficientium
660 341 745 386 dirigi
762 342 881 384 scientia
897 342 938 380 illa
953 352 1018 390 prae-

170 394 213 437 via,
229 403 285 438 quae
298 394 387 430 media
400 394 487 431 dicitur.
503 395 547 432 Sed
559 394 700 440 perhibemus
713 396 790 439 Deum,
805 396 832 430 ob
847 393 929 431 seriam
943 403 1021 438 suam„

170 446 209 481 sed
225 445 392 482 antecedentem
415 446 553 483 voluntatem
570 446 673 482 salvandi
694 454 770 487 omnes
794 445 901 491 homines,
925 447 1017 482 decre-

169 497 252 540 visse,
270 497 333 533 ante
350 506 451 534 ornnem
467 498 668 544 praevisionem
685 500 834 534 consensus
852 498 893 534 vel
911 498 1020 538 dissenr

170 558 214 584 sus
232 558 258 584 ex
274 550 338 595 parte
363 549 450 587 creatae
472 549 602 593 voluntatis,
621 550 674 586 dare
692 549 772 595 cuique
790 549 883 593 honuni,
908 558 1017 587 mensura

169 602 245 636 tamen
255 601 376 646 inaequali,
390 602 428 638 sed
438 610 524 647 semper
536 601 664 646 sufficiente,
678 602 734 638 satis
746 602 879 647 gratiarum,
892 603 918 638 ut
930 602 1021 640 salvari.

91 688 101 698 ,
169 652 247 698 possit,
264 653 383 690 dnmmodo
399 653 458 697 velit;
475 653 496 689 et
511 652 586 690 videre
603 653 671 690 simul
687 653 805 691 scientia
820 654 938 691 visionis
955 663 1016 690 con-

170 706 299 750 sequente
313 705 449 741 decretum
463 701 596 741 consensum
609 705 645 741 vel
659 704 786 742 dissensum
800 706 903 742 hominis.
914 720 925 739 »

170 818 232 860 612„
260 822 281 860 4.
306 818 464 868 Qualiiicatio.
489 819 584 860 Certum
608 818 678 871 nobis
700 818 796 861 videtur
812 819 870 861 haec
888 820 1016 872 systemata

170 893 225 921 cum
240 881 276 930 iis,
292 892 353 932 quae
367 886 397 922 ex'
411 881 520 933 dogmate
544 881 701 931 deducuntur,
723 882 847 931 conciliari
868 894 916 924 non
937 894 1015 934 posse;

170 944 249 984 tamen
261 956 275 984 a
287 955 387 985 censure
399 944 530 996 theologica
541 945 688 987 abstinemus
700 946 723 987 et
734 945 928 996 probabilitatem
940 947 1015 987 exier-

169 1018 225 1047 nam
242 1002 400 1048 concedimus.

168 1132 222 1173 613.
262 1132 351 1177 Proh.
384 1132 411 1172 A.
427 1100 656 1174 Praedeterminatio
670 1133 767 1175 moralis
780 1131 804 1174 in
819 1135 915 1184 genere.

202 1226 204 1229 ’
237 1217 409 1271 Argumentum
424 1218 443 1260 1.
460 1218 509 1259 Hoc
524 1218 628 1270 systema
642 1212 682 1259 not
697 1229 752 1259 non
768 1217 910 1260 sufficienter
924 1218 1015 1269 expli-

169 1282 223 1338 cat,
237 1282 303 1333 quod
315 1281 484 1333 explicandum
498 1281 540 1330 est,
553 1281 603 1323 scil.
620 1281 737 1332 triplicem
750 1281 913 1323 absolutam
927 1281 1015 1322 intel-

168 1344 338 1397 libilitatem
362 1351 403 1385 aui
425 1345 550 1386 destruit
569 1355 666 1386 veram
688 1343 900 1385 sufficientiam
924 1344 1014 1395 gratiae

169 1401 236 1458 pure
248 1407 385 1448 sufficientis
402 1407 425 1449 et
442 1407 608 1448 libertatern
627 1407 757 1448 voluntatis
776 1407 899 1449 moraliter
916 1408 1014 1459 praede-

168 1471 317 1519 terminatum
329 1471 352 1512 et
361 1470 451 1521 quanio
461 1470 539 1521 magis
549 1482 626 1511 unum
637 1481 729 1511 servare
741 1470 847 1519 conatum
860 1471 925 1511 tanto
936 1470 1015 1521 magis

168 1533 198 1586 ab
213 1533 286 1574 altero
301 1533 390 1574 deficit.

237 1622 256 1659 1;
277 1618 484 1660 infallibilitas
503 1618 605 1660 effectis
623 1619 711 1668 gratiae
729 1607 875 1667 efficacis,
894 1630 955 1669 quae
975 1630 1014 1660 er-

168 1681 251 1733 plicari
269 1682 346 1730 debet,
371 1693 425 1722 non
448 1681 484 1723 est
506 1680 626 1722 moralis
648 1680 749 1731 tantum,
769 1683 810 1723 sed
836 1681 968 1723 absoluta
990 1681 1014 1723 et

167 1745 375 1799 metaphysica.
403 1744 564 1795 Metaphysice
585 1745 650 1785 enim
668 1745 786 1796 repugnet
810 1745 855 1785 Dei
880 1746 1018 1796 praeseien-¹

168 1808 227 1858 tium
242 1808 294 1849 felli
310 1808 499 1849 reintraturum
516 1809 559 1849 Det
574 1809 723 1859 propositum
742 1806 861 1848 frustrari.
877 1807 951 1859 Atoui
968 1808 1013 1849 sub

167 1872 263 1912 influxu
280 1871 544 1921 praedeterminationis
559 1871 657 1911 moralis
673 1870 783 1912 voluntas
800 1870 948 1922 physicam
966 1882 1012 1921 po-

136 1929 139 1932 ’
167 1934 286 1975 tentiam
299 1935 433 1985 proximam
446 1934 469 1975 et
481 1934 618 1984 expeditam
629 1934 715 1975 retinet
726 1935 886 1984 coniungendi
900 1946 954 1974 cum
968 1934 1012 1974 hart

166 1997 270 2039 motione
282 1997 398 2038 actualem
411 1998 554 2038 dissensum.
569 1997 632 2048 Ergo
643 2007 691 2038 non
703 1995 805 2047 potesta
817 1996 892 2047 priori
904 2008 959 2038 cum
972 1996 1013 2036 ab·

168 2060 244 2101 soluta
255 2060 395 2102 certitudine
407 2072 435 2101 ex
447 2061 496 2101 solo
508 2061 562 2101 act-u
573 2060 651 2110 primo
663 2060 772 2110 cognosci
783 2061 847 2100 bunc
859 2071 940 2100 casum
952 2071 1013 2100 nun-

167 2135 240 2174 quam
258 2123 399 2164 eventurum
424 2135 481 2164 esse.
505 2149 538 2154 —
560 2124 650 2164 Eodem
668 2124 739 2164 modo
755 2124 833 2173 gratia
858 2122 1013 2164 sufficiens

166 2186 239 2226 huius
257 2185 390 2237 systematis
406 2186 504 2236 praebet
520 2184 637 2226 voluntati
654 2196 736 2226 veram
760 2185 919 2235 potentiam
943 2187 1012 2236 phy-

167 2249 255 2289 sicam
267 2248 436 2288 consentiendi.
449 2248 531 2289 Posset
543 2248 617 2298 igitur
628 2250 652 2289 in
665 2247 787 2297 aliquibus
799 2246 893 2288 casibus
905 2248 1010 2297 moralis,

167 2323 227 2362 quae
245 2311 330 2359 obsit,
353 2310 533 2360 impossibilitas
557 2311 664 2361 superari
682 2312 705 2352 et
722 2310 789 2351 actus
814 2310 925 2352 salutaris
949 2311 1011 2352 elici.

166 2375 228 2425 Ergo
247 2374 311 2415 Deus
330 2385 405 2424 neque
424 2373 578 2414 inefficaciam
596 2373 685 2425 gratiae
706 2373 843 2422 sufficientis
861 2386 916 2415 cum
935 2374 1014 2415 omni-

166 2439 237 2479 moda
253 2436 392 2479 certitudine
409 2448 438 2478 er
453 2437 507 2495 actu
523 2437 601 2488 primo
616 2437 695 2488 posset
708 2437 854 2488 praevidere.

166 2563 219 2604 614.
255 2566 275 2603 2.
293 2562 413 2612 Quatenus
426 2574 455 2603 ex
468 2562 513 2603 hac
527 2562 667 2612 gravissima
681 2561 818 2603 difficultate
833 2573 882 2604 sese
896 2561 1013 2603 extricare

166 2622 289 2674 conantur,
305 2626 404 2666 dicendo
419 2625 467 2666 iam
482 2626 509 2665 in
524 2625 670 2665 antecessum
686 2637 714 2666 ex
729 2625 816 2666 natura
831 2625 886 2666 talis
898 2626 1011 2666 motionis

166 2688 237 2729 relate
251 2689 282 2729 ad
297 2688 444 2739 praesentem
459 2688 547 2730 statum
563 2687 691 2729 voluntatis
705 2688 811 2728 hominis
823 2688 886 2738 >lapsi
901 2683 1011 2729 omnem

165 2761 264 2802 prorsus
279 2751 393 2791 excludi
410 2750 618 2801 exceptionem,
633 2750 728 2801 eoipso
745 2750 858 2792 auferunt
871 2752 894 2803 a)
914 2762 1011 2792 omnem

164 2825 261 2854 ueram
290 2814 502 2855 sufficientiam
531 2825 545 2853 a
572 2825 615 2854 sua
641 2814 718 2865 gratia
745 2824 804 2865 pure
833 2814 960 2856 sufficiente
989 2813 1013 2854 et

165 2877 189 2928 b)
203 2887 300 2917 omnem
311 2888 405 2917 veram
417 2876 583 2918 libertatem
595 2876 724 2918 voluntatis
736 2877 814 2929 gratia
825 2876 911 2918 efficaci
923 2877 1009 2917 motae.

163 2964 195 2972 —-
205 2940 227 2992 a)
244 2940 266 2991 a)
281 2940 332 2980 Iam
342 2951 376 2987 eo,
388 2940 452 2991 quod
464 2939 572 2981 statuunt
581 2940 799 2990 impossibilitatem
811 2940 950 2991 simpliciter
962 2952 1013 2981 mo-

165 3002 241 3043 ralem
250 3003 324 3043 dandi
334 3002 423 3053 gratiae
434 3002 558 3048 sufficienti
569 3013 710 3044 consensum
722 3002 858 3052 salutarem,
870 3002 1012 3054 conceptum
