2214 3350
134 171 172 216 e'eo
295 178 349 215 sect.
364 179 388 214 v.
403 178 449 214 Ari.
465 179 492 229 11.
508 150 632 225 explicatio
643 176 730 222 gratiae
744 173 839 214 efficacis

134 282 345 323 determinationem
360 287 389 323 ad
402 286 518 323 materiale
533 282 623 332 peccati.
641 285 684 322 Sed
697 280 824 331 specialiter
838 287 897 323 Deus
912 282 985 321 moret

137 339 167 375 ad
180 339 243 375 actus
256 339 332 382 bonos,
348 339 402 384 quos
415 337 463 374 v'ult
477 341 490 375 a
502 338 616 374 voluntate
629 337 685 381 fieri,
700 338 721 373 et
733 338 867 383 praesertim
878 339 908 375 ad
921 338 985 374 actus

134 390 254 427 salutares.
269 392 330 426 Tune
344 391 403 426 enim
415 394 462 427 non
473 389 630 426 universaliter
642 390 663 425 et
675 389 846 426 indeterminate
860 392 890 427 ad
902 390 985 426 bonum

136 443 162 478 in
181 442 294 478 communi
315 443 393 486 movet,
413 442 549 489 permittens,
571 441 596 477 ut
617 441 721 477 voluntas
742 442 785 478 hac
805 441 985 479 mononevmota

135 494 270 531 determinet
286 495 343 531 illud
360 495 389 531 ad
405 496 488 530 honum
505 493 642 539 particulare
660 502 772 539 apparens
790 492 836 530 sive
854 495 884 531 ad
899 493 995 535 malum,

134 546 229 590 morale,
247 546 286 582 sed
303 547 424 592 efficaciter
440 547 512 581 movet
528 544 558 581 ud
575 545 748 581 determinatum
764 547 840 582 nctnin
858 547 939 582 bonnm
951 547 985 581 ah

136 598 186 644 ipso
199 599 379 645 praedefinitum.
392 599 420 634 At
433 597 492 633 nnete
505 597 574 632 metio
587 597 665 633 divina
677 597 745 633 istam
760 596 882 634 efficaciam
895 599 983 639 habeat,

136 652 165 687 de
178 651 220 687 hoc
233 661 261 687 ne
272 651 389 687 verbulum
402 650 491 698 quidem
504 649 557 685 dicit
573 649 607 695 (ci.
623 650 692 694 Ziqon
704 649 793 696 119615
807 649 843 687 173
850 651 876 697 s).
890 670 914 677 -·
927 653 945 696 1.
962 649 985 686 10

135 712 157 739 a.
173 704 195 740 t:
214 715 224 736 ι(
232 703 266 739 Ad
277 702 440 749 providentiam
453 702 553 737 divinam
566 710 612 737 non
622 702 718 747 pertinet
730 701 838 738 naturam
851 712 927 739 rerum
939 710 985 737 cor-

137 757 248 800 rumpere,
264 755 303 790 sed
317 763 410 790 servare.
427 754 491 789 Unde
505 753 582 789 omnia
594 754 667 789 movet
682 754 804 789 secundum
820 757 899 790 eorum
912 754 985 790 condi·

135 807 231 848 cionem,
246 806 280 841 ita
295 806 354 850 quod
369 814 394 840 111
409 806 484 840 causis
499 806 632 841 necessariis
648 814 688 851 per
700 805 821 842 motionem
838 806 938 842 divinam
953 815 985 842 se—

137 858 238 903 quuntur
255 857 345 893 effectus
365 866 390 892 ex
409 856 547 900 necessitate,
569 862 595 893 ex
615 857 690 893 causis
710 858 785 893 autern
805 859 984 904 continpentitus

136 910 262 954 sequuntur
275 909 365 945 effeetus
379 908 532 953 contingentes
547 909 605 952 Quia
617 909 687 954 igitur
700 909 828 958 veluntas
843 912 876 947 est
888 909 985 946 activum

135 961 273 1007 principium
289 969 335 996 non
351 961 523 997 determinatum
539 961 569 997 ad
585 970 663 1004 unum,
682 962 720 998 sed
735 961 891 999 indifferenter
907 972 930 999 se
946 964 985 998 ha-

137 1008 192 1049 hens
206 1013 236 1048 ad
248 1012 326 1057 multa,
342 1013 374 1048 sic
387 1014 446 1048 Deus
459 1013 532 1058 ipsam
543 1013 622 1056 movet,
639 1013 697 1058 quod
710 1023 756 1049 non
771 1023 795 1050 en
808 1015 941 1050 necessitate
956 1015 986 1051 nd

135 1073 209 1100 nnnrn
221 1064 354 1100 determinat
365 1065 402 1111 101.
417 1074 486 1110 supra
497 1065 528 1101 De
541 1067 584 1110 pot.
600 1074 619 1110 1.
632 1065 644 1101 3
656 1074 675 1101 a.
687 1065 699 1102 7
710 1067 740 1102 ad
752 1066 782 1110 133
795 1067 865 1111 Zipcn
877 1077 897 1113 p.
913 1066 984 1109 144ss;

138 1116 380 1161 Gnrripon-Laprnnpe,
397 1116 481 1159 d’Ates,
496 1117 592 1162 Synnnc,
609 1117 668 1153 hunc
684 1118 769 1154 textum
785 1120 805 1154 et
822 1118 906 1155 similes
923 1127 986 1165 expo-

135 1168 223 1212 nentes,
243 1177 350 1212 magnam
370 1168 544 1204 controversiain
563 1168 646 1205 habent
666 1170 692 1205 de
713 1170 850 1214 quaestione,
871 1171 986 1206 noveritne

129 1220 159 1255 S.
179 1220 275 1255 Thomas
292 1220 556 1265 praedeterminationem
572 1229 619 1256 non
634 1220 811 1264 necessitantem,
831 1222 857 1257 de
875 1231 920 1267 qua
936 1230 986 1257 con-

135 1271 248 1307 troversia
264 1272 290 1308 cf.
309 1271 435 1308 8010101111
452 1272 463 1308 1
481 1271 549 1318 [ieet]
568 1272 611 1316 6183
626 1274 639 1310 2
654 1272 722 1320 [1927]
742 1274 811 1320 eins),
830 1275 869 1310 sed
886 1273 986 1310 remanet

138 1323 212 1358 motus
231 1324 278 1358 eius
297 1323 428 1369 contingens
446 1324 467 1359 et
484 1333 531 1359 non
548 1326 694 1367 necessarius,
713 1325 758 1361 nisi
775 1325 800 1361 in
818 1326 860 1370 his,
881 1326 910 1362 ad
928 1335 986 1371 quae

136 1375 273 1411 naturaliter
285 1375 412 1411 movetur.»
426 1394 450 1401 —
462 1377 495 1412 Ad
506 1376 582 1413 obiect.
597 1375 620 1411 3:
636 1377 773 1423 impossihile
786 1387 835 1413 esse
848 1377 986 1414 voluntatem

136 1435 185 1461 non
196 1426 252 1462 velle
265 1426 312 1469 hoc,
327 1427 356 1462 ad
369 1428 427 1472 quod
440 1428 498 1464 Deus
511 1437 562 1464 eam
572 1429 666 1472 moveat,
681 1429 735 1473 quia
747 1430 871 1465 secundum
883 1431 923 1466 hec
937 1439 986 1475 ope-

137 1478 197 1513 ratio
215 1478 255 1514 Dei
273 1479 331 1514 esset
349 1478 456 1523 inefficax,
475 1480 601 1526 respondet,
620 1481 678 1516 sient
694 1480 837 1526 responderet
855 1483 999 1522 Molintstup

139 1530 182 1566 wSi
197 1531 256 1566 Deus
270 1530 343 1566 movet
357 1531 494 1567 voluntatem
509 1532 539 1568 ad
554 1532 645 1577 aliquid,
662 1533 798 1579 impossibile
814 1534 847 1570 est
862 1535 913 1570 hnic
929 1535 986 1580 pori-

137 1582 199 1625 fioni,
216 1583 275 1626 quod
286 1581 391 1619 voluntas
405 1584 434 1619 ad
447 1583 504 1619 iilud
517 1593 563 1620 non
574 1585 697 1628 moveatur,
710 1595 756 1621 non
769 1585 846 1622 tamen
860 1587 892 1622 est
905 1588 986 1633 impos-

136 1633 202 1670 sibile
220 1634 356 1679 simpliciter.
382 1635 446 1672 Unde
469 1644 516 1671 non
538 1636 646 1681 sequitur,
666 1637 725 1682 quod
742 1637 846 1673 voluntas
865 1649 879 1674 a
897 1640 941 1675 Deo
960 1648 986 1674 ex

138 1685 270 1721 necessitate
283 1686 425 1722 moveatur.»
439 1706 462 1712 -
476 1688 506 1724 Cf.
522 1697 541 1733 1.
557 1688 580 1726 15
590 1686 611 1724 a.
625 1689 643 1725 22
658 1708 682 1715 -
695 1689 711 1733 1,
727 1690 738 1726 2
752 1699 771 1734 q.
787 1689 822 1727 114
836 1699 855 1726 a.
871 1690 893 1727 9:
911 1703 921 1724 n
931 1691 986 1727 Cum

136 1736 204 1772 hemo
219 1738 353 1773 naturaliter
368 1739 450 1775 habeat
464 1739 560 1775 liberum
576 1741 693 1777 arbitrium
709 1741 804 1778 flexibile
821 1743 850 1778 ad
865 1743 948 1779 honum
965 1743 986 1778 et

137 1789 167 1824 ad
182 1789 274 1832 malum,
293 1790 410 1836 dupliciter
426 1790 499 1836 potest
515 1791 597 1838 aliquis
614 1794 804 1838 perseverantiam
821 1794 917 1830 inbono
932 1795 986 1830 ohti-

136 1849 191 1876 nere
207 1850 221 1877 a
237 1842 293 1879 Deo:
311 1851 357 1877 uno
373 1843 463 1887 quidem
479 1844 544 1880 modo
559 1853 599 1890 per
612 1845 660 1887 hoc,
679 1846 738 1891 quod
754 1846 850 1883 liberum
867 1847 986 1883 arbitrium

136 1892 300 1929 determinatur
315 1894 345 1929 ad
360 1895 444 1931 honum
457 1904 497 1941 per
513 1896 611 1941 gratiam
626 1898 811 1944 consummatam,
829 1899 888 1944 quod
904 1900 945 1935 erit
961 1900 1000 1935 in’

137 1944 218 1989 gloria3
234 1944 278 1980 aiio
293 1946 358 1981 modo
374 1955 399 1982 ex
415 1948 478 1992 parte
493 1949 598 1984 motionis
612 1948 707 1993 dinnao,
724 1959 780 1995 11111
796 1951 909 1988 hominem
924 1952 986 1987 ineli-

136 1997 178 2031 1101
194 1997 224 2031 ad
240 1997 324 2033 honum
341 2007 411 2043 usque
429 1999 459 2034 ad
475 1999 549 2036 finem.
559 2013 569 2033 n
589 2002 636 2037 Hoc
653 2000 701 2037 loco
720 2003 739 2039 S.
760 2003 857 2039 Thomas
876 2002 985 2039 efficacem

135 2047 307 2084 inclinationem
324 2050 353 2085 ad
368 2051 452 2086 honum
468 2061 508 2097 per
523 2052 643 2089 motionem
658 2054 758 2090 divinam
775 2055 867 2100 opponit
885 2056 985 2092 determi-

135 2100 225 2134 nationi
239 2100 367 2137 voluntatis.

137 2212 194 2253 ‘eea
230 2212 334 2260 Accedit,
352 2213 416 2263 quod
434 2213 457 2253 S.
475 2212 581 2252 Thomas
602 2212 652 2252 Dei
675 2211 826 2253 scientiam
849 2212 985 2265 futurorum

136 2274 328 2325 contingentium
348 2275 371 2316 et
392 2274 524 2315 liberorum
546 2274 617 2326 negat
638 2274 722 2315 haberi
743 2285 812 2326 posse
835 2287 864 2316 ex
887 2276 986 2318 decretis

138 2337 268 2379 voluntatis
281 2337 383 2378 divinae.
398 2338 431 2378 Ea
444 2337 524 2388 potius
535 2338 655 2389 principia
668 2337 756 2387 statuit,
771 2350 833 2390 quae
846 2338 921 2389 logice
934 2351 985 2381 evo-

135 2400 190 2442 luta
201 2400 292 2441 ducunt
303 2401 333 2441 ed
346 2400 468 2441 scientiam
480 2400 587 2446 mediam
599 2399 784 2451 Molinistarum,
800 2403 830 2443 ad
844 2402 985 2443 solutionem

138 2474 194 2505 vero
208 2463 383 2504 hennentonam
397 2462 472 2514 logice
488 2463 574 2505 ducere
590 2465 712 2514 nequeunt
729 2465 759 2516 (v.
777 2463 840 2506 inter
854 2464 914 2506 elios
928 2467 947 2506 P
964 2466 984 2506 ll

136 2538 163 2566 n.
177 2529 218 2567 240
233 2528 293 2567 2725
306 2528 355 2575 2763
370 2527 461 2578 Stnfter
476 2538 500 2577 p,
516 2527 649 2578 253—290).

199 2611 250 2646 Non
266 2619 374 2655 negamus
388 2608 489 2644 inveniri
513 2606 603 2643 textus
625 2606 751 2652 Aquinatis,
772 2608 810 2652 qui
830 2606 985 2643 difficulter

136 2662 319 2708 explicentur,
331 2660 463 2708 praesertim
476 2659 566 2704 quando
581 2660 607 2695 de
620 2659 775 2695 immutatione
790 2660 911 2695 voluntatis
927 2667 985 2696 crea-

137 2715 174 2750 tae
192 2722 231 2759 per
248 2714 319 2749 Deum
336 2713 431 2749 disserit.
452 2711 536 2748 Sufficit
553 2712 666 2748 monuisse
686 2709 812 2747 doctrinam
829 2711 986 2752 scholasticum

135 2765 251 2802 delibero
269 2765 360 2801 arbitrio
384 2774 414 2800 ex
435 2763 574 2800 elementis
598 2763 667 2806 satis
691 2761 914 2809 discrepantibus
938 2771 985 2798 esse

135 2817 261 2853 conflatam
281 2816 318 2861 (cf.
335 2816 473 2854 1151911111
486 2816 541 2852 nota
553 2815 579 2862 1).
602 2816 653 2851 lton
673 2816 706 2852 est
726 2816 816 2859 mirum,
839 2815 897 2860 quod
917 2815 985 2851 etiarn

139 2871 160 2906 S.
178 2869 280 2912 Thomas,
298 2869 355 2904 sicut
369 2869 551 2914 praedecessores
567 2869 621 2910 eius,
638 2868 763 2904 Alexander
777 2868 827 2904 Hui.
847 2868 868 2902 et
883 2867 985 2903 Alterius

138 2922 176 2964 M,
190 2930 256 2966 saepe
269 2920 334 2956 affert
346 2921 419 2956 textus
433 2919 541 2955 diuturna
553 2919 674 2956 traditione
688 2920 795 2962 sacratos,
808 2919 846 2964 qui
859 2928 910 2955 cum
924 2928 986 2955 aecu-

136 2973 187 3008 rato
199 2973 306 3018 conceptu
318 2971 427 3008 libertatis
439 2971 604 3008 indifferentiae
616 2980 697 3017 parum
710 2970 839 3007 consonant.
855 2972 889 3008 Sic
903 2970 986 3015 aliquo-
