2214 3350
147 121 194 175 '332
238 144 240 147 ’
278 139 332 176 Sect.
346 139 385 175 ΠΙ.
399 139 443 174 Art.
458 139 486 173 ΙΙ.
499 139 530 173 De
543 137 608 172 donis
619 138 645 172 in
655 133 812 172 iustificatione
826 135 885 171 datis

157 248 226 283 Cuius
244 247 296 283 doni
314 246 398 283 natura
416 248 436 282 et
453 246 486 280 vis
504 254 547 290 quo
565 244 676 281 illustrius
694 243 776 289 pateat,
796 252 900 278 revocare
918 243 1006 287 oportet

157 309 189 340 ea,
210 308 267 343 quae
285 299 310 333 in
328 298 411 344 divinis
425 298 509 343 litteris
527 297 614 333 tradita
633 296 691 332 sacri
710 295 809 331 doctores
829 295 1004 341 explicaverunt,

155 352 227 387 Deum
243 350 346 386 videlicet
365 351 441 386 adesse
460 350 525 384 rebar
545 348 648 384 omnibus
666 348 691 382 in
710 347 784 392 eisque
803 355 850 381 esse
870 356 910 391 per
928 346 1004 391 poten-

156 402 222 437 tiam.
233 430 237 437 .
247 430 252 437 .
262 430 266 439 ,
278 411 318 447 per
327 401 488 446 praesentiam.
498 428 502 435 .
513 428 532 442 .‚
545 400 754 446 per-essentiam
770 398 853 445 (Thom.
865 400 887 435 S.
902 399 931 433 th.
945 397 1006 442 ias

156 464 176 490 a.
193 454 221 500 3).
238 454 267 490 At
281 463 333 489 vero
349 453 373 489 in
389 452 476 489 homine
493 452 526 487 est
541 453 601 487 Deus
616 461 662 487 non
677 450 831 486 tantummodo
847 451 872 486 ut
887 451 913 485 in
928 450 1001 491 rebus,

155 506 195 541 sed
207 514 233 541 eo
245 505 342 551 amplius
355 504 493 549 capnoscitar
505 504 533 539 ab
545 504 595 549 ipso
608 504 629 539 et
642 500 754 547 ditipitur.
764 530 768 538 .
778 530 796 538 ..
811 501 932 538 Praeterea
943 502 1005 537 Deus

156 567 181 593 ec
195 558 269 601 pratia
281 557 363 592 insidet
376 557 464 593 animae
477 555 550 591 iustae
564 556 680 600 tamquam
693 554 717 589 ia
732 554 818 599 tempto,
833 554 898 589 modo
912 553 1005 598 penitus>

155 609 236 644 intimo
249 609 269 645 et
281 608 399 653 singular13
412 617 437 643 ex
450 616 493 651 quo
506 607 575 643 etiam
587 606 687 652 sequitur
701 615 727 641 ea
740 605 879 641 necessitudo
893 605 1001 647 caritatis,

155 670 200 705 qua
213 662 259 696 Deo
272 660 378 696 adhaeret
391 659 468 695 anima
481 658 669 701 coniunctissime,
684 657 735 703 plus
750 667 817 703 quam
831 658 902 692 amico
916 657 1004 692 amicas

154 712 226 758 possit
239 711 376 748 benevolenti
389 711 484 746 maxime
498 711 519 746 et
533 710 618 754 dilecto,
633 718 702 754 eoque
715 708 779 754 plene
793 709 935 754 suaviterque
948 708 1003 743 frui-

154 765 196 799 tur.
214 764 275 799 Haec
297 763 372 798 autem
392 762 451 797 mira
472 761 606 804 coniunctio,
624 770 681 806 quae
698 770 738 796 suo
754 761 843 796 nomine
865 760 1004 797 inhabitatio

155 815 243 858 dicitur,
257 814 385 851 condicione
397 814 486 849 tantum
498 823 538 849 seu
550 813 611 848 statu
623 815 651 849 ab
664 823 691 849 ea
704 813 839 859 discrepans,
854 822 899 858 qua
912 812 1001 848 caelites

154 868 213 903 Deus
235 867 321 902 beando
343 865 501 911 complectitur,
523 864 614 900 tametsi
635 865 751 901 verissime
773 864 866 901 efficitur
888 865 1002 910 praesenti

155 919 222 953 totius
239 918 354 953 Trinitatis
370 917 473 964 numine,
484 944 487 952 .
497 916 546 961 .=(Io
563 916 592 959 14,
601 915 641 962 23),
659 916 759 952 attamen
775 917 801 952 de
817 916 904 960 Spiritu
919 917 1004 952 Sancto

153 970 270 1014 tamquam
280 968 401 1014 peculiaris
413 969 561 1014 praedicatur.
577 968 703 1013 Siquidem.
713 995 717 1003 .
727 995 746 1004 ..
762 968 868 1012 caritatis,
884 977 941 1012 quae
953 976 1004 1013 pro-

152 1022 204 1067 pria
218 1021 314 1067 Spiritus
327 1020 397 1056 veluti
411 1021 465 1055 nota
479 1021 518 1064 est,
534 1020 593 1056 alius
607 1029 672 1056 nemo
686 1020 731 1055 nisi
745 1021 818 1056 iustus
833 1021 866 1055 est
880 1020 998 1066 particeps.

153 1073 224 1117 Atque
243 1073 299 1108 illud
318 1081 369 1107 cum
387 1082 411 1108 re
430 1071 533 1108 cohaeret
553 1072 648 1108 eundem
667 1071 776 1118 Spiritum
795 1071 909 1107 nominari
934 1071 1004 1107 Sanc-

154 1126 212 1159 tam.
223 1152 241 1159 ..
259 1124 397 1169 Quapropter
410 1123 535 1169 Apostolus,
551 1132 620 1168 quum
634 1124 705 1158 iustos
720 1123 818 1169 appellat
831 1122 939 1168 templum
953 1123 1001 1163 Dei,

152 1176 221 1211 tales.
231 1203 250 1212 ..
263 1175 366 1221 appellat.
376 1203 395 1212 ..
410 1175 505 1221 Spiritus
515 1175 605 1211 Sancti.
615 1203 619 1211 .
629 1203 634 1211 .
649 1176 668 1221 (1
679 1176 722 1211 *Cor
732 1176 750 1219 6,
764 1174 800 1221 19).
808 1189 819 1208 η
830 1194 853 1199 -
862 1176 880 1211 4.
895 1174 1001 1209 «inhabi-

152 1228 238 1264 tantem
252 1228 276 1263 in
291 1227 374 1263 animis
387 1227 431 1273 piis
447 1226 555 1272 Spiritum
571 1227 678 1263 Sanctum
693 1227 783 1262 ubertas
797 1235 917 1262 munerum
933 1226 1002 1262 caele·

153 1280 222 1315 stium
237 1279 314 1314 multis
330 1279 402 1314 modis
418 1279 579 1323 consequitur»
598 1277 619 1325 (l.
638 1289 655 1314 c.
673 1288 694 1324 p.
712 1277 822 1324 651-653).
847 1279 931 1321 Quibus
949 1288 1000 1314 enu-

152 1330 245 1366 meratis
262 1330 372 1375 practicus
390 1331 494 1367 Summus
511 1330 614 1366 Pontifex
632 1330 733 1375 sequetas
751 1331 859 1375 adiungit.
881 1331 1005 1377 Speciatim

152 1382 240 1418 ratione
252 1382 423 1418 inhabitationis
436 1382 500 1417 affert
512 1382 599 1417 monita
611 1382 722 1428 Apostoli:
737 1382 786 1428 Eph
798 1382 816 1426 4,
830 1381 854 1418 30
867 1383 888 1418 et
902 1382 912 1418 1
926 1382 968 1418 Cor
980 1383 1000 1424 3,

154 1433 177 1470 16
184 1443 200 1469 s.
222 1434 338 1478 «Indigna
356 1433 432 1469 omnia
450 1433 573 1478 defugere»
593 1435 614 1469 et
634 1434 714 1469 «omni
732 1434 840 1469 virtutum
858 1433 925 1470 laude
944 1434 1001 1469 chri-

151 1486 239 1520 stianus
254 1486 319 1520 bomo
333 1485 404 1521 nitere
418 1485 487 1527 dehet,
504 1485 528 1520 ut
542 1484 625 1530 hospiti
640 1486 783 1531 tammagno
797 1485 887 1530 tamque
902 1487 1006 1530 benigno*

150 1536 245 1582 placeat,
259 1536 392 1572 castimonia
404 1537 515 1582 imprimis
529 1537 550 1573 et
563 1537 721 1580 sanctitudine;
737 1538 798 1573 casta
811 1538 872 1573 enim
885 1538 907 1573 et
920 1539 999 1573 sancta

151 1589 260 1624 addocent
272 1587 378 1633 templum
388 1602 398 1621 ii
415 1591 442 1634 (p.
458 1587 509 1634 656).
523 1608 548 1613 —
561 1589 591 1624 Cf.
609 1589 731 1632 cavallera,
747 1590 874 1626 Thesaurus
888 1599 909 1625 n.
925 1588 1003 1627 stass:

150 1706 205 1748 447.
232 1705 339 1753 Litargia.
355 1708 382 1743 In
399 1707 499 1751 hymnis:
528 1707 657 1744 «Altissimi
674 1709 758 1744 donum
775 1708 815 1744 Dei
823 1722 833 1742 »
858 1711 880 1745 et
905 1708 1002 1745 «Dulcis

150 1758 231 1804 hospes
245 1759 333 1794 animae
342 1770 359 1794 υ.
374 1779 397 1784 -
408 1759 457 1794 Fer.
472 1760 484 1794 i
497 1761 547 1804 post
559 1759 647 1795 Pentec.
663 1760 735 1795 oratio
749 1760 831 1798 altera:
849 1772 873 1796 α.
883 1788 887 1796 .
898 1761 937 1797 ,ut
951 1762 998 1806 Spi-

149 1810 207 1845 ritus
222 1810 316 1845 Sanctus
330 1810 450 1845 adveniens
463 1810 571 1856 templum
584 1819 624 1847 nos
637 1811 722 1856 gloriae
736 1820 789 1848 suae
803 1812 923 1856 dignanter
935 1811 999 1848 inha-

143 1861 243 1897 bitando
259 1860 384 1906 perficiat».
401 1881 425 1887 -
439 1861 504 1899 Sahb.
523 1865 573 1908 post
589 1862 676 1900 Pentec.
695 1863 813 1901 introitus:
835 1864 942 1900 «Caritas
959 1864 999 1900 Dei

151 1912 235 1948 diflusa
250 1912 282 1948 est
296 1912 321 1947 in
335 1913 438 1948 cordibus
454 1914 536 1949 nostris
551 1923 591 1959 per
605 1914 770 1950 inhabitantem
787 1914 895 1961 Spiritum
911 1917 959 1951 eius
974 1916 999 1951 in

150 1963 242 1999 nohis.»
268 1964 344 2000 Oratio
367 1965 453 2010 prima:
482 1965 613 2001 «Mentibus
632 1965 722 2007 nostris,
744 1974 879 2011 quaesumus
897 1966 997 2009 Domine,

151 2016 260 2061 Spiritum
274 2017 381 2053 Sanctum
394 2017 504 2061 benignus
518 2017 639 2053 infundat
654 2037 678 2042 -
691 2017 722 2053 Cf.
740 2018 808 2053 ritum
822 2018 1000 2054 confirmationis

149 2069 170 2103 et
186 2067 341 2104 ordinationis.
830 2063 833 2069 ⁴

148 2189 204 2229 448.
243 2189 273 2229 11.
287 2188 416 2241 Scriptura.
430 2188 522 2230 Dicitur
531 2188 639 2240 Spiritus
651 2173 751 2231 Sanctus
763 2191 824 2231 dari
836 2191 912 2240 nobis,
926 2191 1000 2242 idque

149 2252 175 2291 in
188 2252 335 2299 cordibus;
350 2253 376 2291 in
389 2252 477 2303 quihus
490 2253 585 2293 manet
597 2253 646 2294 sive
661 2253 726 2294 utin
741 2265 782 2294 suo
796 2254 902 2304 templo
916 2254 997 2295 inha-

93 2319 96 2322 “
148 2314 234 2361 bitat,
250 2315 277 2355 ut
291 2315 367 2355 simus
382 2314 519 2364 templum
535 2316 692 2357 DeiEtiam
707 2316 791 2358 Pater
805 2318 829 2358 et
843 2317 937 2359 Filius
952 2330 998 2357 ve·
1070 2319 1071 2322 ’

149 2377 234 2417 niunt
249 2377 272 2418 et
286 2377 463 2419 inhabitant.

219 2471 238 2508 i.
252 2468 275 2509 S.
289 2467 385 2510 Paulus.
398 2469 458 2515 Rom
471 2468 492 2518 5,
507 2469 521 2510 5
536 2469 727 2521 [explicationem
739 2484 761 2511 v.
775 2482 797 2510 n.
812 2471 875 2522 382):
892 2471 999 2522 Spiritus

149 2530 251 2571 Sanctus
265 2532 333 2570 datas
347 2532 382 2573 est
395 2532 471 2579 nobis,
487 2544 533 2583 quo
548 2530 610 2591 dono
624 2534 688 2573 Deus
703 2544 771 2574 suam
785 2544 840 2583 erga
855 2544 899 2574 nos
912 2533 995 2582 carita-

148 2594 196 2635 tem
215 2594 321 2634 ‹cetiudit
335 2595 362 2633 ia
378 2595 489 2635 cordibus
506 2593 594 2646 nostris
601 2609 621 2644 »3
640 2606 697 2646 ergo
710 2595 802 2637 interne
820 2595 890 2637 datus
906 2596 947 2637 est.
965 2622 998 2627 —

148 2658 170 2705 8,
186 2658 272 2699 8-llt
287 2657 351 2706 «Qui
364 2658 442 2699 autem
456 2658 565 2699 incarne
579 2658 641 2708 sunt,
656 2660 705 2699 Deo
718 2658 810 2709 placere
824 2669 873 2699 non
887 2659 994 2709 possunt.

147 2723 195 2762 Vos
207 2721 287 2761 autern
300 2721 325 2759 in
338 2731 407 2761 carne
420 2732 467 2761 non
480 2721 543 2769 estis,
559 2722 636 2762 sedin
649 2721 748 2771 spiritu:
765 2723 784 2762 si
798 2722 878 2763 tamen
891 2722 997 2772 Spiritus

147 2786 190 2826 Dei
201 2784 331 2841 habitatin
342 2785 416 2825 vohis.
430 2784 456 2825 Si
467 2785 521 2835 quis
533 2785 613 2825 autem
625 2784 744 2834 Spiritum
756 2784 843 2826 Christi
855 2785 995 2835 nonhabet,

147 2848 186 2889 hic
199 2858 248 2888 non
259 2847 294 2888 est
305 2846 363 2887 eius.
379 2878 398 2886 ..
410 2847 491 2895 ¹Quod
505 2848 524 2886 si
537 2846 642 2898 Spiritus
654 2848 712 2897 eius,
727 2848 768 2899 qui
781 2847 904 2889 suscitavit
916 2849 1002 2889 lesum

147 2923 162 2952 a
177 2911 285 2959 mortuis,
304 2911 437 2951 habitatin
454 2911 529 2959 vobis,
547 2911 588 2962 qui
606 2910 729 2952 suscitavit
745 2913 823 2952 lesum
842 2910 964 2952 Christum
981 2924 996 2953 a
