2214 3350
267 232 268 235 ’
324 231 436 271 scholium
452 230 468 268 1.
486 231 518 266 De
533 227 605 265 salute
619 225 744 263 infidelium
921 222 956 261 519

111 345 166 387 699.
202 341 332 384 Historiam
346 341 420 382 huius
434 336 588 390 quaestionis
605 347 618 376 a
635 334 742 386 Gape'rcn
756 333 809 374 tuse
824 331 956 384 expositam

110 409 146 449 Le
159 405 294 447 Baohelet
307 406 324 446 1.
340 416 360 446 c.
375 401 479 445 breviter
493 398 617 442 contraxit.
633 398 730 438 -Iam
745 395 856 438 Patribus
871 395 955 436 eadem

110 469 237 513 difficultas
254 480 268 509 a
286 467 415 520 gentilibus
437 463 593 507 obiciebatur.
621 460 660 502 Sic
676 459 813 511 Deopmtius
832 457 956 510 presbyter

6 522 32 562 ⁸1?
110 531 308 583 carthaginiensis
324 531 347 571 S.
364 527 524 580 Augustino
540 522 674 567 transmisit
688 534 729 564 sex
744 520 894 572 quaestiones
909 519 955 562 sibi

110 597 139 638 ab
152 594 246 636 infideli
258 593 397 646 propositas,
411 602 514 644 quarum
526 589 631 631 secunda
642 588 701 628 haec
713 586 771 627 fuit:
789 584 834 625 «Si
847 583 955 626 Christus

110 658 193 700 salutis
211 657 276 698 viam
292 656 408 704 dicit...‚
429 655 488 706 quid
504 652 605 704 egerunt
623 651 658 692 tot
677 647 826 690 saeculorum
845 646 955 687 homines

110 722 165 763 ante
176 720 325 762 Christum‘l.
336 751 355 759 ..
371 719 448 768 Quare
461 716 577 765 Salvator,
592 715 634 767 qui
648 712 727 755 dictus
739 711 781 760 est,
797 721 846 753 sese
859 709 895 751 tet
907 720 955 750 sae:

109 784 170 826 culis
187 782 358 824 subduxitl...
380 781 441 831 Quid
460 780 535 832 igitur
554 778 633 821 actum
653 778 682 818 de
702 774 810 816 romanis
828 772 955 814 animabus

108 847 146 889 vel
164 846 253 896 latinis,
270 857 331 896 quae
349 845 425 896 gratia
443 844 551 884 nondum
570 840 719 882 advenientis
737 838 825 880 Christi
842 835 955 878 viduatae

104 909 165 952 bunt
178 920 254 960 usque
270 908 296 948 in
313 908 439 949 Caesarum
456 906 564 955 ternpus?
572 918 582 938 11
602 903 685 956 (Epist.
703 906 744 943 102
760 914 783 953 q.
801 904 815 943 2
831 912 855 942 n.
874 900 906 951 8).
923 923 955 929 -

108 974 226 1024 Tempora
243 970 372 1013 christiana
388 969 500 1011 Patribus
515 979 564 1008 non
580 966 728 1007 facessebant
744 964 836 1006 tantam
854 961 954 1004 difficul-

108 1035 188 1083 tatem3
207 1033 368 1085 opinabantur
382 1032 447 1073 enim
466 1023 617 1082 evangelium
636 1028 776 1069 brevissimo
796 1026 903 1077 tempore
921 1026 952 1067 ab

108 1097 221 1149 apostolis
231 1108 274 1148 per
285 1096 361 1137 tntum
372 1095 455 1136 orbem
467 1094 585 1135 terrarum
598 1090 748 1141 divulgatum
760 1101 811 1132 esse
818 1090 835 1130 ².
848 1112 880 1119 -
891 1087 954 1130 Ante

107 1160 294 1201 incarnationem
310 1170 339 1199 ex
353 1157 453 1198 Petrum
467 1155 584 1197 sententia
608 1154 714 1208 orloyog
735 1164 819 1194 omnes
834 1152 951 1200 homines,

89 1223 179 1273 ‚etiam
199 1221 265 1263 extra
285 1219 425 1271 religionem
445 1218 581 1266 revelatam,
603 1215 757 1257 illuminavit.
776 1217 850 1256 Porro
871 1213 953 1264 gentes

107 1284 243 1325 habuerunt
254 1283 365 1333 ,staplas
380 1280 441 1321 sicut
452 1280 534 1321 Iudaei
546 1278 697 1330 prophetas².
711 1304 742 1310 ψ
754 1278 862 1319 Clemens
875 1277 951 1325 Alea,

108 1348 228 1397 Oripcnes,
247 1345 374 1396 Grcpom'us
391 1343 457 1392 Nea,
476 1341 587 1383 nonnulli
604 1341 646 1382 alii
661 1341 751 1381 Patresv
760 1338 840 1391 praeci
856 1339 953 1390 putave-

107 1409 164 1451 runt
176 1407 305 1456 Christum,
317 1419 372 1448 curn
386 1405 546 1447 descendisset
558 1405 588 1445 ad
600 1405 698 1453 interos,
713 1402 869 1454 spiritibus
881 1412 954 1443 rnor-

107 1472 220 1514 tuorum
233 1469 415 1521 praedicasse
430 1467 552 1509 salutern
567 1467 606 1519 (ci.
621 1470 633 1508 1
647 1465 703 1507 Petr
715 1469 735 1515 3,
751 1467 786 1519 19)
801 1476 896 1515 eosque,
911 1464 952 1515 qui

107 1535 163 1575 tuno
178 1534 253 1575 tidem
268 1531 433 1584 suscepissent,
449 1541 500 1572 esse
517 1530 625 1571 salvatos.
643 1528 709 1570 Hanc
725 1528 864 1579 opinionem
880 1528 954 1579 Chry.

106 1603 223 1637 sostomus
237 1595 325 1645 reiecit,
340 1595 418 1636 eidem
432 1594 535 1645 (tyrillus
550 1594 616 1634 Alea.
631 1593 655 1634 et
667 1593 789 1633 Mammas
805 1592 872 1643 Gens.
890 1592 953 1633 iave-

106 1659 170 1701 bant.
194 1658 334 1699 Anastasius
356 1657 457 1705 ,Sinoria
482 1655 691 1703 Ps-Damascerms,
718 1654 875 1695 oecumenius
899 1666 952 1696 eam
975 1695 977 1702 ,

105 1722 183 1773 quoad
198 1720 310 1762 meliores
324 1719 407 1761 saltem
421 1718 522 1769 gentiles
535 1717 692 1760 admiserunt.
709 1719 736 1758 In
751 1718 872 1759 occidente
888 1717 952 1758 Hila-

105 1785 156 1825 rius
172 1784 195 1826 et
210 1783 384 1824 Ambrosiaster
401 1782 490 1823 similia
505 1781 644 1823 sentiebant.
662 1781 806 1822 Philotimus
820 1781 951 1822 Bririemis

106 1846 185 1888 autem
200 1847 271 1887 istam
285 1845 423 1897 opinionem
437 1844 499 1885 inter
514 1844 623 1885 haereses
637 1845 748 1885 recenset.
766 1844 914 1895 Accusamus
928 1843 952 1885 et

106 1909 232 1960 creporrus
240 1910 273 1949 M.
281 1919 335 1949 eam
341 1919 439 1959 prorsus
445 1907 583 1958 explodunt.
592 1908 643 1948 Iam
661 1906 704 1947 diu
710 1906 741 1947 ab
746 1906 861 1947 omnibus
868 1907 952 1947 Catho-

105 1972 158 2013 licis
168 1970 308 2013 derelicta
318 1970 359 2012 est.
370 1970 485 2011 Hodierni
496 1969 656 2011 Proiestantes
667 1980 720 2010 eam
731 1968 854 2010 interdum
866 1980 951 2020 propo-

105 2035 172 2075 nunt.
184 2059 216 2065 —
228 2033 365 2075 Secundum
377 2032 572 2083 chrysostomum
584 2032 621 2081 iis,
635 2033 676 2084 qui
690 2031 811 2073 Christum
824 2032 949 2073 invincibi-

105 2190 161 2227 chen
171 2190 303 2227 Ratsehluss
312 2190 350 2226 der
362 2189 510 2235 allgemeinen
520 2189 631 2234 ariesung
643 2190 682 2226 des
693 2188 951 2233 Mensohengeschlechts

104 2236 291 2272 unverbriichlich
306 2236 397 2273 testhailt
410 2236 458 2272 und
473 2236 538 2272 dabei
553 2236 594 2272 mit
610 2237 660 2272 dem
675 2236 796 2273 Gedanken
811 2237 858 2273 sich
874 2246 902 2272 zu
915 2237 951 2272 be-

105 2282 215 2318 ireunden
234 2291 336 2326 vermag:
358 2283 411 2318 Jene
432 2282 549 2318 Millionen
565 2283 612 2319 und
632 2281 747 2318 Millionen
767 2282 894 2325 Menschen,
916 2283 951 2319 die

104 2327 144 2363 der
152 2329 306 2373 Oitenbarung
317 2328 440 2364 ausserlich
450 2328 530 2364 immer
540 2328 590 2364 farn
600 2327 715 2373 gehlieben
724 2329 773 2370 und
784 2338 807 2364 so
819 2329 853 2365 als
864 2329 950 2365 Heiden

104 2373 222 2416 gestorben
237 2374 299 2416 sind,
312 2373 414 2410 befinden
427 2374 476 2409 sich
490 2374 545 2418 jetzt
560 2373 717 2410 ausnahmslos
733 2376 758 2410 in
775 2376 818 2410 den
833 2375 950 2410 Flammen

105 2420 144 2454 der
158 2419 251 2456 Holle‘l»
266 2439 291 2445 —
304 2420 407 2456 Schanz
423 2419 436 2455 l.
455 2428 486 2455 c.:
507 2420 555 2455 «Es
570 2420 600 2456 ist
616 2420 641 2455 in
657 2421 695 2456 der
712 2419 805 2456 Tartar
821 2421 857 2456 die
873 2419 951 2464 Apolo-

104 2465 164 2508 getik
176 2465 354 2510 unumganglieh
366 2465 500 2510 notwendig,
515 2466 558 2501 den
570 2465 634 2501 Kreis
647 2466 686 2501 der
698 2465 824 2502 Geretteten
836 2467 888 2501 weit
902 2474 951 2501 aus-

103 2511 220 2592 {melium
232 2512 280 2547 und
293 2511 409 2547 Millionen
422 2511 554 2548 ausserhalb
568 2512 607 2548 des
619 2510 783 2548 *Christentums
798 2512 864 2547 datin
877 2512 950 2548 einzu-
971 2545 972 2548 ,

119 2565 162 2592 eme
179 2565 213 2593 en.
223 2569 234 2590 n

150 2650 152 2653 -
165 2626 172 2647 1
186 2626 207 2661 S.
221 2625 390 2669 Augustinus
402 2625 540 2671 Heraclitum
552 2625 679 2671 episcopum
693 2625 846 2662 salonitanum
858 2626 882 2663 id
893 2626 951 2663 affir-

102 2672 202 2707 mantem
225 2671 298 2708 11119
319 2670 421 2708 dedocuit
442 2672 618 2708 innumerabiles
635 2681 683 2708 esse
700 2672 724 2707 in
740 2671 816 2709 Africa
839 2674 949 2709 barbaras

103 2716 186 2760 gentes,
198 2717 279 2762 quibus
289 2718 389 2753 nondum
398 2717 553 2763 praedicatum
563 2719 592 2754 sit
603 2716 750 2762 evangelium
760 2728 780 2755 v.
792 2718 862 2764 Epist.
875 2719 910 2756 197
920 2721 950 2757 ad

105 2761 146 2815 199ς
168 2763 265 2816 manime
277 2764 344 2808 Epist.
359 2763 394 2800 199
407 2765 447 2809 (De
458 2763 502 2800 fine
515 2764 606 2810 saeculi)
621 2763 650 2809 12,
663 2764 692 2801 16.
707 2766 730 2801 Α.
744 2765 781 2803 115
794 2765 872 2802 dehac
885 2775 950 2811 quae-

78 2835 80 2838 .
104 2808 174 2844 stione
190 2809 256 2844 ahter
273 2809 384 2847 senserat:
406 2821 416 2841 (ι
425 2810 475 2845 Non
492 2811 572 2846 desunt
590 2811 663 2846 adhuc
679 2810 773 2848 ultimae
790 2811 874 2856 gentes,
890 2812 948 2854 licet,

103 2853 128 2887 ut
143 2854 279 2899 perhibetur,
296 2855 489 2900 paucissimae,
509 2857 589 2900 quibus
605 2857 646 2892 hoc
662 2857 763 2893 nondum
779 2858 847 2894 tuerit
863 2857 949 2904 praedi-

104 2900 197 2935 catum»
215 2901 253 2946 (De
267 2902 312 2937 not.
330 2902 351 2936 et
364 2910 395 2945 pr.
411 2901 430 2943 2,
444 2901 457 2937 2
472 2901 524 2947 [ML
537 2902 567 2946 11,
582 2901 646 2949 mn.

165 2968 246 3011 ²Qnid
262 2968 341 3005 Patres
358 2969 378 3004 et
396 2968 528 3006 scholastici
552 2972 577 3007 de
601 2969 692 3016 Sibyllis
715 2972 831 3016 senserint,
856 2982 875 3009 v.
894 2973 949 3009 Karl

103 3011 196 3049 Pm'mm
212 3013 346 3058 (Scholastik
360 3015 389 3051 IV
405 3013 478 3061 [1929]Ι
489 3015 543 3052 5455
557 3016 593 3053 221
601 3017 638 3062 ss).
