2214 3350
136 229 173 267 526
343 230 397 267 Sect.
416 230 451 266 VI.
470 232 501 267 De
519 230 674 267 distributione
689 229 776 275 gratiae

136 331 239 388 lapsario
258 337 340 388 aliqui,
361 338 410 379 scil.
431 338 509 389 angeli
528 338 593 388 boni,
616 350 699 389 reapse
722 345 905 390 perseverarunt
929 339 984 378 sine

137 400 232 441 auritio·
250 413 304 452 qao,
328 401 353 441 S.
372 401 485 453 Alto-risus
502 403 546 443 hoe
563 401 679 452 explicare
703 402 782 452 posset
804 413 833 442 ex
856 413 891 451 eo,
917 401 980 452 quod

136 464 218 504 omnia
232 475 303 514 opera
318 463 344 504 in
359 465 404 505 hoc
418 465 500 505 ordine
516 465 606 505 inerint
618 463 706 512 facilia
723 466 763 505 sed
779 466 897 514 quomodo
912 464 984 505 Moli·
1000 460 1002 463 ’

136 526 199 567 nista
214 527 238 566 id
252 538 309 567 eum
323 538 365 568 suo
381 527 505 579 systemate
520 526 645 567 conciliare
659 526 741 578 possit,
757 538 804 567 non
819 527 896 568 video.

197 624 334 660 Lahousse
347 618 514 670 explicationem
527 625 562 659 sat
573 618 655 659 miram
667 624 782 669 proponit:
799 623 894 660 «Gratia
900 624 983 659 Adami.

136 676 260 722 concipitur
279 677 306 712 ab
324 675 447 720 Augustino
466 675 628 720 praecedere
646 684 714 710 usum
732 676 837 711 scientiae
854 676 940 713 mediae
959 676 983 713 et,

136 727 226 763 tantum
239 728 327 763 decerni
340 727 481 773 praelucente
493 727 588 763 scientia
601 727 709 773 simplicis
723 727 895 772 intellegentiae5
911 738 981 773 quare

137 788 183 814 non
199 778 501 825 praevidetur·infallibiliter
518 779 633 824 iungenda
649 788 700 814 cum
716 778 800 822 effectu,
819 779 917 824 adeoque
934 789 981 815 non

138 831 205 866 datur
219 831 270 866 actu
282 830 343 872 velle,
352 831 398 866 ⁴sed
413 839 476 876 posse
491 831 547 866 bene
562 832 640 874 tacere,
656 840 722 876 posse
736 840 782 866 non
795 840 887 876 peccare
902 832 941 867 etc.
957 850 984 857 -

138 882 220 918 Contra
232 881 305 926 gratia
319 882 537 927 praedestinatorum
551 882 674 928 coneipitur
689 883 816 927 subsequi
830 893 897 919 usum
911 884 983 919 scien-

136 933 181 969 tiae
195 934 287 983 mediam
301 942 370 977 quare
383 934 542 978 praevidentur
556 935 724 979 coniungendae
741 935 791 980 [sie]
808 945 859 970 cum
874 936 957 971 effectu.
967 948 979 967 a

138 985 172 1021 Sic
187 986 245 1020 Deus
261 997 271 1017 α
280 985 337 1021 reete
353 985 460 1021 asseritur
475 986 575 1022 conferre
590 985 675 1021 homini
689 987 763 1032 ipsum
777 987 839 1032 velle,
856 996 902 1023 non
915 996 983 1033 posse

136 1045 282 1082 peccare...‚
301 1045 346 1071 non
364 1045 429 1082 posse
447 1037 511 1076 mori,
530 1047 576 1072 non
593 1047 657 1083 posse
677 1038 776 1075 deserere
795 1038 855 1074 etc.»
878 1041 905 1086 (p.
927 1038 978 1083 501).

137 1102 148 1121 a
157 1090 180 1125 Si
190 1089 310 1134 quaeritur,
323 1099 369 1125 cur
379 1091 437 1125 Deus
449 1089 588 1135 concipiatur
597 1091 625 1125 ab
636 1090 761 1135 Augustino
771 1100 826 1126 usus
838 1100 885 1127 esse
896 1090 983 1136 duplici

135 1141 180 1176 ista
195 1141 327 1184 oeconomia,
343 1141 461 1186 respondet
475 1140 523 1187 ipse
537 1141 647 1177 rationem
661 1151 716 1184 esse,
731 1143 756 1177 ut
770 1142 833 1188 prius
847 1143 979 1183 ostenderet·

136 1193 190 1237 quid
207 1193 280 1238 posset
296 1193 393 1228 liberum
410 1193 534 1235 arbitrium,
554 1193 632 1229 deinde
651 1194 705 1238 quid
723 1195 796 1239 posset
812 1194 899 1239 gratiae
916 1197 983 1231 bene-

135 1244 212 1287 ficium
230 1245 270 1290 [De
287 1253 341 1279 corr,
360 1247 380 1280 et
394 1247 448 1289 prat.
467 1244 496 1288 10,
514 1245 590 1290 271.»
608 1245 658 1281 Alia
674 1244 747 1282 adhuc
763 1246 820 1281 ratio
836 1246 908 1291 potest
924 1254 980 1289 esse,

136 1296 190 1340 quia
203 1297 261 1331 Deus
276 1305 342 1341 saepe
356 1306 397 1341 per
410 1296 741 1342 antliropomorphismum
756 1297 870 1333 exhibetur
885 1306 980 1343 operans

136 1348 166 1383 ad
181 1348 253 1383 instar
269 1347 372 1389 hominis.
390 1350 459 1385 Porro
473 1349 557 1385 Adamo
574 1349 686 1395 praestitit
702 1349 786 1385 auxilia
803 1349 934 1386 sufficientia
950 1351 982 1386 ad

136 1400 275 1436 retinendam
293 1400 405 1436 iustitiam
424 1400 563 1444 originalem,
583 1401 671 1436 exitus
688 1400 790 1437 teteilit
809 1410 891 1446 spem;
911 1410 981 1446 quare

136 1452 244 1487 cautius
259 1453 386 1497 deinceps
400 1461 469 1496 agens
482 1453 530 1487 iam
542 1461 588 1487 non
602 1452 700 1488 decernit
714 1453 767 1488 dare
780 1453 866 1497 gratias
880 1455 924 1489 nisi
938 1456 982 1490 sub

136 1504 275 1549 praevisione
290 1503 445 1539 condicionata
457 1513 512 1539 usus
526 1503 669 1548 gratiarum»
688 1505 715 1550 (p.
732 1504 782 1550 502).
798 1525 822 1531 —
835 1505 893 1550 Ergo
907 1506 980 1550 Augu-

136 1556 209 1590 stinus
224 1556 281 1591 serio
297 1555 395 1597 studens,
414 1556 438 1590 ut
453 1556 569 1591 monachis
585 1556 749 1592 hadrumetinis
766 1557 910 1601 gravissimas
926 1557 982 1593 diffi-

136 1606 229 1643 cultates
248 1606 347 1652 solveret,
368 1607 397 1642 ad
414 1607 533 1652 indignum
556 1608 676 1652 refugisset
701 1608 979 1655 anthropomorphismuml

136 1742 190 1782 661.
226 1741 256 1782 II.
273 1742 300 1781 In
314 1741 396 1782 ordine
410 1740 579 1792 iniralapsario
592 1740 698 1792 quaestio
713 1740 822 1791 specialis
834 1739 981 1790 agitaturde

135 1804 238 1857 parvulis
249 1803 411 1845 morientibus
424 1804 458 1844 De
469 1816 518 1855 qua
528 1803 664 1855 quaestione
675 1816 697 1844 v.
710 1805 728 1843 P
740 1804 769 1844 ΙΙ.
781 1816 817 1855 pr.
830 1804 865 1852 523
876 1804 910 1844 De
921 1803 980 1852 San,

136 1868 170 1908 De
183 1868 230 1907 Deo
244 1867 295 1908 Uno
309 1867 331 1907 lI
343 1878 365 1906 n.
382 1869 473 1917 18-233
487 1867 620 1916 Franzettrr,
634 1867 668 1908 De
682 1868 730 1908 Deo
743 1867 794 1908 Uno
809 1867 842 1907 th,
857 1869 893 1915 533
906 1867 981 1907 Pteri-

136 1931 197 1979 rettt,
210 1932 243 1972 De
256 1932 304 1972 Deo
317 1932 369 1972 Uno
382 1931 406 1971 et
417 1930 490 1971 Trino
504 1942 527 1981 p.
542 1933 663 1979 soe—‘Md
677 1931 731 1970 Ant.
746 1930 832 1971 straet
848 1931 871 1971 S.
886 1930 899 1970 J
903 1962 916 1979 .,
931 1931 982 1970 Zur

136 1995 271 2040 Erkliirune
291 1994 333 2035 des
352 1993 480 2044 gottiichen
502 1993 663 2034 Heilswillens
683 1993 807 2044 bertigiioh
826 1994 869 2034 der
889 1993 982 2033 Kinder

138 2058 219 2109 (ZkTh
235 2060 260 2097 11
277 2057 350 2115 [18871
365 2056 496 2107 282—327);
514 2056 695 2107 Naeui-regilone
711 2057 892 2108 Bemerkungen
911 2055 978 2108 (ibid.

136 2123 162 2161 12
172 2121 244 2179 [1888]
256 2111 387 2170 bez—bitin
397 2120 423 2159 L.
435 2120 514 2168 Biltot,
527 2121 560 2160 La
570 2120 713 2170 prouidence
725 2120 752 2160 de
764 2120 837 2160 Dieu.
848 2151 868 2159 ..
883 2118 983 2171 (iliades

137 2187 178 2224 163
190 2183 253 2240 [1920
267 2183 307 2241 lI],
322 2183 462 2233 praesertim
474 2194 499 2232 p.
514 2183 564 2233 661,
580 2183 653 2222 With.
669 2183 803 2230 Stoclcurns,
819 2182 867 2222 Das
880 2182 925 2222 Los
938 2182 982 2222 der

137 2246 199 2286 ohne
217 2245 292 2285 Γ161116
312 2245 452 2285 sterbenden
471 2244 562 2285 Kinder
582 2244 707 2295 (Freiburg
726 2246 787 2296 1923)
808 2247 828 2285 1.
849 2245 908 2295 Kap.
929 2246 938 2290 ἓ
957 2248 980 2291 2,

136 2322 160 2361 p.
179 2310 270 2357 14-17;
292 2308 353 2349 Parit
368 2308 396 2347 R.
414 2308 475 2356 Fies,
494 2307 536 2348 Die
553 2306 685 2358 Heilstrage
702 2308 746 2348 der
759 2306 849 2348 Heiden
876 2306 983 2358 (bachen

137 2373 199 2424 1925)
216 2373 335 2413 lat-176.
348 2395 379 2400 —-
392 2370 469 2411 Etiam
484 2382 540 2422 erga
554 2381 636 2411 omnes
649 2369 768 2419 parvulos,
785 2371 826 2421 qui
840 2369 894 2412 ante
908 2381 980 2410 usum

136 2436 235 2477 rationis
251 2436 394 2485 moriuntur,
412 2435 476 2477 Deus
492 2434 638 2476 voluntatem
655 2433 787 2474 salvificam
805 2433 877 2474 habet
893 2434 982 2474 seriam

136 2501 159 2541 et
171 2500 298 2548 actuosam,
313 2511 342 2540 ex
354 2511 401 2550 qua
413 2499 472 2549 ipsis
484 2499 635 2549 praeparavit
647 2497 736 2548 gratias
748 2509 802 2538 vero
816 2498 895 2549 aliquo
908 2508 981 2538 sensa

136 2563 289 2613 sufficientes
313 2563 359 2603 Sed
380 2562 494 2613 quoniam
514 2561 552 2601 his
569 2561 677 2611 parvulis
697 2571 773 2610 poena
792 2560 881 2610 peccati
902 2571 982 2611 perso-

136 2626 199 2666 nalis
211 2637 259 2666 non
275 2625 392 2672 imminet,
408 2636 469 2675 opus
485 2635 533 2664 non
548 2624 589 2673 est,
606 2624 634 2665 ut
647 2624 758 2665 voluntas
772 2623 881 2664 salvifica
896 2624 980 2664 eodem

136 2687 234 2739 prorsus
250 2689 280 2729 ad
298 2699 338 2729 eos
356 2686 497 2728 extendatur
514 2686 584 2727 modo
602 2686 673 2737 atque
692 2687 722 2728 ad
741 2686 840 2735 adultos,
858 2697 934 2738 neque
953 2686 982 2727 ut

136 2751 224 2802 gratiae
241 2752 300 2802 ipsis
314 2762 436 2791 concessae
459 2751 542 2791 eodem
563 2751 660 2790 omnino
681 2760 752 2790 sensa
768 2749 817 2790 sint
831 2748 978 2790 sufficientes.

137 2814 205 2854 Circa
216 2813 318 2862 adultos,
332 2813 367 2854 uti
380 2807 544 2864 'probabimus
558 2813 668 2854 voluntas
681 2812 789 2853 salvifica
802 2811 945 2853 universalis
958 2811 983 2852 et

137 2876 301 2918 condicionaia
319 2876 344 2916 in
363 2876 532 2927 particularem
551 2876 574 2916 et
592 2875 726 2916 absolutam
745 2874 891 2916 voluntatem
911 2874 983 2915 salvi-

137 2940 209 2980 ficam
230 2939 272 2979 aut
295 2939 320 2978 in
343 2938 534 2988 reprobationem
552 2937 734 2989 consequentem
758 2949 806 2978 non
831 2937 916 2978 transit
932 2933 982 2977 nisi

136 3003 189 3054 post
209 3002 319 3054 praevisa
335 3001 419 3042 finalia
440 3000 526 3043 merita
544 3001 585 3043 aut
605 3001 722 3042 demerita
742 3000 851 3052 propriae
873 3000 983 3051 ipsorum
