2214 3350
373 132 450 168 Thesis
465 131 483 167 2.
500 131 594 167 Initium
608 131 660 167 fidei
870 160 872 164 .
918 126 943 164 39

93 238 168 283 dunt.
178 272 198 281 ..
212 242 340 292 Propterea
354 240 403 281 dixi
417 239 492 289 vobis,
507 240 565 292 quia
578 250 649 281 nemo
662 237 740 289 potest
752 237 833 278 venire
847 236 879 277 ad
893 245 940 285 me,

95 304 142 346 nisi
160 304 233 345 tuerit
248 304 270 345 ei
288 304 372 345 datum
389 316 403 344 a
420 304 490 345 Patre
507 315 588 352 meo»;
606 328 637 334 -
653 302 678 353 h)
699 299 794 351 gratia
810 299 937 340 interna:

95 363 280 409 Praedicatr'aet
294 367 410 408 miracuta
426 366 513 408 Christi
528 378 577 407 non
593 363 727 412 sufiiciunt,
744 363 771 404 ut
784 362 895 404 veniatur
909 362 941 403 ed

92 430 216 472 Christum
234 441 277 481 per
295 430 378 479 iidem,
397 428 443 470 nisi
462 430 561 480 insuper
583 429 654 468 Pater
680 426 799 475 «trahit»,
826 424 852 466 id
877 424 941 475 quod

93 493 174 544 aperte
199 488 312 543 exprimit
337 492 456 534 internam
481 491 583 543 gretiam
610 489 714 531 externis
739 489 890 544 addendum¹
910 511 941 517 -ψ

56 594 58 599 ,
93 557 115 607 o)
130 555 173 597 est
185 552 503 597 absolute-necessaria:
521 555 573 595 Non
588 553 657 595 dicit:
677 568 688 587 1
696 562 766 593 1101110
780 550 858 602 potest
871 550 941 601 facile

93 618 202 666 venire»,
223 619 263 659 sed
282 618 422 669 simpliciter
440 624 464 658 et
482 617 601 658 absolute:
627 626 717 655 «1101110
735 613 812 666 potest
830 613 912 655 venire
919 630 939 653 1.

94 707 125 713 —-
143 680 255 723 confirm.
274 680 311 722 Mt
331 681 366 728 16,
388 680 426 721 17:
444 680 514 722 Peter
532 679 646 721 revelavit
661 678 742 726 Petra,
762 679 827 727 quod
845 687 899 717 caro
917 677 942 717 et

93 743 191 794 sanguis
207 754 255 784 non
270 744 386 794 poterant.

94 862 134 905 65,
167 863 248 900 Textus
266 863 421 900 celeberrimus
441 861 451 898 1
468 863 512 899 Cor
528 862 547 905 4,
567 860 589 898 7:
613 874 624 894 11
631 860 686 904 Quis
705 859 765 894 enim
783 859 805 895 te
824 858 941 895 discernit?

95 915 152 958 Quid
164 915 239 951 eutem
248 915 323 958 hahes,
335 915 393 959 quod
402 923 449 949 non
459 913 574 959 accepisti?
586 913 610 950 Si
621 912 696 949 autem
707 910 819 956 accepisti,
832 911 885 956 quid
895 910 941 955 glo-

94 967 168 1010 riaris,
186 966 251 1011 quasi
266 975 312 1002 nen
328 966 450 1012 acceperis?
459 979 469 998 u
490 966 524 1012 (ct.
543 965 621 1000 Araus.
640 966 669 1000 Da
688 963 724 1001 179
741 963 783 1007 199ς
801 964 940 1007 anquatenus

94 1017 415 1064 [1114161469173119810];
437 1018 509 1054 Httar.
535 1017 648 1064 [112022];
672 1016 721 1061 Cpr.
739 1015 799 1053 Alea.
826 1016 856 1061 [R
871 1014 940 1061 2071];

94 1070 157 1114 Futp.
172 1070 201 1115 [R
212 1069 280 1116 2253])
294 1070 321 1106 ab
333 1069 447 1105 hodiernis
459 1068 554 1113 exegetis
566 1068 632 1104 aliter
644 1067 766 1113 explicatur
780 1068 807 1113 (v,
823 1066 938 1112 carnaim:

97 1133 106 1153 1
115 1121 169 1164 Quis
181 1120 202 1157 te
214 1121 329 1156 discernit?
338 1134 356 1165 a,
369 1121 383 1158 i.
397 1129 414 1156 0.
427 1120 478 1165 quis
489 1121 510 1155 te
522 1119 708 1165 praestantiorem
721 1119 772 1154 aliis
785 1127 833 1154 esse
846 1118 941 1154 iudicat?

1 1156 21 1227 κῃ
38 1177 41 1182 ’
94 1172 280 1217 respondendum
291 1171 324 1207 est
333 1171 455 1207 secundum
468 1170 660 1214 Chrysestornurn:
675 1169 833 1211 «Homines,
846 1176 941 1213 quarum

94 1223 202 1259 iudicium
212 1223 283 1259 fallax
292 1223 325 1259 est
333 1236 351 1265 n,
364 1223 486 1259 secundum
498 1221 603 1266 Gornety:
618 1234 629 1254 11
636 1222 716 1257 Nemo
727 1221 776 1257 iure
787 1230 822 1256 me
834 1220 940 1256 discernit

93 1275 188 1319 aliisque
202 1275 306 1320 praefert.
316 1287 326 1307 »
344 1275 367 1311 Si
382 1274 431 1319 quis
447 1273 593 1319 nihilominus
608 1273 772 1320 praestantiam
787 1273 901 1318 quandam
916 1273 941 1308 in

94 1326 193 1368 scientia,
209 1325 335 1371 eloquentie
349 1326 387 1362 etc.
402 1335 457 1371 prae
471 1325 523 1361 aliis
536 1325 618 1362 habere
632 1325 675 1361 sibi
688 1325 783 1368 videtur,
800 1324 872 1361 altera
885 1326 941 1370 Apo-

92 1372 146 1407 stoli
161 1372 335 1417 interrogatione
349 1372 452 1407 monetur
467 1381 490 1407 se
506 1371 581 1407 omnia
597 1371 707 1417 accepisse
722 1380 737 1407 a
750 1371 795 1407 Deo
811 1372 832 1407 01
846 1370 939 1417 proinde

94 1432 139 1460 non
156 1432 203 1459 esse
221 1433 313 1459 causam
330 1423 448 1468 gloriandi.
468 1423 526 1467 Quia
543 1423 613 1468 igitur
630 1424 655 1458 in
673 1424 777 1459 contextu
795 1424 855 1460 dona
872 1424 940 1459 etiam

93 1475 209 1510 naturalia
221 1475 328 1521 (scientia,
342 1475 470 1520 eloquentia
480 1475 529 1522 010.)
542 1475 694 1518 includuntur,
707 1475 780 1512 textus
792 1484 838 1511 non
849 1476 940 1521 praehet

92 1527 251 1571 argumentum
264 1536 305 1573 pro
320 1527 411 1572 spectati
426 1527 545 1562 donatione
561 1528 773 1572 supernaturalium.
791 1527 853 1563 Idem
868 1528 940 1563 dicen-

92 1578 147 1613 dum
161 1579 194 1614 est
208 1579 235 1614 de
248 1580 305 1614 Rom
319 1579 348 1621 11,
363 1578 398 1616 35:
417 1579 490 1622 «Quis
503 1580 566 1624 prior
580 1579 640 1615 dedit
654 1578 717 1615 illii»
732 1595 758 1611 -1
772 1580 815 1616 Sed
829 1579 853 1614 hi
866 1579 939 1615 textus

92 1629 198 1666 1101101110
214 1630 422 1675 supernaturalibus
439 1641 454 1667 a
467 1630 554 1665 fortiori
570 1631 617 1665 veri
632 1630 692 1673 sunt;
709 1639 778 1675 quare
794 1631 824 1667 ad
838 1632 940 1668 nostram

92 1682 212 1717 materiam
222 1681 281 1717 recte
293 1680 440 1727 applicantur.
453 1701 479 1712 -1
489 1681 667 1717 Abstineatur
678 1682 746 1718 etiam
758 1684 787 1719 ab
800 1683 940 1727 argumentis

93 1742 118 1783 01
129 1734 154 1768 10
164 1732 181 1776 6,
194 1733 246 1770 its:
262 1745 272 1766 11
281 1733 326 1769 Hoc
338 1733 370 1776 est
380 1742 436 1779 opus
446 1734 493 1777 Dei,
504 1734 530 1769 ut
541 1734 637 1770 credatis
645 1746 663 1778 u,
675 1735 690 1769 i.
704 1743 721 1771 e.
735 1744 797 1780 opus,
810 1736 869 1780 quod
879 1736 939 1771 Deus

91 1784 169 1829 eripit·
180 1784 230 1830 Eph
243 1784 260 1829 1,
275 1784 305 1828 19;
319 1785 358 1821 Col
370 1786 387 1828 2,
403 1784 433 1828 1e;
446 1786 486 1822 Act
500 1785 529 1827 17,
543 1785 574 1828 31⁴,
589 1786 711 1822 secundum
725 1796 779 1831 quos
792 1787 867 1823 textus
879 1789 939 1824 Deus

92 1835 198 1881 operatur
210 1835 277 1872 fidem
289 1835 466 1873 Christianorum
479 1846 510 1879 00,
526 1838 584 1882 quod
597 1837 766 1875 resuscitatione
781 1838 864 1875 Christi
877 1842 940 1885 prae-

94 1887 129 1922 bet
152 1888 260 1923 matteum
284 1887 446 1930 aea-taanenu
469 1888 521 1925 Phil
539 1889 556 1932 1,
576 1889 611 1926 29:
637 1890 818 1927 colossensibus·
832 1892 940 1928 donatum

92 1938 133 1982 est,
152 1939 177 1974 ut
195 1939 220 1974 in
239 1939 351 1975 Christum
370 1940 461 1977 credant
480 1941 501 1976 et
518 1949 559 1986 pro
578 1940 616 1976 illo
634 1941 759 1987 patiantur,
779 1951 819 1988 per
839 1943 939 1979 divinam

92 1990 263 2035 providentiam;
279 1992 334 2027 Rom
350 1991 367 2035 1,
383 1991 405 2029 8:
423 2001 469 2027 non
484 1992 574 2027 initium
588 1992 640 2028 111101
656 1994 689 2030 est
704 1994 745 2030 illa
759 1994 815 2031 fides
829 1996 939 2032 Romano-

93 2050 144 2077 rum
158 2042 184 2077 in
197 2043 302 2079 universo
317 2043 400 2079 mundo
416 2043 558 2086 annuntiata,
575 2053 616 2090 pro
632 2054 677 2090 qua
693 2046 812 2092 Apostolus
828 2049 873 2084 Deo
889 2057 940 2093 gra-

92 2092 136 2129 tias
152 2093 205 2138 agit.

91 2202 132 2244 66,
166 2204 245 2239 Terras
260 2213 275 2240 a
288 2203 516 2249 semipelagianis
530 2204 612 2241 adduci
626 2206 687 2242 soliti
703 2207 751 2253 (Act
766 2207 795 2251 16,
811 2207 834 2245 31
851 2209 939 2245 «Crede

93 2279 126 2289 ...
139 2255 159 2289 et
170 2254 245 2291 salvus
256 2255 300 2291 eris
305 2265 325 2298 »3
336 2255 422 2299 Zethi,
434 2255 445 2291 3
456 2256 633 2292 «convertimini
644 2258 726 2301 adme,
739 2260 760 2295 01
771 2269 811 2304 ego
822 2261 940 2296 convertar

93 2306 122 2341 ad
133 2315 171 2341 vos
180 2316 199 2348 »ς
210 2307 259 2353 Eph
269 2308 287 2350 5,
299 2306 323 2343 11
334 2319 345 2339 «
354 2307 430 2351 Surge,
443 2307 480 2352 qui
492 2308 582 2352 dormis,
595 2309 616 2345 et
626 2309 764 2347 illuminabit
774 2313 796 2348 te
808 2309 938 2356 Christus'n;

93 2357 125 2393 Mt
140 2357 158 2400 7,
173 2357 186 2393 7
201 2359 297 2401 «Petite,
313 2358 334 2394 01
349 2358 438 2394 dabitur
452 2359 514 2394 vohis
523 2372 533 2392 a
550 2360 599 2407 etc.)
616 2370 704 2398 necnon
720 2364 819 2409 exempta
835 2365 937 2406 Zachaei,

91 2409 144 2443 honi
157 2409 259 2451 latronis,
276 2410 371 2446 Cornelii
384 2418 430 2444 nou
445 2412 528 2454 raepaut
544 2413 640 2455 qratiam
655 2415 841 2459 praevenientem,
858 2417 897 2453 sed
908 2424 939 2452 ‘ea

91 2460 158 2495 tacite
171 2462 286 2506 supposita
300 2462 393 2497 eiicrunt
405 2462 560 2499 necessitatem
573 2467 707 2510 cooperandi
719 2476 759 2512 per
772 2468 868 2504 liberum
881 2469 939 2505 arhi-

92 2510 168 2556 trium‚
184 2513 209 2548 ut
225 2512 254 2548 aa
269 2512 384 2548 ulteriores
401 2514 486 2557 prattas
503 2515 524 2550 et
540 2516 569 2551 ad
585 2516 681 2554 salutem
696 2520 847 2564 perveniatur.
863 2521 939 2556 Etiam

92 2562 195 2599 hodierni
207 2564 325 2610 scriptores
338 2565 360 2599 et-
372 2564 537 2603 eoncionatores
552 2577 617 2614 saepe
631 2569 741 2606 eiusmodi
753 2573 821 2608 verba
835 2573 855 2607 et
869 2581 939 2609 exem-

91 2613 130 2659 pla
148 2616 255 2702 0110111111ἱ
273 2615 327 2660 quin
344 2615 390 2651 ullo
408 2617 474 2652 modo
492 2620 647 2656 necessitatem
667 2622 754 2666 gratiae
773 2624 938 2669 praevenientis

91 2673 175 2711 negare
187 2675 212 2702 ve
223 2676 261 2702 111.

89 2774 130 2816 67.
166 2775 209 2817 111.
226 2776 320 2817 Patres.
344 2776 363 2815 1.
380 2772 443 2815 Ante
459 2771 582 2825 Pelagium
599 2777 629 2816 ad
645 2777 708 2817 hano
724 2777 851 2828 specialem
867 2790 937 2829 quae¹

89 2837 192 2879 stionem
217 2850 265 2879 non
291 2837 366 2879 solent
389 2836 517 2877 attendere.
545 2839 660 2879 Nonnulli
687 2840 747 2881 adeo
771 2842 938 2882 uniuersal'ter

90 2902 172 2941 amnia
184 2900 209 2941 in
222 2902 305 2942 ordine
318 2899 401 2941 salutis
412 2900 462 2940 Deo
474 2900 621 2950 adscribunt,
636 2902 663 2943 ut
676 2903 773 2944 initium
787 2904 846 2945 111101
860 2904 939 2945 dieen-
