2214 3350
174 192 218 232 ‘540
388 195 442 254 Sect.
462 196 497 246 VI.
516 197 547 232 De
564 195 720 232 distributione
729 195 823 241 ¹gratiae

181 303 266 344 saitem
276 303 370 345 adultos
382 304 420 355 (de
430 305 540 354 parvulis
549 305 575 345 in
585 305 645 346 thesi
655 304 834 356 abstrahimus).
847 306 896 345 Hoe
911 305 935 355 a)
945 299 1029 355 aperte

182 366 291 407 dicitur
307 379 339 415 v„
350 369 370 416 4,
389 367 432 408 ubi
451 379 530 409 sermo
548 369 584 409 est
601 369 629 408 de
648 366 761 419 omuibus
779 366 925 416 hominibus,
947 367 977 408 iis
992 367 1029 407 in-

182 428 262 478 clusis,
280 430 323 481 qui
340 430 371 470 ad
386 430 546 481 cognitionem
563 428 669 471 veritatis
685 430 794 471 nondum
812 430 978 481 pervenerunt
996 455 1028 461 -

179 492 207 547 β)
232 492 360 534 deducitur
380 505 410 544 eir
431 494 541 535 versibus
558 492 816 545 praecedentibus,
846 493 888 533 uhi
917 493 1028 534 voluntas

182 554 291 596 salvifica
303 556 424 597 indicat-ur
436 556 502 604 ratio,
517 567 561 596 cur
572 556 621 597 Deo
630 555 755 606 acceptum
769 556 807 606 sit,
818 556 847 597 ut
858 568 901 607 pro
914 556 1029 597 omnibus

182 618 301 660 orationes
315 614 382 660 iiant.
401 620 489 661 Sensus
501 631 524 659 v.
542 622 552 659 1
569 618 630 660 ctare
646 619 687 668 θεὴ,
704 619 732 660 ut
742 631 786 670 pro
802 620 913 667 omnibus
928 612 1028 671 prorsus

182 682 321 722 hominibus
335 683 429 723 nemine
444 681 541 732 excepto
553 683 639 723 oretur.
654 681 727 733 Atqui
744 699 754 718 «
761 693 845 723 omnes
858 682 985 731 homines»
1002 684 1027 723 in

181 757 203 785 v.
215 747 229 785 4
242 745 299 786 sunt
310 746 383 786 tidem
396 756 422 785 ac
435 745 461 785 in
473 757 495 784 v.
511 748 531 793 13
544 771 576 776 -
586 745 607 798 γ)
623 745 781 786 confirmatur
793 757 825 786 ex
838 744 1028 802 sequentibus

143 842 145 845 .
182 808 291 848 versibus
307 810 320 848 5
337 808 360 848 θὴ
374 811 400 848 6;
421 807 485 848 Deus
499 807 608 849 omnium
625 818 708 848 eorum
726 808 779 849 vult
796 808 904 858 salutem,
924 818 1027 860 quorum

182 871 232 921 ipse
245 871 281 911 est
294 871 363 919 Deus,
380 881 484 922 quorum
498 870 615 912 mediator
628 871 651 912 et
665 871 802 923 redemptor
815 872 851 913 est
865 871 980 913 Christus.
997 897 1028 903 -

181 934 259 982 Quare
275 933 349 974 textui
364 934 464 974 minime
482 933 631 975 satisfaciunt
646 934 821 985 explicationes,
839 934 929 986 quibus
943 935 1028 976 volun-

115 1023 118 1025 -
182 997 218 1037 tas
230 995 339 1037 salvifica
351 997 382 1037 ad
396 996 458 1037 solos
471 998 555 1037 electos
567 997 604 1038 vel
618 998 702 1048 sidetes
716 998 754 1038 vel
768 998 860 1049 aliquos
872 997 1032 1051 ex'omnibus

182 1059 307 1099 hominum
324 1059 438 1099 classibus
454 1059 613 1111 restringitur.
629 1087 660 1092 —-
675 1062 699 1112 d)
718 1061 807 1102 Eadem
823 1061 935 1102 voluntas
947 1061 1027 1113 quoad

181 1123 288 1174 plurima
305 1124 402 1174 quidem
426 1124 461 1165 est
484 1134 671 1174 consequens,
691 1124 706 1164 i.
723 1136 743 1165 e.
757 1124 875 1181 piurimis
893 1125 942 1165 iam
960 1135 1028 1174 prae-

181 1186 311 1237 suppositis
325 1187 402 1227 adhuc
417 1186 558 1237 perseverat.
574 1186 702 1237 Apostolus
714 1186 821 1237 loquitur
835 1188 863 1228 de
878 1187 1026 1234 hominihus,

181 1249 252 1300 prout
267 1250 297 1290 de
311 1250 374 1290 iacto
387 1249 511 1291 exsistunt.
528 1251 589 1301 Ergo
606 1251 720 1301 supponit
734 1250 857 1300 peccatum
872 1250 988 1300 originale
1004 1249 1028 1289 et

181 1313 289 1352 enormia
305 1313 401 1363 peccata
414 1312 556 1363 personalia,
575 1315 603 1354 de
620 1314 709 1363 quihus
724 1325 746 1354 v.
764 1325 787 1364 g.
805 1313 866 1354 Rom
881 1316 893 1354 1
911 1312 1024 1364 loquitur.

181 1376 201 1415 A
215 1376 309 1416 fortiori
324 1376 381 1416 haee
394 1376 505 1416 voluntas
520 1376 628 1417 salviiioa
642 1377 724 1417 manet
737 1377 791 1426 post
805 1375 965 1417 consideratas
979 1376 1027 1417 eri-

181 1438 274 1489 gentias
288 1438 476 1489 pulchritudinis
491 1439 604 1478 universi,
621 1465 652 1469 —
668 1441 689 1490 e)
707 1439 797 1479 Tamen
813 1450 861 1479 uon
878 1439 914 1480 est
930 1449 1027 1489 prorsus

181 1502 297 1550 absoluta,
317 1503 356 1543 sed
374 1501 577 1542 conditionata
591 1501 640 1541 sive
657 1501 840 1551 antecedens,
858 1502 875 1542 i.
894 1514 914 1542 θ.
933 1501 1027 1542 tamdiu

181 1577 331 1616 permanens
348 1565 421 1605 donec
437 1564 528 1606 constet
542 1566 570 1605 de
584 1576 612 1605 ea
626 1564 764 1605 condicione
779 1576 827 1605 non
842 1564 948 1616 impleta,
966 1575 1027 1616 quae

180 1640 209 1669 ex
225 1628 313 1669 natura
330 1628 364 1669 rei
382 1627 540 1679 intellegitur:
563 1628 680 1677 Quoniam
698 1628 762 1669 Deus
780 1627 890 1668 homines
908 1639 956 1669 nan
973 1627 1027 1667 vult

181 1693 273 1734 salvare
286 1693 367 1733 contra
381 1692 488 1742 ipsorum
501 1690 656 1740 retentatore,
671 1691 691 1731 si
705 1690 759 1741 quis
772 1701 814 1741 per
828 1689 902 1732 totam
915 1689 990 1732 vitam
1004 1689 1027 1730 et

180 1756 271 1807 inipso
287 1756 336 1796 tine
349 1755 413 1796 vitae
427 1754 528 1795 amntem
544 1754 649 1795 oblatam
662 1753 737 1802 reicit,
753 1754 807 1805 post
821 1751 1026 1804 impoenitentiam

181 1819 281 1859 finalem
296 1830 310 1859 a
325 1819 372 1859 Deo
387 1818 529 1869 praevisam,
547 1818 595 1858 iam
610 1828 658 1857 non
674 1817 780 1866 amplius
794 1817 929 1867 perseverat
943 1816 1027 1857 volun-

112 1879 114 1881 ’
180 1884 217 1924 tas
227 1882 342 1931 salvifica,
354 1883 395 1923 sed
407 1881 560 1932 consequitur
570 1881 679 1923 absoluta
688 1881 800 1922 voluntas
810 1882 942 1922 damnandi
953 1881 1025 1921 tatem

180 1946 336 1998 peccatorem,
346 1947 442 1987 econtra
454 1947 479 1986 in
492 1946 529 1994 iis,
544 1947 584 1997 qui
597 1945 651 1987 ante
664 1945 739 1986 tinem
752 1944 814 1986 vitae
828 1944 933 1985 debitam
946 1945 1027 1995 poeni-

181 2011 280 2052 tentiam
300 2011 380 2062 agunt,
400 2011 462 2051 hanc
481 2010 604 2060 impletam
623 2009 787 2060 condicionem
806 2008 940 2060 praevisam
960 2010 1026 2050 abso-

180 2075 232 2116 luta
246 2075 357 2116 voluntas
373 2074 481 2115 salvandi
499 2073 657 2124 consequitur.

182 2200 236 2241 677.
273 2200 380 2255 Eandem
394 2199 527 2239 doctrinam
542 2198 755 2239 universalisticam
771 2199 866 2239 exhibet
880 2200 903 2239 S.
920 2199 1027 2240 Paulus

182 2268 193 2305 1
211 2265 265 2304 Tim
286 2267 305 2311 1,
324 2255 362 2303 15:
391 2280 401 2300 α
410 2263 518 2303 Christus
536 2263 601 2303 Iesus
617 2263 683 2303 venit
700 2263 725 2302 in
743 2264 807 2303 hunc
830 2263 950 2303 mundum
974 2275 1026 2314 pec-

181 2330 272 2369 catores
295 2328 372 2369 salros
395 2328 490 2369 iacere»
519 2327 694 2379 (universaliter
716 2328 766 2369 sine
790 2329 855 2368 omni
880 2327 1026 2369 restrictione

180 2392 349 2447 ἁμαρτωλούς),
372 2417 402 2422 -
423 2393 497 2439 4,10;
515 2390 578 2431 Deus
591 2391 661 2432 vivus
678 2408 688 2427 <t
696 2391 731 2432 θεὴ
745 2390 847 2432 salvator
861 2390 971 2432 omniurn
985 2392 1026 2431 ho-

180 2457 283 2505 minum,
301 2457 421 2497 maxime
438 2455 601 2504 fidelium»;
618 2467 673 2507 ergo
690 2456 761 2497 etiarn
778 2455 859 2507 aliquo
873 2468 929 2497 vero
946 2467 1024 2504 sensu,

180 2522 236 2562 iicet
246 2522 328 2562 minus
339 2521 451 2571 perfecto,
465 2520 644 2561 infidelium.
656 2547 688 2552 -
699 2524 712 2562 2
726 2522 771 2562 Gor
782 2524 802 2570 5,
817 2524 862 2562 its
873 2521 912 2562 bis
922 2520 1021 2561 dieitur:

181 2586 291 2627 Christus
301 2586 357 2641 ὑπὲρ
368 2588 464 2627 πάντων
475 2584 602 2630 ἀπέθανεν,
611 2609 643 2615 -
652 2588 673 2634 5,
687 2588 725 2626 19:
742 2603 752 2622 «
760 2586 824 2627 Deus
833 2587 884 2627 erat
895 2587 920 2627 in
932 2584 1026 2626 Christo

180 2651 300 2691 mundum
316 2650 424 2707 (respon)
441 2649 597 2690 reconcilians
609 2650 661 2690 sibi.
671 2667 681 2685 »
695 2676 726 2681 -
738 2653 748 2690 1
763 2650 807 2696 Gor
819 2653 839 2698 8,
853 2652 879 2691 11
891 2649 946 2690 iieri
958 2660 1026 2700 posse

181 2714 330 2764 supponitur,
346 2715 373 2755 ut
385 2714 473 2765 aliquis
487 2732 497 2750 «
506 2713 586 2761 irater,
601 2714 698 2765 propter
710 2725 781 2764 quern
795 2713 904 2754 Christus
917 2713 1027 2754 mortuus

181 2778 243 2825 est»,
261 2778 347 2828 pereat.
364 2804 396 2810 -
410 2779 445 2819 Gi.
463 2779 525 2819 Rom
541 2781 561 2826 5,
579 2780 613 2827 153
631 2781 664 2827 10,
683 2782 717 2827 123
735 2780 769 2827 11,
787 2780 821 2818 32.
836 2804 869 2810 -
884 2777 974 2819 Eadem
991 2777 1027 2817 θεὴ

181 2840 290 2881 doctrina
302 2841 324 2881 S.
336 2841 414 2882 Petri
424 2845 438 2882 2
449 2841 505 2882 Patr
515 2844 537 2889 3,
548 2843 573 2881 9:
589 2841 713 2889 Dominus
727 2841 834 2881 nondum
846 2841 877 2882 ad
893 2843 1028 2895 παρουσίαν

179 2905 286 2952 ueniens,
303 2904 438 2955 «patienter
450 2905 500 2957 agit
512 2906 608 2956 propter
620 2916 669 2954 uos,
685 2906 769 2946 nolens
780 2904 874 2956 aliquos
886 2904 971 2955 perire,
985 2905 1026 2945 sed

180 2980 263 3010 omnes
281 2970 310 3009 ad
328 2969 497 3019 poenitentiam
515 2969 600 3010 reverti
608 2988 627 3011 a.
646 2970 708 3020 Ergo
725 2969 835 3010 voluntas
850 2968 957 3010 salvifica
974 2968 1027 3009 uni-
