2214 3350
393 138 527 184 Conspectus
546 136 665 192 historicus
941 138 956 176 7

107 249 195 296 states,
206 251 229 288 8:
250 245 354 297 adopti03
371 248 455 286 9-’11;
476 244 579 296 gratuita
596 244 685 292 electio,
704 243 848 296 obduratio).
867 248 877 286 1
897 247 956 287 Gor

106 316 128 359 3,
142 315 156 351 6
169 323 192 352 s:
207 311 269 351 Deus
282 308 457 349 incrementum
471 307 519 356 dab
532 310 557 356 3,
568 310 594 348 16
608 319 626 355 s;
639 310 659 356 6,
675 310 701 348 19
709 321 718 348 ε·
730 308 848 360 templum
862 309 886 349 S;
901 309 954 360 Spi-

77 392 81 394 ’
107 375 176 422 ritus;
192 375 288 414 12—14:
307 371 452 413 charismata
466 370 488 412 et
502 370 769 421 virtutes-theologicae
779 375 798 421 2
815 372 872 412 Gor
886 375 906 421 3,
923 375 949 413 5:

108 435 273 479 insufficientia
290 436 320 476 ad
335 433 498 485 cogitandum
515 434 580 485 pr
597 437 609 474 1
625 434 648 475 el
662 437 688 475 2:
709 434 734 473 in
746 433 847 486 laudem
863 431 954 482 gloriae

106 500 205 552 gratiae
218 499 290 539 Phil
303 501 323 546 l,
337 501 392 545 6;‘2,
407 500 446 538 13:
463 497 526 538 Deus
539 495 624 548 incipit
636 496 658 537 et
670 496 766 547 perficit
778 507 840 546 opus
852 497 952 543 bonum3

108 567 119 604 1
133 563 200 603 Tim
212 564 232 610 2,
247 564 316 602 1-6:
333 561 376 601 Dei
388 560 500 601 voluntas
512 559 628 608 salvifica
643 559 695 600 Tit
707 562 728 608 3,
742 560 811 600 4-7:
829 558 953 599 lavacrum

106 624 300 677 regenerationis,
316 623 399 664 Hebr
414 622 574 664 111‘efficacia
589 620 655 663 fidei.

175 710 289 752 Doctrina
304 710 327 751 S.
343 709 421 757 Pauli,
438 720 499 760 quae
514 708 624 750 monente
641 709 665 748 S.
682 708 752 749 Petro
769 708 790 759 (2
805 708 862 749 Petr
876 710 897 755 3,
915 707 950 757 16)

106 773 226 825 quaedam
255 771 361 813 difficilia
389 771 510 812 intellectu
539 772 650 820 continet,
681 770 816 822 completur
844 770 953 811 doctrina

104 836 131 878 S.
145 836 225 878 lacobi
237 836 266 876 de
279 835 335 884 fide,
349 846 410 886 quae
422 834 473 875 sine
485 834 597 885 operibus
609 834 704 875 mortua
715 834 750 875 est
763 835 812 886 (Iac
823 834 855 884 2).
870 835 880 874 l
895 832 951 874 Petr

104 898 202 950 saepius
220 899 249 939 de
268 898 345 948 gratia
363 897 476 949 loquitur,
497 898 511 937 2
531 896 588 938 Petr
608 901 619 937 1
640 897 708 938 docet
727 894 872 938 consortium
892 897 951 938 diui-

105 973 151 1002 nae
167 961 272 1009 naturae.
376 965 378 968 '

105 1082 143 1123 lc.
179 1082 214 1122 Ex
233 1080 344 1122 Patribus
365 1081 561 1131 apostolicis
580 1080 687 1121 Clemens
708 1081 776 1121 Rom.
792 1073 822 1122 et
842 1080 949 1132 [quattus

102 1143 161 1184 data
178 1144 301 1184 occasione
320 1145 349 1184 de
369 1143 446 1195 gratia
465 1143 573 1193 tractant,
595 1155 656 1194 quae
675 1144 761 1195 primis
781 1142 882 1185 saeculis
902 1144 950 1196 ple-

102 1217 205 1257 rumque
226 1215 316 1258 πνεῡμα
341 1207 389 1247 sive
409 1209 476 1262 ἅγιον
491 1215 582 1259 πνεῦμα
606 1206 727 1248 vocatur1.
745 1232 777 1237 -
792 1207 950 1258 Apologe-

102 1273 152 1312 tae
162 1272 192 1313 'et
208 1271 347 1322 posteriores
366 1272 448 1313 Patres
465 1273 573 1323 graeci
591 1271 674 1313 contra
692 1272 855 1313 Gnosticos'et
871 1272 949 1313 Mani-

99 1330 187 1378 'chaeos
208 1336 337 1378 bonitatem
359 1338 458 1378 naturae
484 1337 509 1379 et
534 1336 668 1378 libertatem
697 1336 789 1378 arbitrii
818 1336 947 1384 inculcante

102 1413 177 1452 quare
194 1402 276 1443 minus
293 1403 323 1443 ad
342 1401 509 1443 infirmitatem
523 1402 626 1443 'naturae
644 1403 724 1453 lapsae
743 1403 766 1443 et
784 1402 948 1443 necessitatem

63 1475 65 1478 ’
100 1466 190 1517 gratiae
208 1466 337 1507 sanantis
354 1467 486 1508 attendunt.
505 1466 629 1515 Nonnulli,
648 1466 710 1507 inter
726 1477 786 1517 quos
803 1466 828 1506 S.
847 1467 947 1507 loannes

103 1530 291 1581 Chryscstomus,
311 1532 339 1572 de
358 1531 427 1573 initio
444 1532 528 1573 salutis
546 1532 594 1573 tere
612 1533 642 1572 ad
660 1532 760 1572 modum
779 1531 948 1583 semipelagia-

102 1606 189 1635 norum
204 1587 342 1646 loquum-un
359 1597 401 1646 qui
416 1607 482 1636 error
496 1595 646 1644 theoreticus,
664 1596 684 1636 si
700 1596 773 1643 adest,
791 1596 860 1647 praxi
871 1608 947 1647 ,oppo-

100 1659 152 1712 sita
162 1659 277 1700 Ecclesiae
294 1660 479 1710 etiamgraecae
497 1659 635 1710 corrigitun-
651 1661 733 1701 Graeci
754 1660 806 1711 (SS.
825 1660 945 1706 Irenaeus,

100 1725 251 1772 Athanasius
274 1724 376 1774 cyrillus
395 1725 461 1765 Alex.
481 1725 580 1776 aliique)
602 1725 708 1775 plurima
733 1724 757 1766 et
782 1724 946 1776 pulcherrima

100 1788 221 1846 disserunt
236 1789 265 1829 de
281 1789 358 1839 gratia
372 1789 535 1837 elevante,
553 1789 604 1830 scil.
623 1789 652 1830 de
669 1787 820 1830 deificatione
837 1789 945 1830 naturae.

37 1881 39 1883 .
97 1854 201 1895 ‘Econtra
223 1854 304 1894 Patres
327 1854 440 1900 latini,
465 1853 525 1894 inter
549 1865 608 1903 quos
630 1853 720 1895 eminet
742 1852 766 1895 S.
786 1852 944 1905 Augustinus,

101 1919 206 1964 1‹,Doctor
226 1917 342 1970 gratiae»,
365 1919 520 1960 excoluerunt
542 1918 674 1960 doctrinam
696 1918 725 1960 de
747 1917 946 1960 necessitate

98 1982 190 2033 gratiae
205 1983 227 2024 et
241 1983 350 2033 proxime
364 1983 463 2035 quidem
478 1983 568 2034 gratiae
585 1983 747 2033 sanantis,
763 1983 904 2035 praesertim
920 1983 946 2024 in

88 2043 286 2098 impugnatione,
307 2048 478 2089 «inimicorum
494 2048 584 2099 gratiae
593 2066 611 2096 »,
630 2048 815 2099 Puteolanorum
830 2048 854 2090 et
870 2049 945 2090 Semi-

40 2156 45 2162 ,
98 2112 287 2164 pelagianorum.
308 2114 336 2153 ln
354 2104 399 2154 hac
418 2113 492 2160 altera
511 2113 552 2154 lite
571 2112 739 2164 profundiores
759 2125 853 2165 quoque
873 2125 944 2165 quae-

99 2175 187 2217 stiones
201 2177 229 2217 de
243 2177 346 2218 efficacia
359 2177 457 2228 gratiae,
472 2178 503 2219 de
517 2178 579 2219 dono
594 2177 782 2229 perseverantiae
796 2179 820 2220 et
834 2179 864 2220 de
878 2191 944 2230 prae-

97 2241 255 2282 destinatione
273 2242 469 2291 discutiebantur,
489 2243 530 2284 sed
549 2254 597 2284 non
616 2243 672 2284 sunt
690 2243 780 2284 decisae
800 2256 814 2284 a
832 2254 943 2296 supremo

98 2306 241 2357 magisterio.
269 2307 407 2348 Doctrinam
434 2306 555 2349 Ecclesiae
582 2308 695 2349 exhibent
720 2318 823 2349 canones
849 2307 943 2349 concilii
974 2346 975 2349 ,

98 2370 301 2421 Cerillae-intensis
322 2373 364 2423 (Dr
386 2374 425 2412 101
447 2373 487 2423 ss),
511 2371 686 2413 «Auctmitates
707 2372 775 2414 Sedis
795 2371 944 2423 Apostolicae

97 2434 290 2485 episcoporum»,
317 2435 427 2477 collectae
453 2436 477 2476 in
505 2437 631 2477 «Indiculo
651 2436 795 2477 Caelestini»
822 2436 856 2477 sic
880 2436 943 2478 dicto

39 2536 41 2539 .
99 2498 141 2548 (Da
157 2502 197 2539 129
212 2500 242 2551 ss)
261 2501 284 2542 et
298 2500 426 2541 concilium
442 2503 616 2542 arausicanum
631 2502 654 2541 II
672 2502 714 2552 (Du
731 2503 770 2542 174
787 2502 827 2552 ss).

98 2619 133 2660 fl.
170 2620 291 2673 Theologi.
318 2623 418 2663 Saeculo
441 2625 470 2664 IX
494 2623 651 2664 Godescclcus
675 2623 808 2664 monachus
831 2623 944 2664 excitavit

62 2730 65 2733 Δ
96 2694 209 2734 nragnam
223 2686 408 2728 controuersiam
423 2689 451 2729 de
465 2689 687 2739 praedestinatione,
704 2689 729 2729 in
744 2700 792 2740 qua
806 2685 943 2728 dirimenda

96 2748 167 2789 inulti
181 2749 284 2800 theologi
299 2751 321 2791 el
334 2751 435 2793 concilia
449 2752 605 2803 provincialia
620 2753 779 2794 Garisiccense
796 2753 838 2803 (Du
847 2754 893 2792 v316
909 2750 939 2799 ss]

99 2889 111 2931 ’ἢ
159 2876 165 2896 ³
185 2876 215 2911 Cf.
235 2878 253 2912 J.
273 2879 296 2914 A.
316 2879 451 2924 Jurrprnann,
477 2883 516 2918 Die
542 2884 695 2922 Gnadcnlehre
720 2887 751 2922 im
774 2889 944 2933 Apostolischen

95 2920 339 2962 alaunensbekenntnfs
352 2928 399 2963 und
413 2930 568 2968 Katechismus
584 2934 656 2979 (erTh
669 2934 693 2971 50
707 2934 774 2981 [1926]
792 2935 903 2982 reo—219).
