2214 3350
181 173 269 223 ¹Thesis
284 173 314 210 21.
333 157 411 209 Gratia
425 152 539 208 efficeret
554 151 637 207 donum
652 171 831 217 perseverantiae
899 169 941 205 4112

92 282 162 331 Resp.
183 280 215 321 od
233 293 284 332 cop.
305 282 389 321 obieci.
410 280 535 322 Gallorum
553 282 567 319 7
592 279 621 331 (R
641 279 718 329 2028):
750 279 829 319 «Cum
856 277 940 319 auteur

17 375 19 377 »
92 344 193 386 dubium
206 344 298 385 nonsit
311 345 402 385 donum
414 344 456 384 Dei
470 353 519 383 esse
533 340 733 392 perseverantiam
746 342 772 382 in
785 343 847 382 hono
860 351 941 393 usque·

92 409 123 448 ad
140 407 222 455 tinem,
240 418 315 458 quarn
330 407 388 448 istos
404 418 433 447 ex
450 404 551 456 eulpae,
570 405 634 457 quod
651 414 700 444 non
717 404 940 455 perseveraverunt.

16 464 24 492 ⁴²
92 482 140 511 non
155 469 269 520 ‚hahuisse
292 470 448 511 manifestum
463 467 505 518 est,
525 480 574 521 non
597 468 633 509 est
656 467 854 509 calumniandum
878 468 940 517 Dec„

92 544 165 585 quare
180 533 232 573 istis
247 544 295 574 non
311 533 409 582 dederit,
426 533 491 584 quod
507 531 562 572 aliis
577 530 650 572 dedit.
659 549 669 567 »

92 658 146 700 570.
182 658 221 700 1v.
237 658 358 711 Theologi.
374 658 507 710 Anselmus⁵
522 658 557 697 De
571 668 627 697 01111
641 656 731 696 dioboli
744 653 795 704 cap.
811 658 868 696 1—-3
883 655 941 708 (11111

93 725 139 770 158,
157 722 250 773 325ss):
272 722 351 763 Etiam
369 722 459 773 enpelts
478 720 577 762 dicitur:
604 719 666 769 Quid
691 719 772 768 habes,
799 719 863 770 qood
888 729 937 758 non

92 785 212 836 accepisti?
230 785 345 827 «Constet
360 796 421 836 ergo,
441 784 498 836 quia
513 784 554 825 ille
571 783 677 833 angelus,
695 783 736 834 qui
754 782 818 823 stetit
834 783 860 822 in
876 782 937 823 1111-
970 828 972 831 .

92 848 145 896 tate,
165 848 225 889 siout
242 848 294 889 ideo
312 849 479 899 perseveravit,
498 847 555 897 quia
571 847 775 898 perseverentiam
794 845 885 895 hebuit,
903 845 942 886 ita

92 911 144 952 ideo
158 911 358 961 perseverantiam
372 911 463 960 habuit,
480 912 537 962 quia
549 911 645 961 occepit,
661 910 684 952 11
698 909 753 950 ideo
766 908 864 959 accepit,
879 908 937 960 quia

91 975 254 1019 1101111111»,
269 976 329 1027 (cap.
345 978 358 1015 2
371 974 422 1014 init.
438 974 517 1032 [328]).
530 1000 561 1006 —-
574 973 686 1022 Thomas,
702 974 727 1014 S.
744 973 777 1014 m.
795 977 814 1022 1,
828 977 843 1014 2
856 985 879 1025 q.
895 975 941 1014 loo

91 1050 112 1078 a.
125 1041 163 1078 10:
181 1037 282 1078 «Multis
292 1038 357 1078 enim
369 1036 438 1077 datur
449 1036 532 1088 gratie,
545 1038 634 1088 quibus
644 1048 693 1077 non
703 1036 774 1077 datur
785 1046 940 1087 perseverares

92 1101 116 1141 in
132 1100 215 1151 gratia.
225 1118 235 1137 ι)
251 1126 283 1132 --
298 1101 328 1141 od
344 1103 369 1141 3:
391 1100 570 1141 «Nuncautem
584 1099 744 1150 pergratiam
761 1099 849 1141 Christi
864 1099 936 1140 multi

92 1163 212 1214 accipiunt
228 1163 251 1204 et
266 1164 357 1204 donum
374 1163 470 1213 gratiae,
488 1173 535 1214 quo
551 1174 702 1212 perseverare
718 1169 818 1213 possum
834 1162 867 1220 [11
884 1162 940 1215 qut.

91 1228 146 1268 dem
165 1226 297 1267 secundum
314 1238 335 1267 a.
354 1229 366 1266 8
385 1236 468 1266 omnes
484 1225 558 1284 1111111,
578 1226 601 1267 11
615 1225 717 1266 ulterius
734 1227 769 1266 eis
788 1226 936 1284 [etquidem

91 1301 139 1330 non
154 1290 265 1330 omnihus
281 1289 359 1347 iustis]
376 1288 453 1338 datur,
469 1289 533 1340 qnod
547 1294 705 1339 perseverem.
715 1307 724 1325 >1
741 1315 773 1320 -
789 1300 811 1340 q.
828 1292 905 1330 1111,
922 1291 941 1328 a

92 1353 217 1404 distinguit
232 1352 432 1404 perseverantiam
449 1353 475 1392 in
491 1351 567 1403 gratia
580 1353 604 1393 11
619 1352 644 1392 in
660 1352 743 1403 gloria.
764 1352 941 1393 «Perseveran-

91 1415 124 1456 tia
137 1416 239 1466 pieriae.
250 1447 270 1456 ..
287 1415 351 1456 cedit
366 1414 510 1456 subimerito
526 1415 656 1474 [meremur
670 1416 735 1456 enim
751 1421 873 1456 aeternnm
887 1416 941 1466 gio·

91 1479 170 1536 riam];
190 1478 366 1529 persever-entia
382 1478 462 1519 eutem
481 1479 532 1518 viee
552 1490 600 1519 non
619 1478 683 1519 cadit
703 1480 746 1519 sub
766 1479 858 1527 merito,
879 1480 937 1530 quia

91 1541 207 1592 dependet
220 1542 299 1581 solum
313 1553 340 1581 err
353 1540 457 1581 mollone
471 1541 560 1589 01101110,
574 1553 635 1592 quae
648 1541 685 1582 151
697 1541 845 1592 principium
857 1543 941 1583 omnis

90 1603 176 1644 meriti.
190 1604 237 1644 Sed
248 1605 313 1644 Deus
322 1605 395 1654 protis
407 1604 595 1654 perseverantiae
605 1605 696 1645 bonum
709 1604 817 1656 largitur,
831 1606 936 1645 cuicum-

91 1678 136 1718 que
154 1666 215 1707 illud
233 1667 351 1717 largitur»
374 1667 412 1718 (ct.
432 1678 456 1706 n.
477 1667 608 1717 1821565).
628 1693 660 1699 -
678 1666 773 1720 Scotm,
795 1669 838 1720 Op.
859 1670 935 1710 Oneon.

90 1730 119 1769 ln
132 1732 142 1770 1
156 1730 217 1770 0143
230 1741 253 1769 n.
267 1733 279 1770 1
293 1729 349 1771 citat
360 1730 461 1771 verbum
472 1730 591 1771 Ancelmi:
611 1748 621 1767 1
629 1731 689 1779 Quia
702 1732 767 1772 Deus
780 1731 846 1773 dedit
857 1743 940 1783 perse--

89 1792 223 1835 vorantiam
240 1793 299 1832 oeno
316 1793 406 1843 eripete,
424 1793 476 1833 ideo
492 1793 570 1834 bonus
585 1794 683 1843 angelus
700 1794 792 1835 habuit.
802 1812 812 1831 ι)
829 1821 861 1826 —
876 1796 905 1835 111
922 1799 939 1835 1

91 1856 114 1896 d.
127 1858 190 1897 2211.
206 1858 244 1896 17:
264 1856 369 1897 «Nullus
382 1856 423 1904 151,
439 1856 480 1907 qui
494 1856 576 1907 aliqua
590 1856 703 1916 [peccata]
719 1857 859 1907 committat,
875 1859 938 1909 quin

91 1918 153 1959 elius
179 1918 258 1969 posset
285 1918 368 1959 eadem
396 1918 550 1966 committere,
578 1919 626 1959 nisi
653 1920 863 1970 praesentaretur»
893 1922 933 1973 (ci.

91 1994 114 2022 n.
129 1982 186 2033 183).
199 2008 231 2013 —
242 1981 332 2023 Melina
346 1983 458 2034 (111565
471 1982 572 2023 alterum
585 1982 683 2032 textum,
699 1984 724 2023 in
737 1995 783 2035 quo
798 1984 940 2025 defenditurv

90 2045 193 2095 gratuita
205 2045 390 2095 praedestinatio
402 2044 516 2096 complete
529 2045 639 2096 spectata,
654 2058 715 2097 quae
729 2046 832 2088 includit
845 2048 935 2088 donum

91 2108 278 2157 perseverantiae
303 2108 402 2159 finalis).
426 2134 458 2139 -
482 2108 534 2150 lam
557 2121 586 2150 ex
608 2108 691 2150 multis
716 2110 816 2150 saeculis
839 2121 941 2152 omnes

91 2170 217 2223 theologi
242 2174 369 2212 omnium
398 2171 559 2214 scholarum
588 2173 650 2213 hono
679 2172 812 2215 doctrinam
843 2175 936 2226 (saltem

78 2234 207 2284 quatenus
221 2235 252 2274 ed
265 2234 354 2275 statum
366 2235 465 2276 naturae
478 2234 557 2286 lapsae
570 2235 697 2288 limitatur)
713 2237 837 2287 tamquam
851 2237 941 2279 doctri--

91 2307 148 2336 narn
163 2298 224 2347 fidel
237 2298 276 2338 vel
293 2298 324 2338 ad
339 2298 469 2338 minimum
485 2298 569 2339 intime
586 2311 642 2340 eom
659 2299 708 2350 fide
725 2312 812 2341 nexam
829 2301 940 2343 absolute*

91 2357 177 2401 tenent.
190 2361 252 2401 Haec
262 2361 388 2401 concordia
398 2361 461 2404 circa
469 2361 547 2412 ipsam
557 2373 609 2402 rem
620 2374 646 2403 eo
657 2364 755 2404 maioris
767 2364 801 2405 est
811 2364 939 2414 momenti,

89 2458 236 2466 -—-—-——

91 2498 136 2525 11011
152 2494 184 2526 est
199 2501 263 2527 nooo.
283 2493 341 2528 Nam
356 2493 378 2529 sS'.
398 2493 561 2539 Cyprianus,
579 2495 610 2529 De
629 2496 683 2530 oret.
704 2494 793 2537 domm,
812 2496 859 2530 iam
876 2495 949 2531 idem¹

141 2539 181 2574 rat.
195 2539 291 2576 Videant
304 2548 389 2583 quoque
404 2538 562 2581 Massilienses,
577 2540 654 2575 utrum
667 2549 692 2575 ex
705 2539 740 2584 115,
756 2549 812 2585 quae
825 2540 850 2575 in
862 2541 940 2586 primo

135 2587 197 2622 erl
214 2587 385 2632 simplicianum
408 2586 434 2622 de
457 2586 578 2631 gratuitate
601 2585 723 2622 vocationis
741 2595 852 2631 congruae
870 2588 891 2623 et
910 2588 936 2622 de

133 2635 155 2668 10
171 2633 223 2670 fidei
240 2634 300 2670 dicta
321 2635 379 2675 sunt,
405 2646 416 2667 u
424 2642 470 2669 non
493 2635 651 2679 consequenter
674 2633 766 2677 eluceat,
785 2633 826 2670 etsi
843 2644 889 2670 non
908 2634 936 2671 sit

91 2688 225 2725 expressum,
245 2682 313 2718 etiam
331 2690 400 2726 usque
418 2681 443 2716 in
456 2680 528 2717 'finem
546 2681 735 2726 perseverantium
753 2681 844 2717 nonnisi
863 2684 891 2718 ab
911 2690 941 2716 eo·

91 2727 176 2779 donari,
188 2729 227 2774 qui
237 2738 278 2765 nos
288 2729 462 2774 praedestinavit
472 2729 497 2764 in
507 2738 572 2764 suum
582 2738 676 2774 regnum
687 2729 708 2764 et
718 2729 814 2773 gloriam
821 2742 839 2765 1,
852 2729 936 2765 Deinde

90 2776 212 2820 inspiciant
226 2778 296 2822 Epist.
317 2776 352 2813 186
371 2775 408 2821 (acl
426 2776 554 2823 Paulinum)
576 2778 596 2812 et
615 2777 650 2813 191
669 2775 707 2820 (od
725 2777 827 2823 scetem).
853 2790 863 2810 u
871 2777 937 2813 Unde

91 2822 190 2873 iecolant
209 2825 315 2860 adversus
332 2823 442 2859 haeresim
460 2823 604 2868 pelagianam
622 2824 669 2859 iam
688 2824 740 2860 ante
761 2823 845 2869 aliquot
864 2833 940 2860 annos.

90 2868 135 2904 ista
143 2870 206 2906 dicta
217 2881 264 2907 1551
276 2871 342 2916 atque
353 2870 485 2915 conscripta,
496 2880 552 2916 quae
563 2881 622 2907 nunc
635 2873 667 2907 eis
679 2870 795 2917 displicere
806 2871 936 2907 mirandum

92 2916 129 2950 est.
156 2918 262 2960 Quamvis
286 2920 398 2954 neminem
414 2918 482 2953 velim
498 2919 530 2954 sic
548 2919 651 2964 amplecti
676 2920 752 2955 omnia
775 2927 832 2961 mea,
851 2920 876 2954 ut
900 2926 940 2953 ma

92 2965 203 3008 sequatur,
220 2967 265 3002 nisi
280 2967 305 3002 in
320 2967 355 3011 iis,
372 2965 395 3001 in
410 2966 491 3011 quibus
507 2975 601 3001 menon
617 2975 703 3002 errasse
719 2965 861 3012 perspexerit.
871 2980 882 3000 1>
