2214 3350
175 156 252 193 Thesis
268 156 295 193 13.
310 156 391 193 Cratia
404 156 547 200 sanctificans
562 158 583 192 et
597 157 691 193 virtutes
706 157 843 202 theologicae
896 155 936 205 271

23 261 25 263 ’
86 265 148 311 culis
162 264 338 316 quarantenis
352 265 456 306 conferri
471 265 496 304 in
510 264 629 315 baptismo
644 265 815 306 informantem
830 265 932 317 gratiam

85 328 109 369 et
123 327 223 369 virtutes
239 329 362 378 tamquam
379 327 606 379 probabiliorem
623 328 646 368 et
663 326 733 368 dictis
751 329 892 369 Sanctorum
909 327 936 369 et

86 389 209 437 doctorum
225 392 396 432 modernorum
412 389 543 440 theologiae
560 390 637 441 magis
653 400 782 441 consonam
799 391 823 432 et
838 402 935 431 concor-1

85 455 147 502 dem,
165 464 231 494 sacro
247 455 393 504 approbante
408 452 508 495 concilio
525 452 639 493 duximus
654 451 817 503 eligendam.»

84 550 139 592 374.
175 554 196 592 2.
212 550 373 593 Tridentinum
389 562 409 592 s.
426 551 441 591 6
456 551 514 591 haec
529 549 607 590 docet:
627 550 767 591 Iust'iicatio
782 551 819 591 est
833 550 932 591 transla-

84 614 116 654 tio
139 625 155 653 a
177 613 238 654 statu
261 613 350 664 peccati
368 615 393 655 in
411 613 499 655 statum
523 612 612 663 gratiae
637 614 661 654 et
684 611 820 663 adoptionis
839 613 899 664 (cap.
919 615 934 652 4*

85 677 128 735 [Da
146 676 215 735 796]).
235 677 444 727 Praeparationem
463 687 507 727 ope
525 676 614 726 gratiae
634 676 722 716 factam
743 678 803 729 (cap.
823 679 837 716 5
855 679 868 716 6
888 676 934 733 [Dr.

83 740 161 798 797s])
177 740 228 790 ipsa
242 740 379 781 iustificatio
393 739 553 791 consequitur.
568 739 630 780 Haec
643 739 710 780 iuxta
725 749 777 791 cap.
793 739 807 780 7
824 740 866 791 (Dz
879 739 928 789 799)

83 802 119 844 est
135 802 207 844 etiarn
225 802 380 844 sanctificatio
398 803 422 844 et
438 801 559 843 renovatio
578 802 672 843 interna
692 813 752 853 «per
769 801 930 842 voluntariam

84 865 257 916 susceptionem
281 865 369 916 gratiae
394 867 418 907 et
442 866 559 906 donorum
568 878 588 914 »3
613 866 682 906 cuius
708 866 797 906 «unica
822 864 933 906 forinaiis

84 928 208 970 causaest
225 929 315 970 iustitia
332 929 382 978 Dei,
394 960 398 968 .
409 960 429 969 ..
449 941 497 980 qua
515 940 558 968 nos
576 928 651 969 iustos
669 928 733 977 facit,
754 940 802 979 qua
819 928 932 970 videlicet

83 992 113 1033 ab
125 987 152 1032 eo
164 986 288 1032 donati...
301 1003 356 1033 vere
368 992 425 1033 iusti
438 1003 528 1040 sumus,
540 992 658 1032 iustitiam
669 993 696 1032 in
707 992 776 1032 nobis
789 991 932 1043 recipientes

82 1054 247 1106 unnsquisque
265 1055 360 1095 snam»,
387 1055 415 1095 In
440 1056 484 1095 hac
508 1055 677 1096 iustificatione
701 1055 787 1096 merita
811 1055 929 1106 passionis

40 1165 42 1171 ,
83 1117 171 1158 Christi
185 1117 338 1168 applicantur
353 1117 395 1169 (Du
409 1117 469 1168 800),
487 1119 607 1158 «dum...
623 1129 667 1169 per
682 1117 799 1169 Spiritum
814 1118 928 1159 Sanctum

83 1181 168 1221 caritas
188 1181 231 1222 Dei
251 1180 399 1221 diffunditur
417 1180 443 1221 in
463 1179 619 1221 cordibus..2
641 1180 712 1231 atqire
733 1180 792 1232 ipsis
812 1181 932 1230 inhaeret*

82 1244 146 1284 unde
163 1244 188 1283 in
204 1244 257 1294 ipsa
273 1243 441 1284 iustificatione
464 1254 519 1284 curn
541 1243 681 1284 remissione
703 1244 854 1295 peccatorum
871 1245 928 1284 haec

82 1307 163 1347 omnia
173 1307 245 1347 simul
255 1307 337 1357 infusa
347 1306 434 1357 accipit
442 1308 513 1347 homo
523 1337 528 1345 .
539 1338 543 1345 .
554 1337 559 1345 .
571 1306 654 1357 sidem,
666 1318 734 1357 spem
744 1313 766 1347 et
777 1307 900 1347 caritatem
908 1324 917 1343 >1
922 1339 930 1347 ,,

82 1370 121 1411 Sic
137 1381 236 1410 «veram
251 1369 274 1410 et
288 1361 444 1421 christianam
458 1369 574 1411 iustitiam
589 1369 738 1419 accipientes,
754 1381 808 1410 eam
823 1381 866 1410 ceu
880 1371 928 1421 pri.

81 1444 147 1473 mam
162 1433 247 1473 stolam
256 1464 261 1472 .
271 1464 291 1473 ..
307 1432 466 1474 iubentur...
483 1429 648 1473 conservare».
665 1458 697 1464 -
712 1442 764 1486 cap.
784 1433 811 1474 16
830 1433 872 1484 (Dr
887 1436 932 1474 800

81 1496 150 1546 fin.]:
165 1496 254 1536 Eadem
266 1495 356 1537 iustitia
368 1495 404 1536 est
414 1494 502 1544 nostra,
518 1513 527 1531 «
536 1496 592 1546 quia
603 1507 646 1547 per
658 1489 711 1536 eam
723 1497 792 1536 nobis
803 1497 928 1537 inhaeren-

81 1565 130 1599 tem
145 1558 333 1607 iustificamur»,
350 1559 374 1599 et
389 1558 440 1608 Dei,
460 1559 535 1609 «quia
551 1570 565 1598 a
581 1560 629 1600 Deo
646 1559 716 1600 nobis
732 1559 870 1610 infunditur
886 1571 932 1610 per

81 1622 169 1663 Christi
184 1622 325 1663 meritum».
341 1647 373 1653 -
388 1632 450 1663 cau.¹
461 1621 485 1662 ll
504 1623 547 1673 (Dz
563 1622 626 1673 aab:
646 1621 760 1662 Homines
776 1633 825 1662 non
841 1622 929 1662 iustifi-

80 1686 165 1725 cantur
183 1685 233 1725 scla
251 1684 407 1735 imputatione
426 1684 463 1724 vel
483 1684 632 1735 peccatorum
653 1684 791 1725 remissione
814 1685 930 1725 «exclusa

80 1747 156 1798 gratia
171 1747 193 1788 et
206 1739 311 1795 caritate,
327 1759 386 1798 quae
402 1748 427 1787 in
441 1745 554 1787 cordibus
568 1758 650 1788 eorum
665 1758 708 1798 per
723 1747 839 1798 Spiritum
855 1748 930 1789 Sanc-

80 1811 131 1851 tum
149 1810 302 1851 diffundatur
318 1809 387 1860 atque
405 1810 455 1850 iilis
470 1809 619 1850 inhaereat».
640 1809 728 1858 Gratia,
747 1822 795 1861 qua
812 1810 929 1851 iustifica-

80 1884 142 1922 mur,
157 1885 204 1914 non
216 1872 253 1914 est
262 1872 354 1914 tantum
366 1874 434 1913 favor
445 1873 496 1914 Dei.
509 1899 542 1904 —
554 1873 588 1913 Cf.
603 1884 621 1912 s.
634 1875 648 1913 7
661 1884 711 1913 can.
727 1876 752 1914 13
765 1874 794 1914 de
806 1873 929 1923 baptisma

82 1937 124 1987 (Dr
141 1936 205 1987 869):
232 1935 505 1990 Parvuiiquamquam
529 1936 608 1976 actnm
631 1936 744 1976 credendi
762 1947 811 1976 nnn
828 1937 928 1986 habent,

79 1998 159 2039 tamen
175 1998 282 2049 suscepto
297 1998 416 2049 baptismo
431 1997 493 2039 inter
508 1998 593 2039 fideles
607 1998 762 2049 computandi
778 1999 841 2040 sunt.

79 2106 134 2148 375.
172 2100 279 2148 lamvero
297 2107 360 2147 hisce
379 2108 503 2147 docemur:
525 2105 548 2158 a)
569 2107 662 2148 Iustitia
680 2107 774 2148 interna
792 2107 929 2158 complecti-

79 2170 118 2210 tur
135 2170 219 2211 saltem
236 2170 358 2221 gratiam
376 2168 565 2210 sanctificantem
583 2169 606 2210 et
623 2169 682 2210 tres
697 2169 822 2211 virtutes
838 2171 929 2212 theolo-

79 2233 150 2283 gicas.
169 2233 218 2274 Hae
234 2233 336 2274 virtutes
353 2233 395 2284 (Dz
413 2233 462 2283 800)
481 2242 590 2283 expresse
607 2232 635 2273 ut
652 2233 714 2274 dena
732 2234 812 2274 infusa
830 2244 925 2275 enume-

79 2296 169 2336 rantur.
182 2296 243 2345 Ipsis
253 2296 350 2336 additur
359 2297 383 2337 et
394 2295 466 2335 simul
478 2294 559 2345 aliquo
570 2296 641 2336 modo
653 2297 782 2346 opponitur
795 2296 907 2347 «gratian
917 2311 921 2338 :

79 2358 202 2409 Suseeptio
219 2359 326 2410 «gratiae
342 2359 364 2399 et
379 2359 496 2415 denorum
505 2376 514 2395 >1
535 2360 577 2410 (ΒΖ
593 2359 652 2410 799).
671 2359 762 2399 Caritas
777 2358 930 2400 diffunditur

78 2421 101 2461 et
117 2422 225 2463 inhaeret
242 2422 284 2474 (ΒΖ
301 2422 359 2473 800),
378 2421 460 2461 Gratia
476 2421 498 2462 et
514 2420 601 2462 caritas
619 2422 662 2473 (Dz
678 2423 737 2474 821).
755 2422 826 2463 Fides
842 2415 936 2464 distin-s

78 2484 160 2534 guitur
172 2484 268 2525 realiter
280 2496 294 2524 a
308 2483 384 2535 gratia
398 2484 421 2524 et
435 2483 539 2531 caritate,
555 2485 612 2535 quia
627 2483 722 2525 realiter
736 2484 877 2535 separabilis
891 2486 929 2526 est

81 2547 140 2597 (cap.
158 2550 183 2588 15
199 2548 222 2589 et
237 2559 288 2588 can.
305 2550 332 2588 28
349 2547 391 2605 [Dz
407 2549 448 2587 808
464 2547 488 2588 et
502 2547 572 2605 838]);
589 2548 672 2588 cadem
689 2559 736 2588 non
752 2548 856 2598 perfecte
872 2548 928 2589 unit

78 2621 133 2649 cum
152 2610 252 2659 Christe,
271 2609 319 2650 nisi
336 2609 432 2651 accedat
449 2620 503 2660 spes
520 2610 543 2650 et
560 2610 645 2651 caritas
665 2610 706 2660 [Dz
725 2610 783 2661 800).
807 2637 840 2642 -
863 2612 928 2662 Ergo

77 2672 194 2714 hahemus
206 2673 308 2724 gratiam
321 2673 344 2714 et
355 2673 403 2713 tres
414 2672 515 2713 virtutes
526 2673 649 2723 tamquam
664 2673 726 2713 dona
740 2673 824 2714 saltem
837 2675 924 2725 formu-

77 2735 131 2774 liter
143 2735 261 2776 distincta.
277 2735 347 2775 Fides
359 2735 422 2775 clare
436 2734 459 2775 et
471 2746 524 2786 spes
538 2735 670 2776 satisdare
684 2737 711 2777 ut
724 2736 815 2777 donum
829 2738 928 2778 realiter·

77 2797 108 2836 ab
122 2797 177 2838 aliis
191 2798 330 2839 distinctum
345 2796 478 2838 exhibetur.

146 2872 171 2922 b)
189 2873 251 2913 Haec
270 2872 326 2913 sunt
342 2872 404 2912 dona
421 2871 526 2920 creata,
547 2884 594 2913 non
610 2873 707 2914 exclusa
724 2873 828 2914 caritate.
847 2875 928 2914 Unus-v

78 2934 178 2985 quisque
202 2935 266 2976 enim
291 2946 359 2975 sunm
383 2934 499 2985 iustitiam
523 2935 613 2987 recipit,
633 2936 657 2976 S.
676 2947 731 2977 vero
750 2936 854 2988 Spiritus
871 2949 928 2978 earn
