<?xml version="1.0" encoding="UTF-8"?>
<!DOCTYPE html PUBLIC "-//W3C//DTD XHTML 1.0 Transitional//EN"
    "http://www.w3.org/TR/xhtml1/DTD/xhtml1-transitional.dtd">
<html xmlns="http://www.w3.org/1999/xhtml" xml:lang="en" lang="en">
 <head>
  <title>
</title>
<meta http-equiv="Content-Type" content="text/html;charset=utf-8" />
  <meta name='ocr-system' content='tesseract 3.04.00' />
  <meta name='ocr-capabilities' content='ocr_page ocr_carea ocr_par ocr_line ocrx_word'/>
</head>
<body>
  <div class='ocr_page' id='page_1' title='image "./MN41637ucmf_2_0530.png"; bbox 0 0 2214 3350; ppageno 0'>
   <div class='ocr_carea' id='block_1_1' title="bbox 186 209 891 257">
    <p class='ocr_par' dir='ltr' id='par_1_1' title="bbox 186 209 891 257">
     <span class='ocr_line' id='line_1_1' title="bbox 186 209 891 257; baseline -0.001 -10"><span class='ocrx_word' id='word_1_1' title='bbox 186 210 227 247; x_wconf 40' lang='lat'>1496</span> <span class='ocrx_word' id='word_1_2' title='bbox 349 211 403 252; x_wconf 82' lang='lat' dir='ltr'>Soct.</span> <span class='ocrx_word' id='word_1_3' title='bbox 418 212 442 247; x_wconf 77' lang='lat' dir='ltr'>V,</span> <span class='ocrx_word' id='word_1_4' title='bbox 456 212 502 247; x_wconf 83' lang='lat' dir='ltr'>Art.</span> <span class='ocrx_word' id='word_1_5' title='bbox 518 212 546 247; x_wconf 89' lang='lat' dir='ltr'>II.</span> <span class='ocrx_word' id='word_1_6' title='bbox 562 211 684 257; x_wconf 78' lang='lat' dir='ltr'>Explicatio</span> <span class='ocrx_word' id='word_1_7' title='bbox 696 210 783 255; x_wconf 82' lang='lat' dir='ltr'>gratiae</span> <span class='ocrx_word' id='word_1_8' title='bbox 797 209 891 247; x_wconf 86' lang='lat' dir='ltr'>efficacis</span> 
     </span>
    </p>
   </div>
   <div class='ocr_carea' id='block_1_2' title="bbox 186 294 1107 434">
    <p class='ocr_par' dir='ltr' id='par_1_2' title="bbox 186 294 1107 434">
     <span class='ocr_line' id='line_1_2' title="bbox 191 294 1107 369; baseline -0.002 -10"><span class='ocrx_word' id='word_1_9' title='bbox 191 319 264 360; x_wconf 88' lang='lat' dir='ltr'>dubio</span> <span class='ocrx_word' id='word_1_10' title='bbox 281 319 305 359; x_wconf 83' lang='lat' dir='ltr'>S.</span> <span class='ocrx_word' id='word_1_11' title='bbox 324 294 473 369; x_wconf 79' lang='lat' dir='ltr'>Augustinus</span> <span class='ocrx_word' id='word_1_12' title='bbox 489 319 533 360; x_wconf 90' lang='lat' dir='ltr'>hoc</span> <span class='ocrx_word' id='word_1_13' title='bbox 549 320 587 360; x_wconf 89' lang='lat' dir='ltr'>vel</span> <span class='ocrx_word' id='word_1_14' title='bbox 604 319 651 360; x_wconf 88' lang='lat' dir='ltr'>alio</span> <span class='ocrx_word' id='word_1_15' title='bbox 668 317 719 359; x_wconf 88' lang='lat' dir='ltr'>loco</span> <span class='ocrx_word' id='word_1_16' title='bbox 737 318 888 359; x_wconf 80' lang='lat' dir='ltr'>concordiam</span> <span class='ocrx_word' id='word_1_17' title='bbox 903 305 995 368; x_wconf 69' lang='lat' dir='ltr'>&#39;gratiae</span> <span class='ocrx_word' id='word_1_18' title='bbox 1010 316 1036 358; x_wconf 83' lang='lat' dir='ltr'>et</span> <span class='ocrx_word' id='word_1_19' title='bbox 1102 326 1107 358; x_wconf 77' lang='lat' dir='ltr'>s</span> 
     </span>
     <span class='ocr_line' id='line_1_3' title="bbox 186 379 1035 434; baseline -0.002 -13"><span class='ocrx_word' id='word_1_20' title='bbox 186 382 260 423; x_wconf 85' lang='lat' dir='ltr'>liberi</span> <span class='ocrx_word' id='word_1_21' title='bbox 276 382 369 423; x_wconf 84' lang='lat' dir='ltr'>arbitrii</span> <span class='ocrx_word' id='word_1_22' title='bbox 384 383 516 434; x_wconf 86' lang='lat' dir='ltr'>secundum</span> <span class='ocrx_word' id='word_1_23' title='bbox 531 382 651 433; x_wconf 86' lang='lat' dir='ltr'>principia</span> <span class='ocrx_word' id='word_1_24' title='bbox 666 381 800 422; x_wconf 90' lang='lat' dir='ltr'>Molinismi</span> <span class='ocrx_word' id='word_1_25' title='bbox 816 379 958 432; x_wconf 81' lang='lat' dir='ltr'>perfecisset.</span> <span class='ocrx_word' id='word_1_26' title='bbox 976 381 1035 421; x_wconf 84' lang='lat' dir='ltr'>Gon-</span> 
     </span>
    </p>
   </div>
   <div class='ocr_carea' id='block_1_3' title="bbox 186 442 1107 998">
    <p class='ocr_par' dir='ltr' id='par_1_3' title="bbox 186 442 1107 998">
     <span class='ocr_line' id='line_1_4' title="bbox 186 442 1105 496; baseline -0.002 -11"><span class='ocrx_word' id='word_1_27' title='bbox 186 445 280 486; x_wconf 85' lang='lat' dir='ltr'>tinetur</span> <span class='ocrx_word' id='word_1_28' title='bbox 298 445 381 496; x_wconf 84' lang='lat' dir='ltr'>utique</span> <span class='ocrx_word' id='word_1_29' title='bbox 401 445 427 486; x_wconf 88' lang='lat' dir='ltr'>in</span> <span class='ocrx_word' id='word_1_30' title='bbox 446 445 510 486; x_wconf 88' lang='lat' dir='ltr'>diota</span> <span class='ocrx_word' id='word_1_31' title='bbox 526 444 675 486; x_wconf 89' lang='lat' dir='ltr'>distinctione</span> <span class='ocrx_word' id='word_1_32' title='bbox 696 444 778 495; x_wconf 84' lang='lat' dir='ltr'>aliqua</span> <span class='ocrx_word' id='word_1_33' title='bbox 797 445 840 492; x_wconf 87' lang='lat' dir='ltr'>Dei</span> <span class='ocrx_word' id='word_1_34' title='bbox 861 443 982 485; x_wconf 80' lang='lat' dir='ltr'>seientia</span> <span class='ocrx_word' id='word_1_35' title='bbox 1002 442 1035 483; x_wconf 90' lang='lat' dir='ltr'>de</span> <span class='ocrx_word' id='word_1_36' title='bbox 1101 449 1105 476; x_wconf 73' lang='lat' dir='ltr'>s</span> 
     </span>
     <span class='ocr_line' id='line_1_5' title="bbox 186 506 1106 558; baseline -0.004 -10"><span class='ocrx_word' id='word_1_37' title='bbox 186 507 391 549; x_wconf 84' lang='lat' dir='ltr'>condicionate</span> <span class='ocrx_word' id='word_1_38' title='bbox 412 508 532 557; x_wconf 81' lang='lat' dir='ltr'>tuturis:</span> <span class='ocrx_word' id='word_1_39' title='bbox 559 524 569 544; x_wconf 83' lang='lat'>«</span> <span class='ocrx_word' id='word_1_40' title='bbox 578 507 651 548; x_wconf 83' lang='lat' dir='ltr'>Cuius</span> <span class='ocrx_word' id='word_1_41' title='bbox 669 506 750 547; x_wconf 84' lang='lat' dir='ltr'>autem</span> <span class='ocrx_word' id='word_1_42' title='bbox 770 506 903 555; x_wconf 82' lang='lat' dir='ltr'>miseretur,</span> <span class='ocrx_word' id='word_1_43' title='bbox 926 507 959 547; x_wconf 86' lang='lat' dir='ltr'>sic</span> <span class='ocrx_word' id='word_1_44' title='bbox 978 517 1034 547; x_wconf 90' lang='lat' dir='ltr'>eum</span> <span class='ocrx_word' id='word_1_45' title='bbox 1101 536 1106 558; x_wconf 76' lang='lat' dir='ltr'>:s</span> 
     </span>
     <span class='ocr_line' id='line_1_6' title="bbox 190 569 1107 622; baseline -0.005 -11"><span class='ocrx_word' id='word_1_46' title='bbox 190 570 265 619; x_wconf 76' lang='lat' dir='ltr'>vocat,</span> <span class='ocrx_word' id='word_1_47' title='bbox 281 572 401 622; x_wconf 76' lang='lat' dir='ltr'>quomodo</span> <span class='ocrx_word' id='word_1_48' title='bbox 416 572 460 611; x_wconf 80' lang='lat' dir='ltr'>scit</span> <span class='ocrx_word' id='word_1_49' title='bbox 476 574 497 612; x_wconf 85' lang='lat' dir='ltr'>ei</span> <span class='ocrx_word' id='word_1_50' title='bbox 512 581 647 622; x_wconf 72' lang='lat' dir='ltr'>conproerc,</span> <span class='ocrx_word' id='word_1_51' title='bbox 663 570 691 610; x_wconf 91' lang='lat' dir='ltr'>ut</span> <span class='ocrx_word' id='word_1_52' title='bbox 705 569 829 611; x_wconf 83' lang='lat' dir='ltr'>vocantem</span> <span class='ocrx_word' id='word_1_53' title='bbox 845 581 893 610; x_wconf 89' lang='lat' dir='ltr'>non</span> <span class='ocrx_word' id='word_1_54' title='bbox 909 569 1033 620; x_wconf 84' lang='lat' dir='ltr'>respuat.»</span> <span class='ocrx_word' id='word_1_55' title='bbox 1100 584 1107 607; x_wconf 58' lang='grc' dir='ltr'>ς,</span> 
     </span>
     <span class='ocr_line' id='line_1_7' title="bbox 190 632 1036 684; baseline -0.002 -9"><span class='ocrx_word' id='word_1_56' title='bbox 190 634 292 680; x_wconf 82' lang='lat' dir='ltr'>Econtra</span> <span class='ocrx_word' id='word_1_57' title='bbox 310 634 412 675; x_wconf 88' lang='lat' dir='ltr'>aliorum</span> <span class='ocrx_word' id='word_1_58' title='bbox 430 633 520 675; x_wconf 79' lang='lat' dir='ltr'>vocatio</span> <span class='ocrx_word' id='word_1_59' title='bbox 538 633 610 674; x_wconf 80' lang='lat' dir='ltr'>«talis</span> <span class='ocrx_word' id='word_1_60' title='bbox 627 632 681 681; x_wconf 82' lang='lat' dir='ltr'>tuit,</span> <span class='ocrx_word' id='word_1_61' title='bbox 700 644 748 684; x_wconf 80' lang='lat' dir='ltr'>qua</span> <span class='ocrx_word' id='word_1_62' title='bbox 766 633 856 673; x_wconf 80' lang='lat' dir='ltr'>moveri</span> <span class='ocrx_word' id='word_1_63' title='bbox 872 644 922 674; x_wconf 87' lang='lat' dir='ltr'>non</span> <span class='ocrx_word' id='word_1_64' title='bbox 940 632 1036 683; x_wconf 88' lang='lat' dir='ltr'>possent</span> 
     </span>
     <span class='ocr_line' id='line_1_8' title="bbox 188 695 1034 748; baseline -0.003 -10"><span class='ocrx_word' id='word_1_65' title='bbox 188 708 234 738; x_wconf 87' lang='lat' dir='ltr'>nec</span> <span class='ocrx_word' id='word_1_66' title='bbox 249 709 302 738; x_wconf 85' lang='lat' dir='ltr'>eam</span> <span class='ocrx_word' id='word_1_67' title='bbox 315 708 398 747; x_wconf 79' lang='lat' dir='ltr'>capere</span> <span class='ocrx_word' id='word_1_68' title='bbox 412 697 462 748; x_wconf 85' lang='lat' dir='ltr'>apti</span> <span class='ocrx_word' id='word_1_69' title='bbox 476 696 580 737; x_wconf 80' lang='lat' dir='ltr'>essent».</span> <span class='ocrx_word' id='word_1_70' title='bbox 596 696 687 736; x_wconf 83' lang='lat' dir='ltr'>Tamen</span> <span class='ocrx_word' id='word_1_71' title='bbox 703 697 743 736; x_wconf 78' lang='lat' dir='ltr'>«si</span> <span class='ocrx_word' id='word_1_72' title='bbox 757 697 827 737; x_wconf 83' lang='lat' dir='ltr'>vellet</span> <span class='ocrx_word' id='word_1_73' title='bbox 840 695 913 737; x_wconf 89' lang='lat' dir='ltr'>etiam</span> <span class='ocrx_word' id='word_1_74' title='bbox 927 697 1034 746; x_wconf 86' lang='lat' dir='ltr'>ipsorum</span> 
     </span>
     <span class='ocr_line' id='line_1_9' title="bbox 187 758 1036 811; baseline -0.003 -10"><span class='ocrx_word' id='word_1_75' title='bbox 187 760 307 811; x_wconf 82' lang='lat' dir='ltr'>misereri,</span> <span class='ocrx_word' id='word_1_76' title='bbox 325 760 454 811; x_wconf 69' lang='lat' dir='ltr'>possetint</span> <span class='ocrx_word' id='word_1_77' title='bbox 471 771 561 808; x_wconf 76' lang='lat' dir='ltr'>uocare,</span> <span class='ocrx_word' id='word_1_78' title='bbox 580 758 698 810; x_wconf 83' lang='lat' dir='ltr'>quomodo</span> <span class='ocrx_word' id='word_1_79' title='bbox 716 758 766 799; x_wconf 89' lang='lat' dir='ltr'>illis</span> <span class='ocrx_word' id='word_1_80' title='bbox 783 759 866 810; x_wconf 90' lang='lat' dir='ltr'>aptum</span> <span class='ocrx_word' id='word_1_81' title='bbox 884 759 951 807; x_wconf 82' lang='lat' dir='ltr'>esset,</span> <span class='ocrx_word' id='word_1_82' title='bbox 970 758 1036 800; x_wconf 89' lang='lat' dir='ltr'>utet</span> 
     </span>
     <span class='ocr_line' id='line_1_10' title="bbox 187 821 1107 874; baseline -0.002 -11"><span class='ocrx_word' id='word_1_83' title='bbox 187 824 343 864; x_wconf 55' lang='lat' dir='ltr'>‘moverentur</span> <span class='ocrx_word' id='word_1_84' title='bbox 358 823 382 863; x_wconf 88' lang='lat' dir='ltr'>et</span> <span class='ocrx_word' id='word_1_85' title='bbox 398 822 562 874; x_wconf 83' lang='lat' dir='ltr'>intellegerent</span> <span class='ocrx_word' id='word_1_86' title='bbox 576 823 600 863; x_wconf 87' lang='lat' dir='ltr'>et</span> <span class='ocrx_word' id='word_1_87' title='bbox 614 822 795 872; x_wconf 81' lang='lat' dir='ltr'>sequerentur».</span> <span class='ocrx_word' id='word_1_88' title='bbox 813 822 874 873; x_wconf 82' lang='lat' dir='ltr'>Ergo</span> <span class='ocrx_word' id='word_1_89' title='bbox 891 821 955 863; x_wconf 84' lang='lat' dir='ltr'>Deus</span> <span class='ocrx_word' id='word_1_90' title='bbox 970 821 1035 862; x_wconf 88' lang='lat' dir='ltr'>ante-</span> <span class='ocrx_word' id='word_1_91' title='bbox 1099 823 1107 870; x_wconf 75' lang='lat' dir='ltr'>iss</span> 
     </span>
     <span class='ocr_line' id='line_1_11' title="bbox 186 884 1035 936; baseline -0.003 -10"><span class='ocrx_word' id='word_1_92' title='bbox 186 897 263 936; x_wconf 58' lang='lat' dir='ltr'>&gt;quam</span> <span class='ocrx_word' id='word_1_93' title='bbox 277 885 458 926; x_wconf 71' lang='lat' dir='ltr'>determinatam</span> <span class='ocrx_word' id='word_1_94' title='bbox 470 885 617 925; x_wconf 85' lang='lat' dir='ltr'>vocationem</span> <span class='ocrx_word' id='word_1_95' title='bbox 629 884 741 934; x_wconf 76' lang='lat' dir='ltr'>decernit,</span> <span class='ocrx_word' id='word_1_96' title='bbox 755 885 804 926; x_wconf 85' lang='lat' dir='ltr'>iam</span> <span class='ocrx_word' id='word_1_97' title='bbox 815 886 865 932; x_wconf 85' lang='lat' dir='ltr'>scit,</span> <span class='ocrx_word' id='word_1_98' title='bbox 879 896 940 936; x_wconf 82' lang='lat' dir='ltr'>quae</span> <span class='ocrx_word' id='word_1_99' title='bbox 953 884 1035 924; x_wconf 77' lang='lat' dir='ltr'>futura</span> 
     </span>
     <span class='ocr_line' id='line_1_12' title="bbox 186 947 1035 998; baseline -0.002 -10"><span class='ocrx_word' id='word_1_100' title='bbox 186 949 221 988; x_wconf 79' lang='lat' dir='ltr'>sit</span> <span class='ocrx_word' id='word_1_101' title='bbox 237 948 324 996; x_wconf 83' lang='lat' dir='ltr'>efficax,</span> <span class='ocrx_word' id='word_1_102' title='bbox 341 959 402 998; x_wconf 84' lang='lat' dir='ltr'>quae</span> <span class='ocrx_word' id='word_1_103' title='bbox 418 947 532 989; x_wconf 85' lang='lat' dir='ltr'>inefficax.</span> <span class='ocrx_word' id='word_1_104' title='bbox 554 973 586 979; x_wconf 83' lang='grc'>-</span> <span class='ocrx_word' id='word_1_105' title='bbox 609 948 654 989; x_wconf 82' lang='lat' dir='ltr'>Sed</span> <span class='ocrx_word' id='word_1_106' title='bbox 670 948 729 989; x_wconf 84' lang='lat' dir='ltr'>haee</span> <span class='ocrx_word' id='word_1_107' title='bbox 751 948 860 989; x_wconf 88' lang='lat' dir='ltr'>nondum</span> <span class='ocrx_word' id='word_1_108' title='bbox 876 948 911 989; x_wconf 87' lang='lat' dir='ltr'>est</span> <span class='ocrx_word' id='word_1_109' title='bbox 928 947 1035 988; x_wconf 89' lang='lat' dir='ltr'>doctrina</span> 
     </span>
    </p>
   </div>
   <div class='ocr_carea' id='block_1_4' title="bbox 186 1009 1034 1061">
    <p class='ocr_par' dir='ltr' id='par_1_4' title="bbox 186 999 1107 1061">
     <span class='ocr_line' id='line_1_13' title="bbox 186 1009 1034 1061; baseline 0 -10"><span class='ocrx_word' id='word_1_110' title='bbox 186 1010 328 1051; x_wconf 78' lang='lat' dir='ltr'>:scientiae</span> <span class='ocrx_word' id='word_1_111' title='bbox 344 1010 465 1059; x_wconf 78' lang='lat' dir='ltr'>mediae3</span> <span class='ocrx_word' id='word_1_112' title='bbox 483 1021 541 1051; x_wconf 89' lang='lat' dir='ltr'>nam</span> <span class='ocrx_word' id='word_1_113' title='bbox 558 1011 639 1052; x_wconf 87' lang='lat' dir='ltr'>manet</span> <span class='ocrx_word' id='word_1_114' title='bbox 655 1010 774 1061; x_wconf 81' lang='lat' dir='ltr'>quaestio:</span> <span class='ocrx_word' id='word_1_115' title='bbox 802 1009 881 1052; x_wconf 83' lang='lat' dir='ltr'>Unde</span> <span class='ocrx_word' id='word_1_116' title='bbox 905 1022 934 1051; x_wconf 78' lang='lat' dir='ltr'>ex</span> <span class='ocrx_word' id='word_1_117' title='bbox 955 1010 1034 1051; x_wconf 89' lang='lat' dir='ltr'>mente</span> 
     </span>
    </p>
   </div>
   <div class='ocr_carea' id='block_1_5' title="bbox 186 1070 1107 1258">
    <p class='ocr_par' dir='ltr' id='par_1_5' title="bbox 186 1061 1107 1258">
     <span class='ocr_line' id='line_1_14' title="bbox 190 1070 1034 1125; baseline -0.009 -10"><span class='ocrx_word' id='word_1_118' title='bbox 190 1075 214 1115; x_wconf 81' lang='lat' dir='ltr'>S.</span> <span class='ocrx_word' id='word_1_119' title='bbox 235 1074 363 1125; x_wconf 73' lang='lat' dir='ltr'>Augustini</span> <span class='ocrx_word' id='word_1_120' title='bbox 388 1074 452 1114; x_wconf 89' lang='lat' dir='ltr'>Deus</span> <span class='ocrx_word' id='word_1_121' title='bbox 476 1074 653 1124; x_wconf 73' lang='lat' dir='ltr'>praecognoscit</span> <span class='ocrx_word' id='word_1_122' title='bbox 678 1073 806 1114; x_wconf 86' lang='lat' dir='ltr'>efficaciam</span> <span class='ocrx_word' id='word_1_123' title='bbox 832 1074 855 1114; x_wconf 86' lang='lat' dir='ltr'>et</span> <span class='ocrx_word' id='word_1_124' title='bbox 881 1070 1034 1114; x_wconf 83' lang='lat' dir='ltr'>inefficaciam</span> 
     </span>
     <span class='ocr_line' id='line_1_15' title="bbox 186 1136 1107 1187; baseline -0.001 -15"><span class='ocrx_word' id='word_1_125' title='bbox 186 1137 339 1177; x_wconf 75' lang='lat' dir='ltr'>diversarum</span> <span class='ocrx_word' id='word_1_126' title='bbox 353 1136 518 1177; x_wconf 79' lang='lat' dir='ltr'>vocationum?</span> <span class='ocrx_word' id='word_1_127' title='bbox 535 1137 695 1177; x_wconf 81' lang='lat' dir='ltr'>Possumusne</span> <span class='ocrx_word' id='word_1_128' title='bbox 712 1136 813 1187; x_wconf 82' lang='lat' dir='ltr'>probare</span> <span class='ocrx_word' id='word_1_129' title='bbox 831 1136 971 1177; x_wconf 84' lang='lat' dir='ltr'>sententiam</span> <span class='ocrx_word' id='word_1_130' title='bbox 987 1137 1034 1177; x_wconf 83' lang='lat' dir='ltr'>Au·</span> <span class='ocrx_word' id='word_1_131' title='bbox 1098 1137 1107 1183; x_wconf 55' lang='grc' dir='ltr'>ἓξ</span> 
     </span>
     <span class='ocr_line' id='line_1_16' title="bbox 186 1192 1107 1258; baseline -0.01 -17"><span class='ocrx_word' id='word_1_132' title='bbox 186 1199 279 1258; x_wconf 70' lang='lat' dir='ltr'>gustini</span> <span class='ocrx_word' id='word_1_133' title='bbox 296 1200 357 1240; x_wconf 87' lang='lat' dir='ltr'>esse:</span> <span class='ocrx_word' id='word_1_134' title='bbox 377 1200 442 1240; x_wconf 89' lang='lat' dir='ltr'>Deus</span> <span class='ocrx_word' id='word_1_135' title='bbox 457 1200 482 1240; x_wconf 89' lang='lat' dir='ltr'>id</span> <span class='ocrx_word' id='word_1_136' title='bbox 498 1199 617 1250; x_wconf 73' lang='lat' dir='ltr'>cognoscit</span> <span class='ocrx_word' id='word_1_137' title='bbox 633 1211 665 1240; x_wconf 83' lang='lat' dir='ltr'>ex</span> <span class='ocrx_word' id='word_1_138' title='bbox 682 1200 743 1250; x_wconf 89' lang='lat' dir='ltr'>ipso</span> <span class='ocrx_word' id='word_1_139' title='bbox 761 1209 900 1240; x_wconf 90' lang='lat' dir='ltr'>consensu</span> <span class='ocrx_word' id='word_1_140' title='bbox 917 1200 961 1240; x_wconf 88' lang='lat' dir='ltr'>vel</span> <span class='ocrx_word' id='word_1_141' title='bbox 977 1200 1033 1240; x_wconf 87' lang='lat' dir='ltr'>dis-</span> <span class='ocrx_word' id='word_1_142' title='bbox 1098 1192 1107 1215; x_wconf 63' lang='lat'>³³</span> 
     </span>
    </p>
   </div>
   <div class='ocr_carea' id='block_1_6' title="bbox 186 1250 1107 1312">
    <p class='ocr_par' dir='ltr' id='par_1_6' title="bbox 186 1250 1107 1312">
     <span class='ocr_line' id='line_1_17' title="bbox 186 1250 1107 1312; baseline -0.001 -10"><span class='ocrx_word' id='word_1_143' title='bbox 186 1273 275 1303; x_wconf 87' lang='lat' dir='ltr'>sensu</span> <span class='ocrx_word' id='word_1_144' title='bbox 294 1261 400 1303; x_wconf 89' lang='lat' dir='ltr'>hominis</span> <span class='ocrx_word' id='word_1_145' title='bbox 417 1262 540 1303; x_wconf 87' lang='lat' dir='ltr'>scientia</span> <span class='ocrx_word' id='word_1_146' title='bbox 557 1263 650 1303; x_wconf 89' lang='lat' dir='ltr'>media</span> <span class='ocrx_word' id='word_1_147' title='bbox 668 1263 713 1303; x_wconf 83' lang='lat' dir='ltr'>sub</span> <span class='ocrx_word' id='word_1_148' title='bbox 732 1262 869 1303; x_wconf 87' lang='lat' dir='ltr'>condicione</span> <span class='ocrx_word' id='word_1_149' title='bbox 888 1262 1034 1312; x_wconf 78' lang='lat' dir='ltr'>praeviso?</span> <span class='ocrx_word' id='word_1_150' title='bbox 1099 1250 1107 1295; x_wconf 64' lang='lat'>1³1</span> 
     </span>
    </p>
   </div>
   <div class='ocr_carea' id='block_1_7' title="bbox 164 1324 1034 1502">
    <p class='ocr_par' dir='ltr' id='par_1_7' title="bbox 164 1311 1107 1509">
     <span class='ocr_line' id='line_1_18' title="bbox 186 1324 1034 1367; baseline 0.001 -2"><span class='ocrx_word' id='word_1_151' title='bbox 186 1325 288 1366; x_wconf 79' lang='lat' dir='ltr'>Nullam</span> <span class='ocrx_word' id='word_1_152' title='bbox 306 1325 375 1366; x_wconf 88' lang='lat' dir='ltr'>video</span> <span class='ocrx_word' id='word_1_153' title='bbox 396 1325 512 1366; x_wconf 86' lang='lat' dir='ltr'>rationem</span> <span class='ocrx_word' id='word_1_154' title='bbox 533 1324 719 1367; x_wconf 73' lang='lat' dir='ltr'>convincentem.</span> <span class='ocrx_word' id='word_1_155' title='bbox 741 1326 793 1366; x_wconf 88' lang='lat' dir='ltr'>Non</span> <span class='ocrx_word' id='word_1_156' title='bbox 811 1326 946 1367; x_wconf 76' lang='lat' dir='ltr'>excluditur</span> <span class='ocrx_word' id='word_1_157' title='bbox 963 1325 1034 1366; x_wconf 85' lang='lat' dir='ltr'>inter·</span> 
     </span>
     <span class='ocr_line' id='line_1_19' title="bbox 190 1387 1033 1439; baseline 0.002 -12"><span class='ocrx_word' id='word_1_158' title='bbox 190 1388 303 1439; x_wconf 87' lang='lat' dir='ltr'>pretatio:</span> <span class='ocrx_word' id='word_1_159' title='bbox 326 1388 389 1429; x_wconf 89' lang='lat' dir='ltr'>Deus</span> <span class='ocrx_word' id='word_1_160' title='bbox 412 1387 509 1429; x_wconf 87' lang='lat' dir='ltr'>scientia</span> <span class='ocrx_word' id='word_1_161' title='bbox 526 1388 641 1438; x_wconf 80' lang='lat' dir='ltr'>simplicis</span> <span class='ocrx_word' id='word_1_162' title='bbox 657 1388 831 1439; x_wconf 76' lang='lat' dir='ltr'>iptctlcpeptioe</span> <span class='ocrx_word' id='word_1_163' title='bbox 847 1399 877 1429; x_wconf 82' lang='lat' dir='ltr'>ex</span> <span class='ocrx_word' id='word_1_164' title='bbox 893 1387 944 1439; x_wconf 83' lang='lat' dir='ltr'>ipso</span> <span class='ocrx_word' id='word_1_165' title='bbox 960 1388 1033 1439; x_wconf 87' lang='lat' dir='ltr'>possi·</span> 
     </span>
     <span class='ocr_line' id='line_1_20' title="bbox 164 1450 1033 1502; baseline -0.001 -11"><span class='ocrx_word' id='word_1_166' title='bbox 164 1453 165 1457; x_wconf 78' lang='grc'>’</span> <span class='ocrx_word' id='word_1_167' title='bbox 186 1451 234 1491; x_wconf 79' lang='lat' dir='ltr'>bili</span> <span class='ocrx_word' id='word_1_168' title='bbox 246 1451 299 1492; x_wconf 87' lang='lat' dir='ltr'>actu</span> <span class='ocrx_word' id='word_1_169' title='bbox 311 1451 389 1501; x_wconf 90' lang='lat' dir='ltr'>primo</span> <span class='ocrx_word' id='word_1_170' title='bbox 401 1452 520 1501; x_wconf 81' lang='lat' dir='ltr'>cognoscit</span> <span class='ocrx_word' id='word_1_171' title='bbox 530 1452 556 1493; x_wconf 89' lang='lat' dir='ltr'>in</span> <span class='ocrx_word' id='word_1_172' title='bbox 567 1451 688 1492; x_wconf 77' lang='lat' dir='ltr'>voluntate</span> <span class='ocrx_word' id='word_1_173' title='bbox 700 1451 742 1492; x_wconf 89' lang='lat' dir='ltr'>tali</span> <span class='ocrx_word' id='word_1_174' title='bbox 755 1450 825 1492; x_wconf 89' lang='lat' dir='ltr'>modo</span> <span class='ocrx_word' id='word_1_175' title='bbox 837 1451 951 1502; x_wconf 86' lang='lat' dir='ltr'>disposita</span> <span class='ocrx_word' id='word_1_176' title='bbox 961 1451 1033 1492; x_wconf 87' lang='lat' dir='ltr'>talem</span> 
     </span>
    </p>
   </div>
   <div class='ocr_carea' id='block_1_8' title="bbox 190 1513 1033 1564">
    <p class='ocr_par' dir='ltr' id='par_1_8' title="bbox 190 1510 1107 1570">
     <span class='ocr_line' id='line_1_21' title="bbox 190 1513 1033 1564; baseline 0.001 -11"><span class='ocrx_word' id='word_1_177' title='bbox 190 1513 336 1554; x_wconf 86' lang='lat' dir='ltr'>vocationem</span> <span class='ocrx_word' id='word_1_178' title='bbox 355 1513 427 1554; x_wconf 87' lang='lat' dir='ltr'>talem</span> <span class='ocrx_word' id='word_1_179' title='bbox 446 1513 559 1554; x_wconf 82' lang='lat' dir='ltr'>ellectum</span> <span class='ocrx_word' id='word_1_180' title='bbox 577 1513 680 1555; x_wconf 84' lang='lat' dir='ltr'>liberum</span> <span class='ocrx_word' id='word_1_181' title='bbox 697 1514 868 1564; x_wconf 73' lang='lat' dir='ltr'>producturam</span> <span class='ocrx_word' id='word_1_182' title='bbox 892 1524 949 1554; x_wconf 84' lang='lat' dir='ltr'>esse.</span> <span class='ocrx_word' id='word_1_183' title='bbox 977 1514 1033 1554; x_wconf 87' lang='lat' dir='ltr'>Sine</span> 
     </span>
    </p>
   </div>
   <div class='ocr_carea' id='block_1_9' title="bbox 185 1576 1033 1816">
    <p class='ocr_par' dir='ltr' id='par_1_9' title="bbox 185 1575 1107 1824">
     <span class='ocr_line' id='line_1_22' title="bbox 185 1576 1033 1630; baseline -0.001 -13"><span class='ocrx_word' id='word_1_184' title='bbox 185 1577 262 1617; x_wconf 84' lang='lat' dir='ltr'>dubio</span> <span class='ocrx_word' id='word_1_185' title='bbox 278 1577 301 1617; x_wconf 86' lang='lat' dir='ltr'>S.</span> <span class='ocrx_word' id='word_1_186' title='bbox 317 1576 466 1627; x_wconf 79' lang='lat' dir='ltr'>Augustinus</span> <span class='ocrx_word' id='word_1_187' title='bbox 478 1588 528 1616; x_wconf 81' lang='lat' dir='ltr'>non</span> <span class='ocrx_word' id='word_1_188' title='bbox 543 1576 652 1627; x_wconf 76' lang='lat' dir='ltr'>copitavit</span> <span class='ocrx_word' id='word_1_189' title='bbox 667 1577 696 1617; x_wconf 82' lang='lat' dir='ltr'>dc</span> <span class='ocrx_word' id='word_1_190' title='bbox 707 1577 961 1627; x_wconf 59' lang='lat' dir='ltr'>praedeterminatum</span> <span class='ocrx_word' id='word_1_191' title='bbox 974 1577 1033 1630; x_wconf 76' lang='lat' dir='ltr'>php-</span> 
     </span>
     <span class='ocr_line' id='line_1_23' title="bbox 189 1638 1033 1690; baseline 0 -12"><span class='ocrx_word' id='word_1_192' title='bbox 189 1640 238 1679; x_wconf 81' lang='lat' dir='ltr'>sicu</span> <span class='ocrx_word' id='word_1_193' title='bbox 258 1639 420 1680; x_wconf 89' lang='lat' dir='ltr'>condicionate</span> <span class='ocrx_word' id='word_1_194' title='bbox 440 1638 529 1687; x_wconf 80' lang='lat' dir='ltr'>lutura,</span> <span class='ocrx_word' id='word_1_195' title='bbox 551 1650 611 1689; x_wconf 83' lang='lat' dir='ltr'>quae</span> <span class='ocrx_word' id='word_1_196' title='bbox 630 1639 678 1680; x_wconf 90' lang='lat' dir='ltr'>Deo</span> <span class='ocrx_word' id='word_1_197' title='bbox 699 1639 730 1680; x_wconf 90' lang='lat' dir='ltr'>sit</span> <span class='ocrx_word' id='word_1_198' title='bbox 749 1639 856 1681; x_wconf 86' lang='lat' dir='ltr'>medium</span> <span class='ocrx_word' id='word_1_199' title='bbox 877 1639 1033 1690; x_wconf 79' lang='lat' dir='ltr'>cognoscendi</span> 
     </span>
     <span class='ocr_line' id='line_1_24' title="bbox 185 1701 1033 1754; baseline 0.002 -13"><span class='ocrx_word' id='word_1_200' title='bbox 185 1702 302 1742; x_wconf 31' lang='lat' dir='ltr'>*effectum</span> <span class='ocrx_word' id='word_1_201' title='bbox 317 1701 466 1742; x_wconf 85' lang='lat' dir='ltr'>diversarum</span> <span class='ocrx_word' id='word_1_202' title='bbox 481 1701 639 1742; x_wconf 87' lang='lat' dir='ltr'>vocationum.</span> <span class='ocrx_word' id='word_1_203' title='bbox 657 1703 703 1744; x_wconf 84' lang='lat' dir='ltr'>Sed</span> <span class='ocrx_word' id='word_1_204' title='bbox 720 1703 804 1744; x_wconf 80' lang='lat' dir='ltr'>solutio</span> <span class='ocrx_word' id='word_1_205' title='bbox 820 1703 1033 1754; x_wconf 74' lang='lat' dir='ltr'>Aripusttnensium</span> 
     </span>
     <span class='ocr_line' id='line_1_25' title="bbox 188 1765 1031 1816; baseline 0.002 -12"><span class='ocrx_word' id='word_1_206' title='bbox 188 1765 248 1805; x_wconf 88' lang='lat' dir='ltr'>bene</span> <span class='ocrx_word' id='word_1_207' title='bbox 260 1776 315 1805; x_wconf 84' lang='lat' dir='ltr'>curn</span> <span class='ocrx_word' id='word_1_208' title='bbox 326 1765 378 1805; x_wconf 91' lang='lat' dir='ltr'>eius</span> <span class='ocrx_word' id='word_1_209' title='bbox 387 1765 513 1815; x_wconf 87' lang='lat' dir='ltr'>principiis</span> <span class='ocrx_word' id='word_1_210' title='bbox 523 1765 638 1806; x_wconf 73' lang='lat' dir='ltr'>cohaeret.</span> <span class='ocrx_word' id='word_1_211' title='bbox 653 1766 691 1806; x_wconf 85' lang='lat' dir='ltr'>Sic</span> <span class='ocrx_word' id='word_1_212' title='bbox 703 1766 767 1807; x_wconf 85' lang='lat' dir='ltr'>Deus</span> <span class='ocrx_word' id='word_1_213' title='bbox 779 1777 807 1806; x_wconf 84' lang='lat' dir='ltr'>ex</span> <span class='ocrx_word' id='word_1_214' title='bbox 819 1765 872 1806; x_wconf 87' lang='lat' dir='ltr'>actu</span> <span class='ocrx_word' id='word_1_215' title='bbox 884 1765 969 1816; x_wconf 86' lang='lat' dir='ltr'>primo,</span> <span class='ocrx_word' id='word_1_216' title='bbox 983 1765 998 1805; x_wconf 91' lang='lat' dir='ltr'>i.</span> <span class='ocrx_word' id='word_1_217' title='bbox 1011 1770 1031 1806; x_wconf 86' lang='lat' dir='ltr'>e.</span> 
     </span>
    </p>
   </div>
   <div class='ocr_carea' id='block_1_10' title="bbox 185 1827 1033 1879">
    <p class='ocr_par' dir='ltr' id='par_1_10' title="bbox 185 1798 1107 1879">
     <span class='ocr_line' id='line_1_26' title="bbox 185 1827 1033 1879; baseline 0.001 -12"><span class='ocrx_word' id='word_1_218' title='bbox 185 1838 219 1867; x_wconf 79' lang='lat' dir='ltr'>ex</span> <span class='ocrx_word' id='word_1_219' title='bbox 235 1827 336 1868; x_wconf 86' lang='lat' dir='ltr'>diversis</span> <span class='ocrx_word' id='word_1_220' title='bbox 353 1827 549 1868; x_wconf 69' lang='lat' dir='ltr'>delectationibus</span> <span class='ocrx_word' id='word_1_221' title='bbox 566 1827 666 1879; x_wconf 81' lang='lat' dir='ltr'>aliisque</span> <span class='ocrx_word' id='word_1_222' title='bbox 685 1827 854 1869; x_wconf 78' lang='lat' dir='ltr'>affectionibus</span> <span class='ocrx_word' id='word_1_223' title='bbox 871 1829 949 1869; x_wconf 87' lang='lat' dir='ltr'>adhuc</span> <span class='ocrx_word' id='word_1_224' title='bbox 967 1828 1033 1869; x_wconf 87' lang='lat' dir='ltr'>inde·</span> 
     </span>
    </p>
   </div>
   <div class='ocr_carea' id='block_1_11' title="bbox 184 1888 1032 1941">
    <p class='ocr_par' dir='ltr' id='par_1_11' title="bbox 184 1878 1107 1941">
     <span class='ocr_line' id='line_1_27' title="bbox 184 1888 1032 1941; baseline 0 -11"><span class='ocrx_word' id='word_1_225' title='bbox 184 1889 302 1938; x_wconf 75' lang='lat' dir='ltr'>liberatis,</span> <span class='ocrx_word' id='word_1_226' title='bbox 320 1890 383 1931; x_wconf 83' lang='lat' dir='ltr'>certo</span> <span class='ocrx_word' id='word_1_227' title='bbox 398 1890 553 1941; x_wconf 76' lang='lat' dir='ltr'>cognosceret,</span> <span class='ocrx_word' id='word_1_228' title='bbox 571 1890 630 1941; x_wconf 80' lang='lat' dir='ltr'>quid</span> <span class='ocrx_word' id='word_1_229' title='bbox 645 1889 756 1931; x_wconf 84' lang='lat' dir='ltr'>voluntas</span> <span class='ocrx_word' id='word_1_230' title='bbox 771 1890 873 1932; x_wconf 76' lang='lat' dir='ltr'>electura</span> <span class='ocrx_word' id='word_1_231' title='bbox 889 1888 955 1940; x_wconf 80' lang='lat' dir='ltr'>esset,</span> <span class='ocrx_word' id='word_1_232' title='bbox 971 1892 990 1932; x_wconf 91' lang='lat' dir='ltr'>si</span> <span class='ocrx_word' id='word_1_233' title='bbox 1007 1892 1032 1931; x_wconf 92' lang='lat' dir='ltr'>in</span> 
     </span>
    </p>
   </div>
   <div class='ocr_carea' id='block_1_12' title="bbox 184 1952 1033 2065">
    <p class='ocr_par' dir='ltr' id='par_1_12' title="bbox 184 1940 1107 2065">
     <span class='ocr_line' id='line_1_28' title="bbox 184 1952 1033 2005; baseline 0.002 -14"><span class='ocrx_word' id='word_1_234' title='bbox 184 1952 305 1993; x_wconf 86' lang='lat' dir='ltr'>concretis</span> <span class='ocrx_word' id='word_1_235' title='bbox 322 1952 503 2004; x_wconf 81' lang='lat' dir='ltr'>condicionibus</span> <span class='ocrx_word' id='word_1_236' title='bbox 528 1952 685 1994; x_wconf 87' lang='lat' dir='ltr'>determinata</span> <span class='ocrx_word' id='word_1_237' title='bbox 710 1954 815 2005; x_wconf 85' lang='lat' dir='ltr'>quadam</span> <span class='ocrx_word' id='word_1_238' title='bbox 837 1954 958 1996; x_wconf 74' lang='lat' dir='ltr'>vocatione</span> <span class='ocrx_word' id='word_1_239' title='bbox 982 1955 1033 1995; x_wconf 86' lang='lat' dir='ltr'>tan-</span> 
     </span>
     <span class='ocr_line' id='line_1_29' title="bbox 189 2014 290 2065; baseline -0.002 -10"><span class='ocrx_word' id='word_1_240' title='bbox 189 2014 290 2065; x_wconf 82' lang='lat' dir='ltr'>geretur.</span> 
     </span>
    </p>
   </div>
   <div class='ocr_carea' id='block_1_13' title="bbox 186 2117 1032 2193">
    <p class='ocr_par' dir='ltr' id='par_1_13' title="bbox 186 2111 1107 2198">
     <span class='ocr_line' id='line_1_30' title="bbox 186 2117 1032 2193; baseline 0.002 -14"><span class='ocrx_word' id='word_1_241' title='bbox 186 2117 243 2180; x_wconf 72' lang='grc'><strong><em>624.</em></strong></span> <span class='ocrx_word' id='word_1_242' title='bbox 280 2141 411 2180; x_wconf 88' lang='lat' dir='ltr'>Possumus</span> <span class='ocrx_word' id='word_1_243' title='bbox 421 2141 520 2191; x_wconf 79' lang='lat' dir='ltr'>quidem</span> <span class='ocrx_word' id='word_1_244' title='bbox 530 2153 559 2182; x_wconf 81' lang='lat' dir='ltr'>ex</span> <span class='ocrx_word' id='word_1_245' title='bbox 570 2141 703 2190; x_wconf 67' lang='lat' dir='ltr'>Quaestori</span> <span class='ocrx_word' id='word_1_246' title='bbox 713 2141 883 2193; x_wconf 77' lang='lat' dir='ltr'>Simpl.t,2n.</span> <span class='ocrx_word' id='word_1_247' title='bbox 894 2145 920 2182; x_wconf 77' lang='lat'>13</span> <span class='ocrx_word' id='word_1_248' title='bbox 931 2141 1032 2182; x_wconf 86' lang='lat' dir='ltr'>nonnul·</span> 
     </span>
    </p>
   </div>
   <div class='ocr_carea' id='block_1_14' title="bbox 184 2204 1031 2256">
    <p class='ocr_par' dir='ltr' id='par_1_14' title="bbox 184 2201 1107 2260">
     <span class='ocr_line' id='line_1_31' title="bbox 184 2204 1031 2256; baseline 0.003 -13"><span class='ocrx_word' id='word_1_249' title='bbox 184 2204 224 2244; x_wconf 88' lang='lat' dir='ltr'>los</span> <span class='ocrx_word' id='word_1_250' title='bbox 236 2204 315 2245; x_wconf 75' lang='lat' dir='ltr'>tentus</span> <span class='ocrx_word' id='word_1_251' title='bbox 326 2205 421 2255; x_wconf 71' lang='lat' dir='ltr'>atierre,</span> <span class='ocrx_word' id='word_1_252' title='bbox 438 2206 478 2256; x_wconf 80' lang='lat' dir='ltr'>qui</span> <span class='ocrx_word' id='word_1_253' title='bbox 492 2205 682 2254; x_wconf 82' lang='lat' dir='ltr'>explicationi</span> <span class='ocrx_word' id='word_1_254' title='bbox 695 2205 890 2247; x_wconf 87' lang='lat' dir='ltr'>molinisticae</span> <span class='ocrx_word' id='word_1_255' title='bbox 904 2205 1031 2253; x_wconf 85' lang='lat' dir='ltr'>iaveant;</span> 
     </span>
    </p>
   </div>
   <div class='ocr_carea' id='block_1_15' title="bbox 184 2268 1033 2321">
    <p class='ocr_par' dir='ltr' id='par_1_15' title="bbox 184 2260 1107 2324">
     <span class='ocr_line' id='line_1_32' title="bbox 184 2268 1033 2321; baseline 0.002 -13"><span class='ocrx_word' id='word_1_256' title='bbox 184 2269 323 2309; x_wconf 55' lang='lat' dir='ltr'>&lt;cuiusmodi</span> <span class='ocrx_word' id='word_1_257' title='bbox 341 2268 408 2309; x_wconf 87' lang='lat' dir='ltr'>sunt:</span> <span class='ocrx_word' id='word_1_258' title='bbox 432 2269 533 2319; x_wconf 80' lang='lat' dir='ltr'>«aptum</span> <span class='ocrx_word' id='word_1_259' title='bbox 550 2269 591 2318; x_wconf 83' lang='lat' dir='ltr'>est,</span> <span class='ocrx_word' id='word_1_260' title='bbox 610 2270 638 2311; x_wconf 87' lang='lat' dir='ltr'>ut</span> <span class='ocrx_word' id='word_1_261' title='bbox 654 2275 816 2321; x_wconf 72' lang='lat' dir='ltr'>separanitur»,v</span> <span class='ocrx_word' id='word_1_262' title='bbox 832 2281 986 2320; x_wconf 79' lang='lat' dir='ltr'>«congruere,</span> <span class='ocrx_word' id='word_1_263' title='bbox 1006 2270 1033 2311; x_wconf 88' lang='lat' dir='ltr'>ut</span> 
     </span>
    </p>
   </div>
   <div class='ocr_carea' id='block_1_16' title="bbox 188 2333 1032 2387">
    <p class='ocr_par' dir='ltr' id='par_1_16' title="bbox 188 2323 1107 2389">
     <span class='ocr_line' id='line_1_33' title="bbox 188 2333 1032 2387; baseline 0.002 -15"><span class='ocrx_word' id='word_1_264' title='bbox 188 2333 312 2374; x_wconf 90' lang='lat' dir='ltr'>vocantem</span> <span class='ocrx_word' id='word_1_265' title='bbox 324 2345 373 2373; x_wconf 79' lang='lat' dir='ltr'>aon</span> <span class='ocrx_word' id='word_1_266' title='bbox 386 2340 508 2385; x_wconf 77' lang='lat' dir='ltr'>respuat».</span> <span class='ocrx_word' id='word_1_267' title='bbox 525 2335 572 2375; x_wconf 83' lang='lat' dir='ltr'>Sed</span> <span class='ocrx_word' id='word_1_268' title='bbox 585 2334 670 2375; x_wconf 79' lang='lat' dir='ltr'>saltem</span> <span class='ocrx_word' id='word_1_269' title='bbox 684 2346 758 2386; x_wconf 80' lang='lat' dir='ltr'>aeque</span> <span class='ocrx_word' id='word_1_270' title='bbox 772 2336 906 2387; x_wconf 77' lang='lat' dir='ltr'>frequentes</span> <span class='ocrx_word' id='word_1_271' title='bbox 921 2336 977 2377; x_wconf 87' lang='lat' dir='ltr'>sunt</span> <span class='ocrx_word' id='word_1_272' title='bbox 991 2335 1032 2376; x_wconf 89' lang='lat' dir='ltr'>alii</span> 
     </span>
    </p>
   </div>
   <div class='ocr_carea' id='block_1_17' title="bbox 184 2397 1032 2516">
    <p class='ocr_par' dir='ltr' id='par_1_17' title="bbox 184 2389 1107 2516">
     <span class='ocr_line' id='line_1_34' title="bbox 188 2397 1032 2451; baseline 0.002 -13"><span class='ocrx_word' id='word_1_273' title='bbox 188 2398 253 2439; x_wconf 87' lang='lat' dir='ltr'>modi</span> <span class='ocrx_word' id='word_1_274' title='bbox 277 2398 398 2449; x_wconf 85' lang='lat' dir='ltr'>loquendi,</span> <span class='ocrx_word' id='word_1_275' title='bbox 423 2399 464 2449; x_wconf 84' lang='lat' dir='ltr'>qui</span> <span class='ocrx_word' id='word_1_276' title='bbox 488 2397 568 2450; x_wconf 87' lang='lat' dir='ltr'>potius</span> <span class='ocrx_word' id='word_1_277' title='bbox 591 2398 774 2451; x_wconf 76' lang='lat' dir='ltr'>explicationem</span> <span class='ocrx_word' id='word_1_278' title='bbox 798 2400 1032 2451; x_wconf 79' lang='lat' dir='ltr'>augustinianam</span> 
     </span>
     <span class='ocr_line' id='line_1_35' title="bbox 184 2463 1032 2516; baseline 0.003 -14"><span class='ocrx_word' id='word_1_279' title='bbox 184 2463 338 2504; x_wconf 84' lang='lat' dir='ltr'>suadeant:</span> <span class='ocrx_word' id='word_1_280' title='bbox 357 2470 467 2514; x_wconf 82' lang='lat' dir='ltr'>«possent</span> <span class='ocrx_word' id='word_1_281' title='bbox 479 2463 682 2513; x_wconf 71' lang='lat' dir='ltr'>accommodare»,</span> <span class='ocrx_word' id='word_1_282' title='bbox 698 2465 810 2513; x_wconf 82' lang='lat' dir='ltr'>«moveri,</span> <span class='ocrx_word' id='word_1_283' title='bbox 823 2476 872 2505; x_wconf 82' lang='lat' dir='ltr'>non</span> <span class='ocrx_word' id='word_1_284' title='bbox 883 2471 980 2516; x_wconf 76' lang='lat' dir='ltr'>possent</span> <span class='ocrx_word' id='word_1_285' title='bbox 989 2475 1032 2506; x_wconf 88' lang='lat' dir='ltr'>nec</span> 
     </span>
    </p>
   </div>
   <div class='ocr_carea' id='block_1_18' title="bbox 184 2528 1032 2644">
    <p class='ocr_par' dir='ltr' id='par_1_18' title="bbox 184 2516 1107 2644">
     <span class='ocr_line' id='line_1_36' title="bbox 184 2528 1032 2579; baseline 0 -12"><span class='ocrx_word' id='word_1_286' title='bbox 184 2539 241 2567; x_wconf 83' lang='lat' dir='ltr'>eam</span> <span class='ocrx_word' id='word_1_287' title='bbox 258 2539 341 2578; x_wconf 84' lang='lat' dir='ltr'>capere</span> <span class='ocrx_word' id='word_1_288' title='bbox 358 2528 408 2577; x_wconf 86' lang='lat' dir='ltr'>apti</span> <span class='ocrx_word' id='word_1_289' title='bbox 425 2528 529 2570; x_wconf 66' lang='lat' dir='ltr'>essent»,</span> <span class='ocrx_word' id='word_1_290' title='bbox 548 2529 652 2569; x_wconf 82' lang='lat' dir='ltr'>Suarez</span> <span class='ocrx_word' id='word_1_291' title='bbox 670 2529 768 2579; x_wconf 84' lang='lat' dir='ltr'>quidem</span> <span class='ocrx_word' id='word_1_292' title='bbox 785 2529 859 2570; x_wconf 87' lang='lat' dir='ltr'>totam</span> <span class='ocrx_word' id='word_1_293' title='bbox 876 2529 937 2571; x_wconf 86' lang='lat' dir='ltr'>hanc</span> <span class='ocrx_word' id='word_1_294' title='bbox 952 2530 1032 2570; x_wconf 82' lang='lat' dir='ltr'>tenni-</span> 
     </span>
     <span class='ocr_line' id='line_1_37' title="bbox 188 2592 1032 2644; baseline -0.001 -12"><span class='ocrx_word' id='word_1_295' title='bbox 188 2592 308 2642; x_wconf 84' lang='lat' dir='ltr'>nologiam</span> <span class='ocrx_word' id='word_1_296' title='bbox 326 2592 350 2632; x_wconf 84' lang='lat' dir='ltr'>S.</span> <span class='ocrx_word' id='word_1_297' title='bbox 372 2592 500 2644; x_wconf 82' lang='lat' dir='ltr'>Augustini</span> <span class='ocrx_word' id='word_1_298' title='bbox 520 2594 588 2644; x_wconf 83' lang='lat' dir='ltr'>quasi</span> <span class='ocrx_word' id='word_1_299' title='bbox 608 2593 755 2644; x_wconf 81' lang='lat' dir='ltr'>manciparit</span> <span class='ocrx_word' id='word_1_300' title='bbox 774 2594 799 2634; x_wconf 90' lang='lat' dir='ltr'>in</span> <span class='ocrx_word' id='word_1_301' title='bbox 820 2594 942 2635; x_wconf 86' lang='lat' dir='ltr'>servitium</span> <span class='ocrx_word' id='word_1_302' title='bbox 963 2594 1032 2634; x_wconf 77' lang='lat' dir='ltr'>Moli·</span> 
     </span>
    </p>
   </div>
   <div class='ocr_carea' id='block_1_19' title="bbox 184 2656 1032 3031">
    <p class='ocr_par' dir='ltr' id='par_1_19' title="bbox 184 2650 1107 3031">
     <span class='ocr_line' id='line_1_38' title="bbox 188 2656 1031 2709; baseline 0.004 -14"><span class='ocrx_word' id='word_1_303' title='bbox 188 2656 261 2696; x_wconf 87' lang='lat' dir='ltr'>nismi</span> <span class='ocrx_word' id='word_1_304' title='bbox 275 2656 311 2697; x_wconf 88' lang='lat' dir='ltr'>vel</span> <span class='ocrx_word' id='word_1_305' title='bbox 326 2656 406 2707; x_wconf 90' lang='lat' dir='ltr'>potius</span> <span class='ocrx_word' id='word_1_306' title='bbox 421 2657 572 2708; x_wconf 80' lang='lat' dir='ltr'>Congruismi</span> <span class='ocrx_word' id='word_1_307' title='bbox 588 2660 618 2709; x_wconf 76' lang='lat' dir='ltr'>(v.</span> <span class='ocrx_word' id='word_1_308' title='bbox 634 2669 658 2698; x_wconf 90' lang='lat' dir='ltr'>n.</span> <span class='ocrx_word' id='word_1_309' title='bbox 674 2661 714 2699; x_wconf 76' lang='grc'>628</span> <span class='ocrx_word' id='word_1_310' title='bbox 728 2658 787 2709; x_wconf 77' lang='grc'>648),</span> <span class='ocrx_word' id='word_1_311' title='bbox 803 2670 830 2699; x_wconf 87' lang='lat' dir='ltr'>eo</span> <span class='ocrx_word' id='word_1_312' title='bbox 844 2659 908 2709; x_wconf 81' lang='lat' dir='ltr'>quod</span> <span class='ocrx_word' id='word_1_313' title='bbox 922 2658 1031 2699; x_wconf 84' lang='lat' dir='ltr'>essentia·</span> 
     </span>
     <span class='ocr_line' id='line_1_39' title="bbox 184 2718 1032 2773; baseline 0.005 -14"><span class='ocrx_word' id='word_1_314' title='bbox 184 2720 236 2760; x_wconf 85' lang='lat' dir='ltr'>&#39;lem</span> <span class='ocrx_word' id='word_1_315' title='bbox 258 2721 429 2771; x_wconf 78' lang='lat' dir='ltr'>congruitatem</span> <span class='ocrx_word' id='word_1_316' title='bbox 452 2734 481 2762; x_wconf 77' lang='lat' dir='ltr'>ex</span> <span class='ocrx_word' id='word_1_317' title='bbox 504 2718 562 2772; x_wconf 87' lang='lat' dir='ltr'>ipso</span> <span class='ocrx_word' id='word_1_318' title='bbox 578 2733 694 2763; x_wconf 87' lang='lat' dir='ltr'>consensu</span> <span class='ocrx_word' id='word_1_319' title='bbox 716 2734 760 2773; x_wconf 88' lang='lat' dir='ltr'>per</span> <span class='ocrx_word' id='word_1_320' title='bbox 781 2721 904 2763; x_wconf 75' lang='lat' dir='ltr'>scientium</span> <span class='ocrx_word' id='word_1_321' title='bbox 927 2724 1032 2764; x_wconf 88' lang='lat' dir='ltr'>mediam</span> 
     </span>
     <span class='ocr_line' id='line_1_40' title="bbox 184 2784 1023 2839; baseline 0.003 -15"><span class='ocrx_word' id='word_1_322' title='bbox 184 2784 281 2835; x_wconf 58' lang='lat' dir='ltr'>&gt;cognito</span> <span class='ocrx_word' id='word_1_323' title='bbox 295 2785 393 2834; x_wconf 65' lang='lat' dir='ltr'>derivat</span> <span class='ocrx_word' id='word_1_324' title='bbox 408 2787 448 2827; x_wconf 87' lang='lat' dir='ltr'>sed</span> <span class='ocrx_word' id='word_1_325' title='bbox 459 2786 575 2826; x_wconf 80' lang='lat' dir='ltr'>oblivioni</span> <span class='ocrx_word' id='word_1_326' title='bbox 588 2788 639 2827; x_wconf 79' lang='lat' dir='ltr'>dari</span> <span class='ocrx_word' id='word_1_327' title='bbox 653 2798 701 2828; x_wconf 88' lang='lat' dir='ltr'>non</span> <span class='ocrx_word' id='word_1_328' title='bbox 715 2787 785 2828; x_wconf 84' lang='lat' dir='ltr'>debet</span> <span class='ocrx_word' id='word_1_329' title='bbox 796 2789 869 2837; x_wconf 80' lang='lat' dir='ltr'>rerba</span> <span class='ocrx_word' id='word_1_330' title='bbox 882 2787 1023 2839; x_wconf 87' lang='lat' dir='ltr'>aptitudinis</span> 
     </span>
     <span class='ocr_line' id='line_1_41' title="bbox 189 2848 1031 2903; baseline 0.002 -14"><span class='ocrx_word' id='word_1_331' title='bbox 189 2848 331 2897; x_wconf 79' lang='lat' dir='ltr'>idoneitatis,</span> <span class='ocrx_word' id='word_1_332' title='bbox 352 2850 513 2900; x_wconf 80' lang='lat' dir='ltr'>congruitatis,</span> <span class='ocrx_word' id='word_1_333' title='bbox 533 2850 756 2902; x_wconf 85' lang='lat' dir='ltr'>contemperationis</span> <span class='ocrx_word' id='word_1_334' title='bbox 773 2852 816 2892; x_wconf 87' lang='lat' dir='ltr'>etc.</span> <span class='ocrx_word' id='word_1_335' title='bbox 836 2849 878 2903; x_wconf 80' lang='lat' dir='ltr'>per</span> <span class='ocrx_word' id='word_1_336' title='bbox 897 2851 921 2892; x_wconf 80' lang='lat' dir='ltr'>se</span> <span class='ocrx_word' id='word_1_337' title='bbox 940 2851 1002 2903; x_wconf 84' lang='lat' dir='ltr'>signi</span> <span class='ocrx_word' id='word_1_338' title='bbox 1023 2878 1031 2884; x_wconf 95' lang='lat'><em>-</em></span> 
     </span>
     <span class='ocr_line' id='line_1_42' title="bbox 184 2913 1032 2967; baseline 0.005 -14"><span class='ocrx_word' id='word_1_339' title='bbox 184 2925 240 2954; x_wconf 86' lang='lat' dir='ltr'>care</span> <span class='ocrx_word' id='word_1_340' title='bbox 252 2913 357 2966; x_wconf 85' lang='lat' dir='ltr'>indolem</span> <span class='ocrx_word' id='word_1_341' title='bbox 369 2917 431 2954; x_wconf 75' lang='lat' dir='ltr'>necui</span> <span class='ocrx_word' id='word_1_342' title='bbox 440 2916 519 2966; x_wconf 82' lang='lat' dir='ltr'>primo</span> <span class='ocrx_word' id='word_1_343' title='bbox 531 2916 578 2956; x_wconf 86' lang='lat' dir='ltr'>iarn</span> <span class='ocrx_word' id='word_1_344' title='bbox 589 2916 754 2957; x_wconf 86' lang='lat' dir='ltr'>antecedenter</span> <span class='ocrx_word' id='word_1_345' title='bbox 764 2918 795 2957; x_wconf 89' lang='lat' dir='ltr'>ad</span> <span class='ocrx_word' id='word_1_346' title='bbox 805 2915 941 2967; x_wconf 82' lang='lat' dir='ltr'>praevisum</span> <span class='ocrx_word' id='word_1_347' title='bbox 952 2918 1032 2957; x_wconf 86' lang='lat' dir='ltr'>actum</span> 
     </span>
     <span class='ocr_line' id='line_1_43' title="bbox 185 2978 1031 3031; baseline 0.001 -13"><span class='ocrx_word' id='word_1_348' title='bbox 185 2980 319 3019; x_wconf 80' lang='lat' dir='ltr'>secundum</span> <span class='ocrx_word' id='word_1_349' title='bbox 339 2978 442 3020; x_wconf 79' lang='lat' dir='ltr'>liberum</span> <span class='ocrx_word' id='word_1_350' title='bbox 462 2980 591 3031; x_wconf 85' lang='lat' dir='ltr'>propriam.</span> <span class='ocrx_word' id='word_1_351' title='bbox 618 2981 679 3021; x_wconf 88' lang='lat' dir='ltr'>Hinc</span> <span class='ocrx_word' id='word_1_352' title='bbox 703 2979 826 3031; x_wconf 79' lang='lat' dir='ltr'>positive</span> <span class='ocrx_word' id='word_1_353' title='bbox 853 2982 1031 3030; x_wconf 84' lang='lat' dir='ltr'>probandum</span> 
     </span>
    </p>
   </div>
   <div class='ocr_carea' id='block_1_20' title="bbox 0 0 1112 3350">
    <p class='ocr_par' dir='ltr' id='par_1_20' title="bbox 0 0 1112 3350">
     <span class='ocr_line' id='line_1_44' title="bbox 0 0 1112 3350; baseline 0 0"><span class='ocrx_word' id='word_1_354' title='bbox 0 0 1112 3350; x_wconf 95' lang='lat' dir='ltr'> </span> 
     </span>
    </p>
   </div>
  </div>
 </body>
</html>
