2214 3350
179 205 256 242 Thesis
274 206 303 242 22.
325 205 427 250 systema
444 202 691 250 praedetenoinationis
706 204 812 252 physicae
884 203 921 241 469

73 334 97 345 -.-
110 314 128 360 e)
143 314 243 353 Auctor
255 313 397 351 libertatis
411 312 499 355 creatae
512 320 563 354 eam
576 320 623 355 non
635 311 715 357 aufert,
731 312 770 348 sed
783 311 858 358 potius
872 320 920 358 per-

74 367 119 403 ficit
138 366 287 402 et-nobilitat.
306 385 330 400 ,-
348 366 427 412 Resp.
448 365 513 407 Deus¹
535 362 637 408 quamvis
657 364 687 408 sit
705 364 782 407 auctor
800 363 918 406 libertatis,

74 422 150 457 tamen
164 420 253 465 potest
265 419 298 464 ita
313 419 406 455 influere
421 418 447 453 in
460 415 604 458 voluntatem,
621 416 647 451 ut
662 415 770 451 auferat
785 415 917 457 libertatem,

73 482 93 509 v.
110 481 129 517 g.
145 472 253 507 movendo
268 471 293 507 in
306 472 390 507 bonum
403 468 536 509 universale⁴
554 468 613 512 Ergo
628 467 704 510 manet
720 467 825 512 quaestio,
842 467 919 509 utrum

74 533 125 560 cuin
142 523 231 559 influxu
256 521 473 570 praedeterminante
498 520 558 562 stare
584 519 655 565 possit
673 518 771 564 libertas,
792 519 827 555 vel
844 519 919 564 potius

73 578 165 614 manent
180 576 258 613 nostra
270 574 410 622 argumenta,
427 582 484 619 quae
499 573 557 615 hanc
573 571 728 617 quaestionem
741 570 767 618 in
780 571 868 617 partem
883 580 919 606 ne·
993 596 994 599 η

73 630 163 675 gentem
176 629 269 665 solvunt.
284 648 307 663 -,-
320 629 341 675 d)
356 628 414 663 Deus
428 635 473 662 non
486 624 558 662 solum
571 622 761 670 praedeterminat
774 623 804 659 ad
817 622 919 658 substan-

72 685 129 719 tiam
141 682 211 724 actus
225 681 364 718 sedetiam
378 681 410 716 ad
422 679 525 715 modum
539 676 691 713 libertatis.
706 696 730 702 -
742 676 819 722 Resp.
836 674 919 722 Eodem

72 738 121 772 iure
131 736 251 772 diceretur:
267 736 325 771 Deus
338 734 392 770 iacit
404 733 512 769 circulum
524 733 545 768 et
557 731 620 768 addit
632 731 724 783 modum
736 729 845 776 quadrati.
860 730 919 769 Nam

74 789 211 826 ostendimus
234 786 543 833 incompossibilitatem
564 780 700 820 notarum.
727 782 774 824 Ista
796 781 919 828 propositio

72 843 123 879 aliis
137 842 209 879 verbis
223 842 345 887 significat:
364 853 375 874 α
383 842 442 877 Deus
456 839 556 875 absolute
570 837 687 874 efficaciter
702 836 804 879 decrevit,
819 838 845 872 ut
859 844 918 871 unus

72 898 173 942 idemque
184 896 247 932 actus
259 897 299 932 sub
311 895 387 930 eodem
398 894 499 940 respectu
509 894 541 929 ita
551 891 598 937 fiat,
611 893 637 928 ut
647 892 713 927 aliter·
723 891 771 938 fieri
782 899 828 926 oon
839 890 916 937 possit,

72 951 93 986 et
105 950 177 994 simul,
190 950 215 984 ut
227 949 292 985 aliter
303 949 352 994 fieri
363 949 433 993 possit
441 961 451 980 n
466 948 593 993 (Licnbourq
605 956 626 992 p.
641 945 691 992 109).
705 964 729 971 -
740 947 759 992 e)
772 945 829 982 Cum
841 943 917 980 volun-

71 1004 107 1039 tas
119 1004 195 1045 creata
210 1003 280 1048 possit
296 997 323 1038 se
338 1002 399 1047 ipsa
415 1000 562 1037 determinare
578 1000 607 1036 ad
623 999 698 1035 actum
713 998 814 1041 liberum,
832 1007 847 1034 a
863 998 917 1033 ior-

71 1057 137 1092 tiori
153 1054 222 1092 Deus
242 1056 381 1101 omnipotens
399 1054 440 1090 hoc
459 1053 540 1099 poterit
560 1052 654 1099 (Genet).
673 1071 697 1078 -
715 1052 793 1098 Resp.
814 1052 916 1088 Libertas

71 1119 97 1145 ex
110 1110 216 1155 conceptu
228 1108 328 1153 requirit,
340 1108 365 1143 ut
379 1116 461 1151 agens
473 1108 521 1152 ipse
535 1116 558 1142 se
573 1106 710 1148 determinet,
725 1114 770 1141 non
784 1105 915 1141 determina-

70 1162 107 1197 tus
119 1160 146 1196 ab
160 1160 206 1196 cllo
220 1158 270 1195 alto.

71 1273 125 1315 594.
149 1272 170 1309 2.
187 1272 280 1309 classis=
297 1273 398 1318 Libertas
422 1273 467 1307 sive
489 1271 642 1308 indifferentia
666 1271 740 1306 activa
762 1270 845 1315 manet,
864 1271 918 1315 quia

70 1327 145 1363 manet
158 1326 311 1369 indifferentia
325 1325 469 1367 obiectiva‚
485 1325 499 1360 i.
516 1334 533 1360 e.
548 1323 658 1360 iudicium
672 1322 808 1359 indifferens
823 1324 849 1370 (P
864 1322 915 1368 259).

71 1381 149 1417 Gratia
163 1380 240 1416 efficax
254 1389 300 1415 non
315 1378 386 1423 efficit,
401 1379 426 1414 ut
441 1378 566 1414 intellectus
582 1378 693 1414 voluntati
709 1379 791 1413 bonum
806 1377 917 1423 proponat

70 1435 185 1479 tamqnam
198 1442 281 1479 purum
294 1434 378 1468 bonum
391 1432 454 1468 nulla
467 1431 521 1468 mali
534 1432 622 1467 ratione
636 1432 743 1475 admixta
757 1432 797 1468 sed
810 1430 917 1476 relinquit

70 1497 89 1523 v.
108 1496 128 1532 g.
148 1487 267 1524 iudicium:
288 1487 376 1521 Bonum
392 1485 510 1521 honestum
528 1486 561 1521 est
580 1483 667 1520 difficile
686 1485 707 1520 et
726 1483 868 1521 sensualitati
885 1493 917 1520 re-

70 1548 179 1586 pugnans.
195 1558 219 1564 —
233 1540 311 1584 Resp.
328 1537 482 1581 indifferentia
497 1537 605 1580 obiectiva
621 1538 654 1573 est
669 1537 746 1582 aliqua
759 1537 838 1573 radix
853 1537 917 1573 liber-

70 1592 123 1628 tatis
139 1593 231 1637 eamque
247 1591 423 1627 connaturaliter
440 1590 534 1635 exigit;
548 1592 587 1626 sed
603 1599 656 1626 non
672 1592 713 1626 est
727 1591 788 1635 ipsa
803 1591 916 1626 liberta-

69 1647 105 1681 tis
128 1645 257 1681 essentia.
283 1645 350 1680 Actus
368 1644 491 1680 formaliter
508 1645 541 1680 est
558 1644 620 1687 liber,
640 1653 686 1679 non
704 1644 756 1689 quia
772 1644 915 1690 praelucente

69 1699 151 1735 iudicio
167 1699 308 1734 indifferente
322 1697 419 1744 ponitur,
437 1699 475 1734 sed
491 1698 545 1743 quia
560 1698 659 1744 procedit
675 1707 701 1734 ex
716 1697 826 1743 principio
844 1698 915 1734 active

69 1752 216 1796 indideram,
228 1753 242 1787 i.
255 1762 272 1787 e.
287 1752 345 1796 quod
357 1752 382 1786 in
394 1751 496 1787 exercitio
509 1761 563 1787 suae
576 1751 697 1787 activitatis
710 1751 797 1787 tamdiu
809 1752 842 1788 est
854 1751 916 1786 inde-

69 1805 214 1841 terminatum
228 1805 257 1840 ad
269 1804 341 1850 plura,
358 1806 426 1841 donec
440 1814 462 1840 se
475 1805 550 1851 ipsum
563 1805 744 1841 determinaverit
757 1806 787 1841 ad
800 1814 878 1842 unum.
891 1824 916 1831 »-

69 1858 144 1894 Potest
158 1859 252 1903 cogitari
267 1867 339 1900 casus,
357 1859 416 1904 quod
429 1858 478 1903 quis
492 1857 663 1894 irresistibiliter
677 1868 704 1894 ex
717 1858 807 1895 interna
820 1858 915 1895 necessi-

69 1912 114 1947 tate
127 1911 231 1947 trahatur
243 1912 272 1947 ad
282 1920 359 1953 unuin,
373 1912 432 1956 quod
444 1912 464 1948 ei
476 1921 617 1956 nequaquam
631 1912 725 1958 apparet
738 1913 797 1947 omni
811 1922 837 1948 ex
850 1912 914 1958 parte

6 1972 10 1981 ⁴
69 1965 151 2000 bonum
166 1965 193 2010 (r.
209 1974 228 2009 g.
245 1966 269 2000 in
283 1964 394 2010 hypnosil.
411 1965 447 2001 *Sic
461 1965 580 2001 haberetur
594 1964 704 2001 iudicium
717 1965 850 2002 indifferens
866 1965 913 2001 sine

68 2017 175 2054 libertate.
196 2018 257 2054 Talis
275 2019 347 2053 status
366 2027 420 2054 sane
439 2018 495 2055 esset
513 2019 630 2062 violentus,
650 2020 703 2063 quia
721 2018 830 2055 iudicium
847 2018 914 2054 indii-

69 2071 142 2107 ierens
158 2071 290 2107 mentiretur
306 2072 400 2117 speciem
419 2072 535 2116 libertatis,
556 2081 612 2116 quae
631 2081 710 2117 reapse
728 2071 819 2109 deesset.
841 2073 914 2115 Quare

69 2124 126 2160 Deus
142 2125 175 2160 ita
190 2134 235 2161 non
250 2125 354 2171 procedit.
374 2126 396 2161 Si
412 2125 486 2170 gratia
501 2126 565 2161 nobis
582 2125 689 2171 relinquit
704 2124 812 2162 iudicium
828 2125 915 2162 indide-

68 2185 126 2220 rens,
145 2179 214 2214 etiam
231 2179 305 2214 servat
322 2179 453 2222 libertatem,
473 2179 494 2215 et
511 2180 536 2214 ut
553 2180 611 2215 hanc
630 2179 708 2222 servet,
726 2188 772 2215 non
790 2180 915 2226 praedeter-

69 2228 139 2264 minat
152 2230 181 2265 ad
195 2239 272 2266 unum.

69 2340 123 2384 595.
145 2343 166 2379 3.
182 2342 275 2380 classis:
298 2345 511 2381 Praedeterminatio
528 2354 573 2380 non
590 2345 676 2380 inducit
692 2354 767 2381 veram
794 2345 917 2383 necessita·

68 2395 301 2434 temantecedentem.
318 2417 341 2422 -
365 2398 535 2443 Explicatur:
562 2398 689 2434 Necessitas
698 2408 844 2444 consequens
857 2399 915 2434 certe

68 2456 114 2483 non
126 2450 185 2485 tollit
196 2450 329 2495 libertatem,
342 2451 381 2487 sed
395 2451 469 2496 potius
484 2461 533 2487 eam
547 2452 658 2497 supponit.
674 2451 795 2497 Postquam
809 2451 915 2488 voluntas

68 2499 135 2537 libere
148 2504 266 2548 consensit,
279 2504 325 2539 iam
338 2513 384 2539 non
397 2505 468 2549 potest
482 2514 536 2548 esse,
550 2506 576 2541 ut
589 2514 635 2540 non
648 2507 789 2542 consenserit.
806 2506 914 2542 Similiter

67 2555 185 2600 postquam
205 2559 264 2593 Deus
285 2557 434 2593 infallibiliter
455 2559 566 2604 praevidit
586 2568 636 2595 eam
656 2558 724 2594 libere
745 2567 912 2600 consensuram,

68 2607 114 2643 iam
124 2618 169 2645 non
179 2611 251 2655 potest
262 2619 308 2646 non
317 2610 366 2647 fieri
376 2620 503 2649 consensus.
517 2612 633 2649 Eiusmodi
644 2611 764 2648 necessitas
777 2620 914 2657 consequens
978 2644 982 2650 .

68 2661 100 2696 cst
120 2663 237 2700 eiiectus
257 2666 282 2700 et
302 2665 409 2709 signnm
428 2665 531 2702 liberae
549 2666 703 2703 electionis.
722 2666 821 2704 neonae
840 2677 914 2704 neces-

68 2714 122 2750 sitas
134 2716 274 2753 antecedens
283 2717 412 2753 volitionem
426 2719 458 2755 ita
472 2720 550 2756 causat
564 2721 589 2755 in
604 2718 681 2755 ordine
696 2729 776 2756 causae
791 2720 913 2762 efficientis,

67 2767 92 2801 ut
107 2768 268 2806 determinatus
283 2770 346 2807 actus
361 2770 483 2808 voluntatis
498 2782 544 2808 non
559 2773 630 2819 possit
645 2782 692 2808 non
706 2774 768 2818 sequi
781 2773 828 2810 sive
844 2775 869 2809 ut
884 2774 914 2810 sit

67 2824 206 2878 necessarius
223 2825 244 2860 et
260 2825 308 2861 sine
323 2824 431 2861 libertate.
450 2827 525 2871 Neque
541 2826 614 2872 potest
629 2826 733 2863 voluntas
750 2836 862 2864 removere
878 2828 913 2864 vel

68 2875 174 2919 impedire
190 2886 289 2919 causam,
307 2887 364 2922 quae
379 2878 437 2913 hanc
452 2880 608 2916 necessitatem
623 2879 705 2916 intulit.
722 2900 746 2906 -
761 2881 914 2927 Responde-

68 2926 111 2961 tur
122 2928 203 2972 igitur:
218 2931 432 2967 Praedeterminatic
445 2932 539 2978 physica
552 2935 585 2969 est
597 2942 667 2969 causa
679 2943 729 2970 vere
742 2933 838 2971 efficiens
851 2938 914 2970 actus

67 2977 174 3016 salutaris
193 2983 215 3017 et
232 2984 354 3031 propterea
368 2985 480 3029 praecedit
498 2986 523 3021 in
542 2986 620 3023 ordine
639 2987 779 3023 causalitatis
799 2986 913 3024 efficientis
