2214 3350
190 155 228 191 340
311 156 365 192 sect.
380 156 419 192 III.
432 156 478 192 Art.
493 158 521 194 ΙΙ,
534 128 932 199 111(101151111151111111011111115,

190 263 300 304 hac'vita
316 265 421 306 maxime
440 276 463 307 se
481 264 619 307 manifestat
640 264 753 314 actibus
776 264 918 306 caritatis.
940 265 1035 307 'Tamen

190 326 358 368 antecedenter
380 329 411 369 ad
435 340 530 369 omnem
555 327 698 368 nativitatem
724 328 929 379 supernaturalem
954 329 1036 369 anima

190 389 321 431 iustificata
339 392 369 443 (v.
387 404 410 442 g.
427 391 522 443 parvuli
538 390 659 442 baptizati)
678 392 702 431 vi
719 391 808 442 gratiae
826 390 997 433 sanctificantis
1012 391 1036 432 et

190 453 318 495 habituum
332 454 468 495 Iniusorurn
481 456 558 496 Deum
572 454 635 495 dicto
648 455 718 495 modo
733 454 781 495 iam
794 454 898 505 possidet
912 454 1035 504 tamquam

190 516 310 557 obiectum
322 517 463 569 cognitionis
474 518 497 559 et
508 517 595 558 amoris
607 517 736 557 habitualis
750 517 869 569 <similiter
881 529 907 558 ac
919 517 1035 558 memoria

124 586 126 588 ’
191 579 262 619 nabet
276 580 349 621 etiam
363 592 391 621 ea
405 580 502 628 obiecta,
519 581 546 620 de
562 580 650 631 quibus
665 581 718 621 actu
732 590 780 630 non
795 579 928 632 cogitatur).
944 581 976 611 -ὲ
990 582 1035 621 Per

190 642 271 683 datam
284 643 465 693 explicationem
478 645 530 693 ipsa
544 643 644 683 essentia
657 642 838 683 inhabitationis
851 642 958 684 exhiberi
970 643 1035 685 vide-

190 705 237 745 tur.
254 707 292 746 Sic
307 717 389 747 revera
403 705 541 757 explicatur,
558 706 676 757 quomodo
691 707 756 746 Deus
769 706 925 757 pergratiam
940 707 1035 747 animae

191 779 240 809 sese
258 769 291 810 ita
309 769 356 817 det,
375 769 402 809 ut
418 770 448 809 ab
466 780 494 809 ea
511 769 626 809 habeatur
645 769 693 810 sive
711 769 738 809 in
755 780 783 810 ea
800 768 897 817 habitet,
917 769 989 819 idque
1007 781 1034 810 eo

190 831 269 879 modo,
293 831 321 872 ut
343 831 474 872 essentialis
497 832 615 872 donorum
638 831 774 883 gratiae'ad
792 832 892 882 gloriam
916 831 1034 872 ordinatio

190 894 282 945 egregie
300 894 467 936 manifestetur
484 894 555 945 atoue
572 895 632 935 bene
651 894 809 945 intellegatur,
830 897 876 945 quo
895 894 963 943 pacto
983 894 1034 945 Spi-

190 956 250 997 ritus
266 957 367 997 Sanctus
382 957 520 998 inhabitans
534 958 631 998 vocetur
645 970 660 998 a
676 958 705 1004 S„
717 957 791 998 Paulo
809 970 881 998 «arra
896 957 1035 999 hereditatis

189 1019 282 1061 nostrae
292 1037 302 1056 »
321 1022 352 1072 (v.
368 1032 392 1060 n.
408 1022 450 1060 270
462 1021 484 1071 a)
502 1021 524 1061 et
538 1021 583 1061 Leo
599 1021 655 1061 XIII
671 1020 734 1061 dicat
749 1019 946 1062 inhabitationem
963 1031 1034 1062 ‹tcon-

189 1081 282 1124 dicione
297 1082 391 1124 tanturn
407 1094 448 1123 seu
463 1082 542 1123 statu»
560 1084 589 1123 ab
605 1095 633 1124 ea
648 1083 812 1124 coniunctione
829 1082 969 1134 discrepare,
987 1095 1034 1134 qua

189 1145 284 1186 caelites
298 1146 364 1186 Deus
378 1145 470 1186 beando
486 1145 657 1196 complectatur
674 1147 706 1198 (n.
723 1145 781 1195 446).

259 1232 279 1282 c)
297 1232 402 1272 Suarcz
420 1232 463 1282 (De
480 1233 545 1272 Trin.
562 1232 578 1271 l.
596 1233 629 1280 12,
646 1244 666 1272 c.
683 1233 704 1282 5)
723 1242 766 1272 nos
781 1232 862 1272 monet
876 1232 938 1272 hanc
953 1243 1034 1283 super-

121 1326 122 1330 ,
189 1294 325 1335 naturalem
341 1295 384 1334 Dei
401 1294 573 1345 possessionem
590 1306 616 1335 eo
634 1295 711 1345 magis
728 1295 814 1335 habere
832 1294 947 1336 rationem
964 1306 1034 1336 verae

189 1356 377 1405 inhabitationis,
398 1358 462 1408 quod
480 1357 529 1398 Deo
548 1357 663 1398 uniamur
681 1357 857 1407 supernaturali
876 1369 955 1398 arnore
975 1359 1033 1398 anti-

189 1420 265 1468 aitiaa,
284 1420 326 1470 qui
344 1419 441 1460 deliniri
458 1419 517 1461 solet
535 1431 620 1461 «amor
635 1420 812 1461 benevolentiae
830 1419 934 1468 mutuus,
953 1419 1034 1461 efficax
1105 1411 1107 1449 ἕ

189 1483 212 1523 et
228 1482 397 1523 manifestus».
417 1483 510 1523 «Amor
526 1482 633 1523 consistit
649 1483 674 1523 in
692 1483 904 1523 communicatione
922 1484 952 1524 ab
971 1483 1033 1524 utra·
1104 1492 1107 1494 ’

189 1557 235 1596 qne
250 1546 317 1596 parte
326 1563 335 1582 s
354 1545 386 1597 (S,
404 1545 518 1596 lpnatins,
536 1539 588 1586 Lib.
604 1546 714 1594 Euareia,
731 1540 862 1597 Contempl.
879 1546 910 1587 ad
926 1540 1034 1587 obtineri·
1105 1544 1107 1598 ᾗ

189 1609 248 1649 dum
262 1609 387 1659 amorem).
403 1610 455 1659 Qua
468 1609 560 1649 amicus
574 1609 638 1649 Deus
653 1608 772 1650 creaturae
789 1609 898 1650 rationali
914 1621 937 1650 se
953 1610 1033 1659 ipsum
1105 1611 1107 1613 '

189 1672 262 1712 donat
271 1672 301 1712 ad
311 1671 412 1712 liberam
422 1670 561 1712 fruitionem
571 1672 594 1712 et
604 1672 636 1711 sic
647 1672 676 1712 ab
687 1671 770 1713 eadem
783 1671 913 1713 «habetur»
929 1673 1032 1723 (Thera,

188 1735 213 1775 S.
231 1735 293 1775 111
311 1746 333 1786 q.
351 1735 524 1782 1311111
542 1735 564 1774 d.
583 1735 839 1786 1111212112).
857 1734 968 1776 Amicitia
984 1746 1033 1775 non

188 1797 250 1839 sistit
267 1798 292 1837 in
310 1796 359 1838 solo
375 1797 471 1845 affeetu,
490 1797 530 1837 sed
548 1797 637 1837 realem
652 1798 767 1837 unionem
784 1804 806 1837 et
821 1798 988 1849 praesentiant,
1007 1797 1033 1837 in

167 1870 169 1874 ⁴
188 1860 306 1911 quantum
326 1860 379 1901 fieri
398 1859 480 1911 potest,
501 1859 598 1910 appetit.
619 1861 680 1901 Nam
698 1860 812 1901 unionem
832 1860 964 1901 secundum
982 1871 1033 1901 rem

123 1923 124 1927 ’
189 1934 276 1963 «amor
292 1922 350 1963 iacit
367 1923 483 1970 effective,
502 1923 560 1973 quia
577 1923 656 1963 movet
672 1924 702 1963 ad
720 1923 946 1964 desiderandumet
962 1935 1033 1975 quae·
1104 1932 1105 1935 ’

188 1986 291 2026 rendum
309 1985 468 2035 praesentiam
492 1985 565 2025 amati
590 1985 659 2035 quasi
677 1984 722 2026 sibi
741 1985 901 2027 convenientis
918 1987 941 2027 et
958 1987 989 2027 ad
1008 1998 1032 2039 se
1104 2008 1106 2010 ·

188 2048 348 2100 pertinentis»
369 2049 402 2099 (S.
422 2048 455 2088 th.
474 2051 494 2097 l,
513 2051 526 2089 2
544 2059 566 2098 q.
585 2051 611 2088 28
629 2059 650 2088 a.
670 2048 701 2099 1),
720 2049 782 2099 Ergo
799 2048 857 2089 haec
875 2048 980 2090 amicitia
997 2050 1034 2090 est
1104 2050 1107 2086 J

188 2110 257 2162 quasi
271 2122 347 2151 nocais
363 2110 452 2159 titulus,
470 2110 511 2160 qui
527 2109 632 2160 postulat
646 2110 756 2152 intimam
771 2111 815 2152 Dei
830 2111 855 2151 in
870 2111 951 2152 anima
966 2122 1033 2162 prae·
1104 2115 1107 2151 ss

188 2173 298 2221 sentiam3
315 2185 387 2225 quare
403 2173 473 2221 Deus,
492 2173 510 2213 si
526 2173 551 2213 in
566 2173 647 2214 anima
663 2172 718 2214 iusti
734 2172 825 2214 ratione
840 2185 895 2215 suae
911 2175 1033 2214 immensi

187 2306 211 2342 la
226 2307 345 2343 beatitude.
362 2308 418 2343 Dieu
434 2308 522 2353 present
539 2308 595 2343 dans
611 2306 681 2343 l'ame
698 2307 769 2342 sainte
785 2315 827 2351 par
843 2316 884 2343 son
899 2307 1031 2349 immensiie,

188 2361 203 2397 y
218 2354 341 2395 rencontre,
358 2353 395 2388 des
410 2353 557 2396 maintenant,
575 2362 618 2388 une
634 2353 722 2398 energia
738 2353 829 2398 capable
845 2353 871 2389 de
886 2353 906 2389 le
923 2353 1001 2389 saisir.
1011 2381 1030 2389 ..

188 2399 207 2434 Il
219 2399 251 2434 est
262 2399 319 2434 clair
330 2400 376 2443 qu¹.
387 2426 405 2435 ..
419 2408 462 2435 une
473 2399 570 2435 relation
581 2398 681 2435 nouvelle
693 2399 761 2444 janni
773 2398 958 2435 necessairement
971 2400 1032 2435 entre

187 2444 201 2479 l'
210 2445 258 2480 arne
273 2445 345 2480 sainte
360 2445 380 2480 ei
394 2445 413 2481 le
428 2445 484 2481 Dieu
497 2445 586 2490 present
601 2444 817 2481 substantiellement
831 2454 859 2480 en
873 2444 920 2488 elle,
936 2445 1033 2479 relation
1102 2448 1107 2489 j

188 2490 297 2534 originale
313 2491 333 2525 et
348 2491 386 2535 qui
401 2492 437 2526 n'a
452 2491 501 2526 rien
515 2491 541 2527 de
556 2499 660 2526 conmnm
676 2500 727 2526 avec
742 2490 766 2526 la
781 2491 876 2537 relation
891 2490 1032 2526 constitutive

188 2537 214 2572 de
231 2536 255 2572 la
270 2537 375 2581 presence
393 2536 551 2579 d'immensite,
569 2536 784 2581 puisqu’ellen’est
799 2545 840 2581 pas
857 2536 936 2572 tondes
953 2545 992 2572 sur
1008 2536 1033 2571 la
1101 2538 1107 2561 ³³

188 2582 296 2618 causalite
314 2583 393 2625 divine,
412 2583 470 2617 mais
488 2592 526 2618 sur
542 2583 556 2617 1’
564 2582 692 2618 ordination
709 2582 833 2623 essentialia
851 2582 876 2618 de
894 2581 917 2618 la
933 2582 999 2625 grece
1018 2582 1033 2617 1

187 2636 244 2663 nous
257 2627 310 2662 unir
322 2628 461 2664 intimement
472 2637 514 2672 par
526 2628 549 2663 la
563 2629 722 2663 connaissance
735 2628 756 2663 et
769 2627 782 2662 l'
790 2636 868 2662 amour
882 2627 980 2664 efficaces
993 2628 1032 2672 qui
1101 2627 1107 2668 i

187 2673 292 2710 emanent
310 2673 329 2708 (1’
338 2673 384 2717 elle,
403 2683 433 2709 au
450 2674 506 2710 Dieu
523 2673 739 2709 substantiellement
756 2673 844 2718 present
862 2683 890 2709 en
907 2682 969 2709 nous.
981 2687 990 2706 υ
1009 2693 1033 2698 -

187 2720 242 2755 Ibid.
257 2728 276 2764 p.
292 2718 338 2755 133:
355 2721 392 2755 «A
404 2720 459 2755 cette
470 2719 575 2765 presence
588 2719 688 2755 nouvelle
701 2719 714 2754 Γ
722 2720 846 2754 immensite'
860 2719 933 2754 divine
947 2719 1032 2754 tournit
1100 2742 1107 2765 ,3

187 2774 229 2801 son
241 2764 354 2800 caractere
368 2764 508 2807 substantiel;
522 2765 546 2800 la
560 2767 625 2810 grace
639 2765 672 2799 lui
686 2765 778 2810 apperte
792 2763 806 2797 l'
815 2764 907 2800 element
920 2773 1030 2805 nouveau,
1100 2760 1107 2812 {i

187 2810 277 2856 speclei,
296 2811 476 2855 caracteristique
493 2811 531 2855 qui
546 2811 570 2846 la
586 2811 697 2855 distingue
715 2812 728 2847 a
744 2811 826 2854 jamais
843 2810 868 2846 de
886 2820 911 2846 sa
926 2811 1032 2856 presence
1100 2816 1107 2854 T,

187 2856 346 2893 d’inmionsite.
367 2856 428 2892 C'est
444 2857 467 2892 la
484 2857 588 2902 presence
606 2857 677 2893 d’une
695 2856 772 2892 rea-lite
790 2856 911 2901 spiritnelle
930 2857 1032 2892 substan-

187 2902 309 2938 tlellement
324 2902 376 2937 unie
392 2901 514 2938 desormais
529 2903 542 2938 a
557 2912 588 2938 un
605 2903 649 2938 eire
664 2902 755 2948 capable
771 2902 797 2937 de
813 2901 949 2941 l'etreindre,
967 2910 1032 2945 repue
1100 2918 1106 2932 ·

187 2948 209 2984 et
222 2947 378 2993 hospitalisee.
388 2976 405 2984 ..
423 2949 479 2983 dans
493 2957 525 2983 un
538 2949 601 2984 autre
615 2947 689 2993 esprit.
700 2961 710 2981 a
