2214 3350
347 131 439 172 'Thesis
454 136 481 172 15.
497 134 587 171 Filiatio
603 136 707 180 adoptiva
921 133 961 171 313

157 251 159 253 ’
187 243 287 289 Thesis
302 245 343 289 15.
376 219 459 285 Gratia
489 242 645 284 sanctificans
676 242 803 284 hominem¹
824 242 960 284 formaliter

113 306 235 349 constituit
252 306 327 368 iillum
343 306 386 348 Dei
402 305 547 359 adoptivum.

112 428 168 468 420.
202 428 219 463 Ρ
232 436 264 473 pr.
280 426 304 463 28
317 437 338 463 n.
353 427 389 463 347
395 437 412 463 s.
427 446 451 452 -
464 426 552 462 Villada
565 435 586 461 n.
604 425 702 461 103-117.
718 445 741 450 -
754 426 802 462 Ber.
818 425 918 462 aot-828.
934 445 961 450 -—

113 479 179 514 Maza
200 478 322 515 loll-1024.
340 498 363 529 ε
377 479 430 529 Lah.
449 478 479 514 th,
497 478 526 514 47.
543 497 567 503 -
583 477 657 513 schin.
676 478 706 513 th.
725 477 753 513 18.
772 496 795 502 -
810 478 827 513 J.
846 478 957 522 Bellamy,

113 531 153 566 art.
169 531 279 576 Adoption
294 530 318 566 in
330 531 397 567 DdTh
412 531 429 574 1,
445 529 545 566 421-437.

184 638 223 688 s't.
236 656 282 701 qu.
301 647 320 684 1.
333 643 414 686 Nexus
428 643 467 695 (et.
480 655 504 684 n.
517 644 575 694 403).
589 642 631 683 Hic
644 642 744 683 effectus
755 641 864 683 formalis
875 653 960 682 secuu-

112 709 192 748 dcrc'us
212 720 260 749 non
279 709 382 749 multum
402 708 485 750 differt
504 708 534 748 ab
554 707 641 748 effectu
659 707 783 758 primerio.
805 706 955 747 Consortium

111 773 209 814 naturae
225 773 283 814 dicit
300 772 488 814 similitudinem.
509 774 534 814 Si
550 774 608 813 haec
626 771 758 813 similitudo
775 771 895 812 confertur
912 781 960 821 per·

111 838 294 892 generationem,
312 838 388 879 oritur
403 837 486 878 relatio
503 837 578 888 patris
595 836 618 878 et
634 836 688 877 filii.
707 836 743 877 Ita
760 836 785 876 in
802 836 881 877 nostro
899 847 958 876 casu

111 902 152 943 est.
170 902 234 943 Licet
250 903 318 943 enim
331 902 425 953 adoptio
449 902 553 942 humano
577 913 625 942 non
648 901 755 943 conferat
772 900 955 942 similitudinem

111 968 216 1015 naturae,
236 968 345 1007 sedeam
363 966 488 1017 supponat,
507 968 569 1007 Deus
587 967 667 1008 tamen
685 966 782 1017 adoptat
799 966 958 1007 assimilando

112 1032 156 1072 sibi
168 1032 331 1083 adoptandum
343 1032 413 1082 atque
424 1032 457 1071 sic
468 1031 610 1072 conterendo
622 1031 767 1072 consortium
779 1043 834 1072 snae
847 1030 957 1071 naturae..

77 1159 78 1166 ’
110 1163 164 1203 421.
201 1165 221 1203 2.
234 1161 334 1203 Sensus.
351 1162 449 1202 Gratia
463 1162 651 1202 sanctificans
667 1163 697 1213 (v.
713 1158 749 1202 th?
763 1162 958 1212 13);-honii-.

111 1238 173 1267 nem
193 1226 356 1268 formaliter
373 1225 536 1284 constituit,
557 1227 606 1267 sire
625 1238 668 1277 per
686 1226 785 1284 modum
805 1237 889 1267 causae
909 1228 959 1267 tor-v

110 1292 182 1332 malis
197 1291 266 1332 efficit
285 1293 316 1344 (n.
334 1291 393 1342 404>3
410 1317 442 1323 -
457 1291 553 1332 filium
570 1291 814 1351 Deiadoptivum.
833 1292 959 1342 Adoptio

109 1354 234 1408 (vtodsetm
263 1356 293 1395 ct.
309 1365 333 1394 n.
350 1357 397 1404 269,
414 1355 435 1406 l)
452 1355 498 1395 est:
517 1355 539 1406 a)
556 1353 714 1404 assumptio
729 1354 867 1406 gratuita;
883 1354 959 1406 adop--

110 1419 163 1460 tans
180 1420 245 1461 enim
267 1419 342 1460 libere
364 1419 484 1470 pratisque
508 1419 609 1459 assumit
634 1419 722 1471 (tamen
741 1419 811 1460 homo
829 1419 953 1469 adoptans,

111 1496 177 1525 secus
199 1496 225 1525 ac
247 1484 318 1532 Deus,
342 1483 440 1525 fortasse
462 1483 568 1534 aliquam
590 1484 749 1535 tndtqeoticm
770 1483 816 1523 tilii
839 1484 912 1525 hahet
932 1483 959 1524 et:

110 1549 207 1600 aliquod
222 1549 374 1589 commodum
388 1561 418 1589 ex
432 1547 557 1599 adoptione
572 1549 618 1589 sihi
633 1548 719 1600 sperat)
737 1548 883 1599 assumitrme
899 1561 954 1589 cunr

110 1614 199 1664 effectu
215 1620 323 1663 pateram
340 1625 413 1665 quare
431 1614 450 1654 si
466 1614 510 1654 hoc
528 1614 582 1654 fieri
599 1614 684 1664 posset,
703 1613 755 1654 tilio
773 1613 883 1665 adoptivo
900 1625 954 1665 pro-

110 1679 188 1729 priam
202 1678 314 1719 naturam
327 1677 428 1719 libenter
442 1677 634 1726 communicaret,
652 1679 712 1719 sicut
727 1678 777 1719 tilio
792 1678 895 1718 naturali
911 1689 958 1729 per
1018 1675 1020 1678 ’

110 1743 286 1793 generationem
302 1742 387 1783 natura
402 1742 477 1793 patris
493 1754 574 1784 revera
591 1742 787 1791 communicatur;
803 1769 834 1774 -
848 1744 873 1795 b)
891 1754 955 1794 per-

111 1819 195 1848 sonae
213 1807 374 1856 extraneae,
395 1818 455 1858 qnae
473 1818 522 1847 non
541 1809 576 1848 est
594 1807 661 1847 filius
680 1807 803 1856 naturalis,
824 1818 866 1857 per
885 1818 957 1858 gene-¹

109 1872 227 1913 rationem
239 1866 419 1913 communicans
431 1883 485 1912 cum
499 1871 585 1912 natura
598 1871 680 1923 patris,
696 1874 736 1913 sed
750 1872 875 1923 adoptione
888 1883 957 1913 assu-

109 1936 184 1977 mitur
195 1937 221 1977 in
233 1937 320 1985 filium,
335 1948 429 1985 nornen,
445 1936 592 1987 differitatem,
606 1937 667 1986 iura,
683 1948 743 1989 quae
758 1937 824 1978 filius
837 1936 957 1978 naturalis

110 2001 178 2042 titulo
192 2001 277 2042 nativit
290 2001 322 2042 >tis
335 2001 413 2049 habet,
430 2001 474 2042 sibi
489 2002 622 2053 acquirens
634 2027 666 2033 »-
679 2003 698 2052 c)
716 2002 785 2052 atque
800 2002 857 2043 haec
871 2002 954 2052 impri-

74 2076 77 2082 ⁴
110 2066 157 2106 mis
186 2077 247 2106 cum
276 2066 337 2106 inre
365 2065 548 2107 hereditatis.
578 2066 643 2107 Inter
671 2066 780 2107 homines
808 2066 959 2107 hereditas

108 2128 271 2187 (κληρονομία)
290 2128 325 2169 est
340 2130 454 2169 successio
470 2129 496 2169 in
510 2129 573 2170 bona
590 2129 703 2179 defuncti.
721 2130 749 2169 In
764 2131 882 2180 praesenti
898 2132 958 2171 casu.

109 2193 191 2234 latiore
209 2205 280 2234 sensu
297 2193 443 2243 intellegitur
460 2194 583 2245 tamqnam
606 2194 757 2245 participatio
781 2205 863 2235 eorum
881 2195 957 2235 bono-⁴

110 2269 173 2307 rum,
190 2258 279 2309 quibus
293 2258 361 2308 pater
376 2258 499 2309 adoptans,
517 2258 533 2298 i.
550 2271 570 2299 e.
588 2259 638 2309 ipse
655 2259 726 2307 Deus,
744 2259 810 2299 dives
826 2259 867 2299 est.

108 2388 164 2429 422.
200 2391 221 2429 3.
237 2388 382 2430 Sententiae.
399 2390 535 2430 Secundum
548 2400 644 2431 omnes
658 2389 815 2430 catholicos
828 2389 883 2431 iusti
898 2397 966 2431 suot&

110 2453 155 2493 filii
172 2454 215 2494 Dei
231 2453 336 2505 adoptivi
352 2454 425 2507 idque
442 2454 521 2505 aliquo
538 2455 609 2494 modo
625 2465 668 2504 per
684 2455 787 2505 pretium
803 2455 953 2505 sanctifican-

110 2523 164 2557 tem.
186 2518 232 2558 Sed
251 2529 299 2558 non
317 2529 399 2559 ornnes
419 2518 520 2568 gratiam
539 2519 622 2559 eodem
641 2520 712 2560 modo
731 2518 838 2560 statuunt
856 2530 954 2561 causam

109 2582 235 2623 formalem
250 2583 391 2634 adoptionis.
416 2582 579 2624 Sententiae
601 2584 684 2624 nohis
704 2584 840 2624 adversae
861 2585 887 2624 in
908 2585 957 2624 hoc

109 2646 259 2696 conveniunt,
287 2647 350 2698 qnod
375 2648 406 2687 ad
432 2647 573 2689 iiiationem
600 2648 736 2699 adoptivam
762 2647 953 2690 constituendam

108 2717 201 2761 praeter
218 2713 321 2762 pretium
340 2711 528 2763 suncuficontene
547 2713 673 2764 requirunt
691 2714 788 2764 aliquod
809 2714 957 2754 elementum

109 2776 137 2814 ab
154 2777 284 2817 extrinseco
300 2777 420 2816 accedens,
439 2778 498 2817 [tum
514 2777 641 2828 adoptione
657 2778 833 2828 supernaturali
848 2790 957 2820 necessa*

109 2840 144 2879 rio
160 2840 323 2891 coniungitur:
343 2841 364 2892 a)
380 2842 530 2892 participatio
547 2842 642 2883 divinae
655 2849 762 2892 naturae,
778 2854 833 2884 cum
848 2843 916 2894 pater
931 2843 958 2884 et.

110 2903 183 2953 lilius,
200 2905 317 2956 quantum
332 2906 385 2946 fieri
399 2905 483 2956 potest,
499 2907 601 2948 debeant
615 2918 664 2949 esse
679 2908 786 2949 eiusdem
801 2907 908 2957 naturae3
923 2934 958 2939 --
