2214 3350
178 265 216 303 532
386 261 440 301 aeci
459 250 494 301 tu.
513 267 544 301 De
561 250 716 301 distributione
733 264 819 310 gratiae

179 373 202 415 11
214 372 290 425 potest
301 367 363 422 11111,
378 366 406 414 nt
418 374 511 414 homini
525 383 583 415 eum
594 372 691 414 11111111
704 372 796 414 interne
805 346 961 413 naturalibus
976 382 1024 412 non

178 437 282 487 facienti,
294 428 378 489 quod
371 449 397 478 111
410 448 434 479 11
446 438 487 486 111,
496 439 564 479 Deus
576 437 665 488 gratias
676 435 819 478 intrinsecus
831 422 1025 488 supernaturales

178 491 323 554 denegetn
294 504 330 553 (11.
350 505 391 544 213
409 506 450 544 232
467 504 527 559 234)
544 501 698 543 Fidelibus
716 499 773 543 vero
790 501 953 552 peecatoribus
973 501 1023 542 sine

178 567 251 609 dubio
267 567 325 609 satis
341 568 477 620 frequenter
490 567 578 608 dantur
593 579 620 607 11
635 560 733 615 auxilie,
750 567 839 618 quibus
855 566 920 612 octus
938 567 1023 607 saluta-

178 643 223 681 111,
244 632 328 673 saltem
348 632 475 673 salutarem
498 631 637 680 orationem
657 631 766 679 proxime
791 631 907 681 perticere
932 630 1024 682 possint

180 698 214 748 (11
230 699 269 738 156
283 698 364 749 d).—
332 697 465 738 —Omnes
477 695 552 746 igitur
564 695 693 746 accipiunt
698 695 788 746 gratias
802 695 903 736 saltem
917 695 1022 737 remote

179 762 213 802 ad
232 761 474 803 iustificationem
493 759 689 812 sufficientes.
707 760 839 801 Proxime
855 761 890 801 ad
909 760 965 801 rust
967 760 1023 801 hoa
1047 784 1049 788 .

144 820 155 851 ’-
175 827 267 878 ‘tionem
282 826 368 867 sufficit
382 837 409 866 ea
422 824 506 876 gratia,
523 837 572 876 qua
586 825 694 877 peccator
709 832 793 883 aeterne
802 815 922 877 perfectae
938 825 1023 866 contri

178 893 248 932 tionis
262 891 345 932 elicere
360 890 409 932 sive
422 897 598 931 sacromentum
612 902 668 938 cum
682 891 802 933 attritione
816 891 936 933 fructuose
952 892 1023 932 susei-

178 967 233 1007 pere
247 956 317 997 valet.
335 955 448 997 Fideles
461 956 535 1007 igitur
549 956 689 1006 peccatores,
707 957 727 996 si
742 955 826 1006 gratiis
841 957 872 997 ad
889 955 1023 1009 salutariter

177 1021 295 1062 orandum
306 1020 330 1061 et
340 1021 372 1061 ad
381 1020 510 1062 eliciendos
520 1021 580 1061 alios
590 1020 657 1062 aetus
667 1020 774 1062 remote
786 1023 816 1062 ad
828 1019 1022 1062 iustificationem

177 1085 330 1137 disponentes
352 1085 412 1126 hene
434 1085 543 1133 utuntur,
569 1085 729 1135 infallibiliter
752 1085 876 1127 habebunt
898 1085 1023 1126 ulteriores

177 1150 272 1201 gratias,
291 1150 379 1201 quibus
397 1150 456 1191 bene
472 1150 510 1191 usi
528 1150 626 1191 tandem
640 1150 757 1201 accipient
774 1149 1021 1203 gratiam'proxime

176 1216 207 1256 ad
223 1215 417 1257 iustificationem
433 1214 594 1262 sufficientem,
612 1215 681 1256 cuius
695 1226 741 1256 usu
757 1215 837 1264 statim
852 1215 1020 1256 iustificantur.

178 1279 318 1321 lniideles
336 1279 446 1321 nonnulli
465 1290 508 1321 sua
524 1280 595 1330 culpa
613 1279 713 1322 tortasse
731 1291 865 1332 numquam
880 1281 1022 1331 perveniunt

178 1356 253 1397 nsque
267 1345 298 1386 ad
312 1345 401 1395 gratias
414 1345 522 1396 proxime
535 1346 565 1386 ad
579 1346 658 1386 aetum
673 1345 802 1386 salutarem
817 1344 964 1395 sufficientes
981 1346 1022 1386 sed

178 1421 226 1451 non
239 1410 409 1463 relinquuntur
424 1410 474 1451 sine
489 1410 554 1450 omni
571 1408 667 1451 influxu
682 1410 771 1462 gratiae
789 1410 883 1452 Christi.
899 1412 937 1452 Ad
952 1411 1021 1452 mini·
1040 1421 1041 1424 ¹

177 1485 245 1515 mum
262 1474 336 1525 igitur
352 1474 496 1525 aliquotiens
506 1476 557 1529 vel,
567 1474 650 1515 saltem
668 1475 741 1515 semel
758 1485 841 1515 versus
858 1475 933 1516 tinem
950 1475 1020 1523 vitae,

176 1539 326 1590 probabilius
337 1539 417 1580 autem
431 1539 489 1580 satis
503 1539 646 1590 frequenter,
663 1540 830 1590 accipiuntex·
839 1540 961 1582 voluntate
977 1541 1021 1581 sal-

176 1604 249 1645 1111101
265 1604 295 1645 ob
315 1604 402 1645 Christi
419 1604 505 1645 merita
522 1595 639 1655 quaedam
656 1604 754 1654 11111111,
773 1605 828 1646 11111
844 1604 1022 1646 intrinsecus

176 1668 334 1716 naturalia,
350 1669 438 1720 quibus
452 1670 580 1719 proxime
596 1669 716 1718 iurentur,
733 1671 760 1711 ut
774 1669 867 1710 actibus
881 1670 1022 1711 naturaliter

176 1734 281 1775 honestis
300 1734 462 1775 adulteriora
481 1734 570 1775 armilla
596 1734 728 1785 negative
754 1746 782 1776 se
807 1735 964 1784 disponant
988 1736 1019 1786 (ν.

176 1799 210 1839 th
222 1799 286 1849 811).
300 1799 392 1848 Quibus
403 1798 468 1839 auxil
470 1798 500 1839 iis
510 1799 570 1840 bene
582 1799 671 1841 utendo
683 1800 703 1840 si
715 1799 813 1849 iaciunt,
827 1801 909 1851 quod
903 1812 929 1841 111
942 1811 965 1842 se
978 1801 1019 1848 est

174 1861 336 1904 infallibiliter
352 1863 481 1915 aliquando
495 1864 612 1922 accipient
627 1876 667 1904 eas
682 1856 771 1915 gratias
787 1865 897 1906 externas
912 1866 935 1907 et
950 1865 1021 1906 inter-

176 1939 226 1976 nas,
246 1939 307 1979 quae
325 1929 357 1968 ad
374 1918 563 1979 amplectendam
583 1929 658 1969 iidem
676 1930 784 1979 proxime
803 1929 929 1978 sufficiunt,
913 1930 1020 1981 tatque

176 1981 209 2033 sie
223 2004 265 2044 per
279 1992 368 2043 gratias
389 1992 532 2034 intrinsecus
551 1993 744 2044 supernaturales
763 1994 876 2045 poterunt
895 2006 935 2036 eos
954 1995 1021 2036 actus

176 2058 291 2099 salutares
308 2058 399 2106 elicere,
418 2058 507 2110 quibus
522 2070 597 2109 usque
614 2058 738 2110 adipsum
756 2059 952 2101 tristificationem
969 2071 1020 2111 per-

175 2123 279 2163 veniant.
292 2122 353 2163 Sin
347 2133 372 2162 m
373 2122 430 2163 iidel
432 2134 457 2163 es
467 2123 507 2163 vel
516 2123 650 2173 peccatores
660 2124 739 2174 priore
751 2124 840 2165 auxilio
852 2135 900 2165 non
911 2124 1018 2173 utuntur,

174 2175 342 2234 nihilominus
357 2186 507 2227 dummodo'
502 2199 528 2226 m
542 2187 605 2227 statu
618 2187 670 2229 viae
686 2187 860 2238 relinquantur,
876 2200 919 2238 pro
934 2188 986 2230 loco
997 2189 1021 2230 et

175 2240 281 2300 tempore
298 2260 360 2319 nova
375 2249 465 2290 auxilia
481 2250 568 2291 remote
586 2250 669 2291 saltem
686 2251 824 2310 sufficientia
840 2252 961 2303 recipient

175 2381 230 2422 ete.
266 2383 287 2421 3.
307 2378 452 2420 Sententiae.
472 2379 499 2418 A.
519 2376 741 2424 Praedestinatiant
762 2376 824 2418 inter
841 2388 900 2427 quos
914 2376 1020 2418 eminent

176 2443 353 2486 Calvinistae
377 2443 400 2484 11
423 2441 612 2490 11111111111,
637 2441 712 2483 totam
734 2441 821 2482 thesim
845 2441 939 2493 negant,
963 2441 1020 2491 quia

173 2507 249 2549 solam
262 2507 396 2549 absolutam
409 2507 453 2548 Dei
466 2518 523 2557 erga
534 2505 881 2556 praedestinatosvoluntaiern
896 2505 1019 2556 tamquam

174 2585 228 2615 vere
246 2573 270 2615 et
289 2572 351 2613 serio
367 2572 500 2614 salvificam
520 2571 658 2621 agnoscunt,
680 2571 813 2621 reprobat-is
831 2570 912 2612 autem
932 2571 1020 2622 negant

171 2639 277 2680 conferri
293 2636 384 2679 auxilia
397 2638 428 2678 ad
444 2636 546 2678 salutem
560 2647 616 2677 vere
632 2635 778 2678 sufficientia.
795 2660 827 2665 -
843 2636 864 2687 1)
884 2636 982 2677 Saeculo
999 2636 1019 2676 V

174 2703 383 2754 iuerunt·quidam
393 2701 495 2743 extremi
508 2701 729 2750 Praedestinatiani,
743 2701 805 2742 inter
818 2712 879 2752 quos
890 2701 942 2742 erat
954 2700 1018 2742 Luoi=

174 2769 218 2810 dus
234 2768 358 2819 presbyter
374 2769 407 2820 (11.
424 2768 459 2819 30)
469 2760 488 2806 1ζ
501 2791 533 2797 -
547 2766 571 2817 b)
591 2766 689 2807 Saeculo
705 2767 736 2807 IX
752 2765 920 2813 (iodesealcus,
938 2777 1019 2806 mona-

236 2907 244 2928 1
257 2899 375 2942 Faustus
388 2905 489 2941 Reiensis
502 2904 584 2949 aliique
598 2904 721 2940 adversarii
732 2904 809 2941 Lucidi
822 2912 868 2939 non
879 2906 943 2941 erant
955 2905 1020 2942 liberi

171 2956 215 2991 ab
227 2954 340 2990 erroribus
364 2953 600 2999 semipelagianis
626 2953 763 2988 Posteriores
786 2953 878 2997 quidam
902 2952 1019 2998 Pelagiani

175 3000 299 3036 doctrinam
313 3001 334 3037 S
349 3001 469 3045 Augustini
483 3000 538 3036 tecte
553 3000 742 3046 impugnaverunt
755 2999 859 3044 fingendo
875 2998 972 3045 aliquem
986 3010 1019 3035 111

174 3050 274 3084 tremum
295 3047 572 3083 Praenestinatianismum
599 3049 625 3093 (v.
643 3048 707 3083 Hans
735 3056 779 3083 von
807 3047 948 3090 Schubert
977 3049 1021 3084 Der
