2214 3350
257 153 258 156 '
309 160 385 196 Thesis
401 160 418 197 7.
436 161 541 197 Meritum
557 161 578 197 et
594 157 721 205 impetratio
905 155 941 193 133

153 268 187 303 Ex
200 267 295 304 textibus
308 269 353 304 iere
367 269 491 306 innumeris
505 279 524 304 v.
540 270 560 305 R
575 267 622 304 1473
637 266 684 303 1791
700 264 807 304 18071851
822 265 869 303 1857
884 264 935 301 1974.

90 319 147 356 -R
161 318 209 356 1456
221 319 242 355 81
256 319 303 357 1458
319 319 395 366 (Epist.
410 320 446 357 217
459 319 627 363 8117118181115,
643 318 667 355 16
681 316 733 362 816,
747 318 792 364 25)ε
807 318 839 354 Ex
854 317 939 354 128811-

91 370 168 407 tentiis
183 370 305 407 caihoiicae
320 371 371 408 fidei
385 381 405 409 v.
422 373 554 419 praesertim
570 372 582 408 2
597 371 670 407 8148.
688 370 731 406 Sed
745 369 813 405 etiam
828 379 854 405 ex
869 368 939 404 omni-

91 423 132 458 hus
147 422 169 457 81
184 422 278 467 singuiis
293 423 317 460 in
331 424 452 466 conficitur,
467 424 493 460 ut
507 423 654 461 confiteamur
669 421 743 467 gratia
757 421 798 458 Dei
812 420 939 467 praeveniri

91 474 209 510 hominum
228 475 355 512 voluntates
375 477 396 512 et
416 484 456 522 per
476 476 534 512 118118
555 484 593 512 eas
614 473 689 520 potius
710 472 848 519 praeparari,
871 480 939 517 quam

91 527 165 572 ipsam
183 527 273 572 propter
292 536 368 563 earum
386 528 468 564 merita
485 528 541 564 dari.
561 527 622 570 -R
642 525 690 563 1978
709 525 748 570 (Do
767 524 842 570 praei.
862 524 937 560 Sertei.

90 579 108 620 2,
127 578 161 624 3):
182 579 233 614 Non
250 579 360 615 receditur
379 589 393 616 a
411 580 528 623 sententie,
548 587 616 625 quam
634 577 740 622 Pelagius
759 576 886 622 compulsus
905 576 939 613 est

91 629 191 676 Diospoli
207 630 326 668 damnare:
344 631 442 676 gratiam
457 632 497 668 Dei
513 631 637 667 secundum
653 629 734 666 merita
749 628 828 666 nostra
844 628 901 671 dari,
919 628 940 665 si

90 690 137 718 non
149 681 246 727 pertinet
260 683 289 718 ad
301 683 341 718 Dei
354 683 457 727 gratiam,
474 684 533 728 quod
546 683 635 719 eredere
650 681 769 728 coepimus.
784 703 810 710 -
823 681 855 717 Cf.
871 680 939 716 etiam

91 734 109 770 P
124 732 165 778 (ed.
181 733 258 778 41203.

160 809 185 861 d)
205 809 368 861 Augustinurn
387 809 566 851 18188188118111
585 820 657 850 omne
676 807 791 849 merit-um
817 807 850 848 de
875 819 939 848 eon-

90 882 171 923 8188,
189 883 217 912 ex
233 872 412 923 impugnatione
429 872 518 913 18118111
534 873 558 913 81
573 871 822 922 Semipetaptaporum
838 870 938 911 manife-

91 935 155 976 stum
167 935 208 976 est.
222 935 293 976 Illam
305 935 369 976 enim
381 935 492 986 exiguam
504 935 621 976 rationem
634 933 722 983 meriti,
736 946 784 986 qua
796 934 821 974 hi
833 933 936 975 eontent'

89 997 165 1046 erant,
180 998 280 1038 omnino
292 997 383 1050 respuit
396 998 519 1049 tamquam
532 998 654 1049 gratuitati
668 996 758 1049 gratiae
772 997 938 1039 adversantem

93 1063 132 1114 (81.
151 1073 175 1102 11.
194 1062 343 1114 19711818.
362 1074 384 1114 g.
404 1063 428 1111 G.
446 1066 460 1103 1
478 1074 514 1113 ep.
531 1063 582 1116 Pel.
600 1065 621 1111 2,
640 1064 661 1111 8,
680 1065 718 1103 18:
742 1062 787 1103 «Si
804 1062 868 1103 enim
887 1061 938 1102 sine

75 1127 168 1190 'gratia
182 1127 224 1168 Dei
240 1138 283 1179 per
298 1138 341 1168 nos
355 1127 440 1178 incipit
456 1127 573 1178 cupiditas
591 1127 653 1176 boni,
670 1127 751 1178 ipsum
767 1126 877 1178 coeptum
893 1126 939 1167 erit

90 1191 231 1233 meritum.»
252 1217 284 1223 -
304 1191 467 1233 Orationem
487 1191 577 1242 gratiae
597 1191 720 1243 praeviam
741 1191 842 1233 eandem
863 1191 938 1242 impe·
957 1209 959 1213 v

90 1257 153 1297 trare
168 1267 236 1308 posse
250 1256 355 1297 excludit
368 1268 391 1297 v.
406 1268 429 1307 g.
445 1256 469 1297 G.
485 1259 498 1297 2
513 1267 550 1308 ep.
565 1256 614 1297 Pei.
630 1259 651 1305 4,
666 1259 687 1305 8,
703 1259 738 1297 41.
752 1281 785 1288 -
798 1256 835 1297 Ad
849 1256 936 1307 simpl.

90 1324 139 1371 1,2,
148 1323 175 1362 21
191 1323 221 1374 (v.
231 1332 303 1372 supra
316 1321 360 1362 sub
373 1321 407 1372 b).
421 1346 452 1353 -
464 1321 538 1373 Epist.
548 1324 588 1362 194
601 1321 633 1362 ad
647 1320 770 1370 8111181114,
779 1324 805 1362 16
819 1320 934 1373 (Β1451);

90 1385 435 1437 01811888188818111111181181,
451 1386 573 1427 evidenter
585 1386 676 1427 donum
690 1386 733 1427 Dei
746 1385 789 1426 est.
804 1387 894 1427 Verum
908 1397 938 1428 ne

90 1450 175 1492 saltem
189 1449 305 1491 orationis
319 1449 434 1501 putentur
449 1450 590 1501 praeoedere
605 1451 698 1499 merita,
717 1450 805 1502 quihus
821 1461 869 1492 non
886 1462 938 1502 gra-

89 1514 150 1559 tutta
173 1515 270 1556 daretur
292 1515 376 1565 gratia,
394 1514 465 1555 etiam
483 1514 535 1565 ipsa
553 1514 629 1556 oratio
645 1515 707 1556 inter
724 1514 812 1566 gratiae
836 1520 938 1556 munera

90 1579 216 1631 reperitur.
235 1605 267 1611 —
284 1579 318 1619 De
337 1579 398 1620 dono
416 1591 509 1634 persev.
528 1582 564 1628 23,
583 1583 611 1621 61
631 1581 660 1632 (R
679 1581 756 1632 2006);
779 1581 875 1621 Donum
893 1580 937 1638 Dei

89 1644 132 1692 est,
154 1644 181 1685 81
197 1644 276 1685 veraci
296 1645 365 1685 eorde
386 1644 409 1685 et
427 1644 584 1695 spiritualiter
602 1644 734 1686 clamemus
753 1645 784 1685 ad
803 1643 888 1694 Deum,
910 1646 938 1687 ut

89 1707 206 1758 petamus,
227 1718 378 1757 quaeramus,
397 1706 528 1757 pulsemus.

89 1832 145 1889 265.
182 1837 202 1874 3.
230 1833 312 1875 Ρ81188
336 1832 528 1884 Augustinum
554 1831 717 1883 sequentes:
747 1833 880 1883 Prosper,
909 1834 934 1874 Ο.

90 1898 149 1939 Coti.
163 1901 183 1948 3,
198 1901 211 1939 1
227 1899 256 1951 (R
268 1898 346 1949 aea-li:
364 1897 450 1938 Omnia
462 1896 555 1946 merita,
569 1896 641 1938 etiam
654 1896 763 1948 petentis,
778 1897 891 1938 excludit.
905 1923 937 1930 -

88 1962 171 2013 Epipr.
185 1965 220 2012 273
236 1963 313 2003 Germ.
329 1963 358 2003 de
371 1964 432 2014 inps.
447 1964 596 2003 5116898288.
611 1961 768 2003 -118888,
783 1962 858 2013 gent.
874 1965 894 2011 i,
910 1964 937 2003 17

91 2028 121 2079 (R
140 2028 218 2079 2644);
244 2027 328 2068 «Siout
348 2027 416 2067 nulla
436 2026 491 2067 sunt
510 2026 560 2067 18111
580 2026 719 2068 detestanda
739 2026 853 2076 18818818,
875 2039 937 2079 quae

89 2090 181 2142 possint
197 2092 288 2143 gratiae
306 2102 385 2132 areere
404 2091 501 2139 donum,
522 2090 556 2132 ita
573 2090 641 2132 nulla
659 2102 727 2142 posse
746 2091 795 2133 tam
814 2093 937 2143 praeolara

88 2167 162 2207 opera
177 2156 297 2205 exsistere,
317 2156 405 2207 quibus
422 2155 473 2204 hoe,
493 2157 557 2207 quod
575 2155 649 2206 gratis
668 2156 790 2206 tribuitur,
809 2168 852 2208 per
869 2155 936 2198 retri-

88 2216 194 2261 butionis
210 2221 326 2261 iudicium
341 2219 481 2260 debeatur.»
498 2245 530 2251 -
544 2220 595 2261 Leo
611 2221 654 2269 M,
671 2220 853 2272 Fulgentius,
871 2221 936 2262 Gre-

88 2285 187 2336 gorius
203 2285 237 2325 M.
258 2286 288 2337 (v.
306 2285 359 2325 Ber.
377 2283 436 2335 3641.

88 2411 144 2452 266.
180 2412 219 2453 lv.
248 2411 369 2463 Theologi.
398 2410 493 2451 Veteres
518 2410 551 2451 ita
576 2411 708 2463 loquuntur
735 2412 763 2453 de
789 2411 933 2464 quaestione,

90 2482 191 2516 «utrum
208 2478 279 2517 honio
295 2477 370 2527 possit
387 2475 537 2516 81118888·
553 2476 660 2527 primam
676 2477 795 2527 praciam»
818 2477 935 2529 (aititur-

87 2534 154 2590 tem),
166 2541 302 2582 8111818188
313 2551 368 2580 oum
379 2551 453 2590 purae
465 2540 517 2581 18111
529 2540 609 2591 lapsae
621 2552 691 2582 omne
702 2536 814 2582 meritum
827 2542 860 2582 de
871 2553 935 2582 eon-

87 2603 174 2654 digno
191 2605 298 2657 respectu
314 2604 394 2645 omnis
408 2604 498 2655 gratiae
516 2606 611 2656 gratum
628 2604 737 2647 facientis
754 2606 877 2658 denegent.
897 2606 935 2648 Sic

89 2666 113 2708 S.
131 2668 236 2713 Thomas
254 2670 274 2717 l,
292 2670 306 2710 2
323 2681 346 2720 q.
364 2671 404 2710 114
420 2680 441 2709 a.
459 2671 484 2709 5:
505 2668 575 2711 Ratio
591 2670 680 2721 gratiae
697 2671 815 2722 repugnat
831 2671 934 2712 mercedi

87 2741 195 2782 operum.
211 2734 238 2775 si
251 2735 341 2775 donum
355 2732 444 2784 gratiae
457 2734 622 2776 consideretur
637 2736 786 2787 (ferm-aliter)
803 2736 934 2777 seeundum

88 2796 204 2838 rationem
221 2798 318 2849 gratuiti
336 2797 400 2846 doni,
419 2797 574 2839 manifestum
591 2800 633 2848 est,
653 2802 717 2851 quod
734 2811 805 2843 omne
821 2801 934 2842 meritum

87 2862 206 2911 repugnat
224 2863 321 2914 gratiam
342 2862 361 2902 si
383 2862 554 2915 (materialiter)
576 2864 709 2906 seeundum
729 2865 840 2906 naturam
859 2865 935 2917 ipsius

87 2924 131 2971 rei,
151 2936 211 2975 quae
230 2927 340 2975 donat-ur,
362 2945 372 2963 1
381 2927 413 2967 818
431 2926 504 2967 etiam
523 2938 570 2967 non
589 2928 666 2979 potest
684 2930 768 2971 eadere
786 2930 830 2971 suh
850 2922 935 2971 merito
