2214 3350
242 187 319 222 rhesis
332 187 349 223 8.
364 187 484 232 Dispositio
497 186 594 231 positiva
608 186 628 220 ei
641 186 747 230 negativa
884 176 927 220 111

70 294 126 330 Deo.
137 321 156 329 ..
171 294 192 329 et
204 294 254 330 ideo
268 296 341 331 subito
354 296 387 331 est
400 295 499 339 gratiam
511 293 648 329 consecutus.
660 306 669 325 >1
683 312 707 318 —
720 294 749 328 ad
762 291 783 327 3:
803 306 813 326 «
822 294 855 329 Ad
869 294 917 335 hoc,

70 345 204 390 quod'Deus
221 346 319 390 gratiam
335 347 442 382 infundat
458 346 554 386 animae,
573 344 638 380 nulla
654 344 796 390 praeparatio
814 345 916 389 exigitur,

71 405 138 441 quam
149 397 197 442 ipse
209 406 253 432 non
264 399 339 434 iaciat.
350 412 360 431 n
371 418 395 424 -
406 398 437 434 Cf.
451 407 469 442 q.
484 396 518 432 1119
529 407 549 432 a.
563 396 610 433 711
620 395 663 431 fine
675 405 733 442 corp.
748 397 767 431 et
779 397 808 432 ad
820 397 838 438 11
850 406 868 441 q.
883 396 918 431 112

71 447 234 484 1311111111
248 458 266 494 q.
283 449 319 486 113
335 450 369 496 ((11
383 459 428 495 qua
441 449 507 495 plura
520 449 545 483 in
559 448 590 484 11.
608 446 630 483 11
644 448 665 483 et
680 447 727 482 eius
742 447 826 482 scholio
840 447 866 493 2).

69 562 124 602 224.
153 561 178 597 lu
193 562 218 599 lo
235 573 281 609 cap.
302 563 312 600 1
330 564 378 600 lect.
398 563 410 598 6
427 573 448 601 n.
469 563 491 599 3:
514 576 523 596 1(
532 563 598 599 Dedit
616 563 692 598 autem
710 562 767 597 hanc
786 561 918 607 potestatem

69 614 206 659 suscipiendi
223 615 320 658 gratiam
338 615 465 661 dupliciter:
486 616 558 660 primo
577 615 733 660 praeparando
752 615 772 648 et
790 613 917 648 hominihus

68 665 218 710 proponendo;
228 692 232 700 .
241 692 260 703 ..
277 667 379 709 secundo,
397 667 450 711 quia
464 666 566 709 hocnon
581 665 667 707 sufficit,
684 674 735 701 cuin
750 664 845 700 liberum
861 664 917 699 11111-

68 716 137 752 trium
153 716 254 761 indigeat
271 718 300 754 ad
317 718 365 762 hoo,
384 719 443 763 quod
459 718 576 754 moveatur
593 719 622 754 ad
640 716 727 761 gratiae
746 716 915 762 susceptionem,

68 769 151 804 annito
166 770 251 813 prateae
266 770 361 812 divinae,
376 779 422 805 non
436 770 524 815 quidem
538 769 668 813 habitualis,
684 770 723 805 sed
736 769 852 811 nocentis,
866 769 916 804 ideo

68 822 107 857 dat
120 821 252 866 potestatem
265 822 373 857 movendo
388 821 483 857 liberum
498 821 617 857 arbitrium
631 821 735 863 1101111115,
752 821 776 856 ut
792 820 917 856 consentiat

69 873 99 908 ad
112 872 274 918 susceptionem
287 874 414 918 gratiae...
432 873 459 909 Et
473 873 513 909 hoc
527 874 593 909 modo
606 874 699 909 vocatur
713 867 831 909 interior
844 881 917 909 voca-

67 926 114 971 tio,
130 926 157 961 de
172 935 217 970 qua
231 923 323 963 dicitur:
342 927 404 974 Quos
414 925 500 961 vocarit
516 925 618 970 (interius
633 925 771 961 voluntatem
786 925 916 970 instigando

20 1008 21 1011 ¹
67 980 97 1016 ad
110 979 291 1015 consentiendum
304 979 406 1025 gratiae),
423 980 462 1015 1101
475 979 604 1024 testificanti
620 979 725 1025 (gratiam
738 978 893 1024 infundendo).
904 992 914 1011 1

66 1055 92 1060 ω
104 1042 151 1078 cap,
166 1031 190 1069 20
202 1032 250 1068 lect.
264 1032 311 1068 311.
325 1034 348 1070 l:
365 1045 376 1065 c
384 1032 445 1068 Licet
458 1033 556 1077 quadam
570 1031 693 1077 generali
706 1033 824 1068 motione
839 1041 914 1068 omnes

68 1095 104 1121 res
117 1086 249 1121 moveantur
264 1096 278 1122 a
291 1087 343 1129 Deo,
359 1086 518 1132 specialiter
532 1086 610 1122 tamen
624 1087 653 1122 ad
666 1086 763 1122 hominis
778 1086 916 1122 iustificatio-

68 1147 118 1173 111111
136 1137 264 1173 necessaria
282 1139 315 1174 est
333 1138 408 1182 gratia
427 1137 535 1183 specialis.
546 1151 556 1170 1

67 1224 121 1297 215,
155 1256 190 1291 Ε1
203 1255 247 1298 via,
265 1263 333 1299 quam
349 1254 369 1290 S.
387 1254 485 1289 Thomas
501 1253 646 1298 progrediens
662 1252 777 1295 indicavit,
794 1242 914 1299 1111111111-

66 1309 131 1343 cessit
145 1304 254 1352 segnius
269 1305 387 1345 Romanus
404 1306 428 1341 Ο.
448 1306 468 1342 S.
487 1306 542 1350 Aug.
570 1305 593 1350 (1
613 1305 675 1350 1316).
702 1305 743 1348 Qui
767 1305 849 1351 optime
873 1305 916 1341 cal-

65 1360 114 1395 lens
127 1358 252 1395 doctrinam
265 1357 286 1393 et
300 1357 321 1394 S.
336 1357 456 1402 Anpnstini
470 1357 490 1392 et
503 1357 524 1392 S.
541 1357 644 1401 Thence,
660 1357 778 1401 utramque
792 1357 913 1393 coniunxit.

66 1412 136 1448 Probe
148 1411 289 1456 distinguens
296 1411 354 1446 inter
365 1410 405 1446 Dei
412 1409 532 1445 motionem
539 1409 667 1444 natur-atem
679 1409 700 1444 et
712 1409 913 1454 supernaturalem,

66 1465 168 1507 ostendit,
186 1474 229 1509 quo
246 1474 314 1501 sensu
330 1464 371 1499 hac
387 1464 413 1499 in
429 1473 452 1499 re
469 1462 653 1508 Philosophus
670 1462 728 1498 recte
745 1463 828 1498 adduci
844 1463 915 1508 possit
959 1502 960 1505 Ἴ

68 1518 128 1563 (inii
143 1518 162 1556 (1.
178 1518 203 1554 26
216 1527 235 1563 q.
251 1518 298 1555 21.
315 1517 347 1564 Sl:
366 1530 376 1551 c
385 1519 412 1553 111
425 1516 584 1553 iustificatione
597 1517 661 1562 impii
677 1526 763 1563 semper
777 1517 914 1563 praecedunt

65 1572 157 1617 quidam
170 1573 266 1616 inpetus
281 1574 302 1606 et
317 1571 386 1607 dtetnt
399 1573 473 1606 motus
486 1571 512 1606 in
525 1571 574 1616 ipso
588 1571 668 1617 impio.
679 1597 697 1607 ..
713 1572 742 1607 Hi
757 1572 833 1608 autem
847 1572 914 1617 impe-

65 1625 101 1661 tus
117 1625 138 1661 et
153 1624 177 1660 hi
191 1620 264 1660 motus
280 1626 373 1670 possunt
389 1634 437 1660 esse
451 1624 597 1660 naturales
612 1626 632 1660 et
648 1624 774 1669 gratuiti.
793 1624 914 1660 Naturales

65 1678 154 1723 quidem
167 1678 225 1721 sunt,
240 1686 291 1713 cum
302 1678 407 1714 ordinant
421 1678 450 1714 ad
462 1678 529 1713 finem
541 1677 674 1714 naturalem.
690 1679 760 1714 Proui
772 1681 847 1714 autem
861 1683 914 1715 sunt

64 1732 187 1775 naturales,
202 1731 336 1767 determinat
349 1731 375 1767 de
389 1731 421 1768 eis
434 1730 583 1777 Philosophus
596 1732 621 1767 in
634 1731 691 1766 libro
704 1732 735 1767 De
750 1732 808 1767 bonu
823 1732 914 1777 tor-tuna

66 1785 126 1831 [Eth.
141 1785 243 1830 Eudem]
254 1811 258 1819 .
268 1811 287 1821 ..
305 1785 327 1821 si
342 1794 392 1829 ergo
407 1783 591 1830 Philosophus
604 1785 671 1820 habet
684 1794 725 1830 pro
738 1786 911 1829 inconvenienti,

65 1839 123 1883 quod
138 1839 176 1874 isti
190 1838 287 1885 impetus
302 1838 458 1875 naturales..
476 1838 521 1874 sint
537 1838 562 1874 in
578 1839 652 1874 bestiis
671 1838 811 1886 [instinctus]
831 1840 851 1875 et
866 1850 913 1876 non

65 1892 109 1927 sint
122 1890 147 1927 in
161 1892 288 1928 nominibus
297 1919 301 1927 .
311 1920 315 1928 .
325 1919 343 1935 .,
359 1892 436 1928 dicunt
450 1891 547 1928 Theolo
552 1891 578 1937 gi
592 1892 670 1928 haberi
685 1902 725 1939 pro
738 1893 911 1936 inconvenienti,

65 1946 124 1990 quod
145 1946 242 1991 impetus
264 1945 335 1982 divini
352 1946 397 1981 sint
414 1946 439 1981 in
455 1945 519 1981 nohis
535 1946 651 1982 naturales
669 1946 691 1982 et
706 1948 731 1982 ut
749 1956 913 1992 consequamur

63 1997 130 2035 finem
141 1999 274 2041 naturalem,
288 1999 309 2035 et
319 2008 365 2034 non
376 1999 457 2035 sintin
467 2000 537 2043 nobie,
550 1999 576 2034 ut
586 2000 639 2035 sunt
651 2000 744 2044 protunc·
756 2000 777 2037 et
791 2002 913 2037 secundum

63 2052 172 2096 gratiam.
183 2079 186 2088 .
196 2080 201 2088 .
212 2062 216 2096 ;
229 2052 260 2089 sic
274 2053 364 2089 suntin
375 2053 439 2088 nobis
451 2052 547 2098 impetus
560 2053 660 2098 gratuiti,
675 2055 798 2091 ordinati
811 2056 840 2091 ad
853 2065 913 2100 gra·

63 2105 129 2141 tiam
146 2105 314 2152 [habitualem],
331 2107 453 2142 secundum
468 2115 537 2151 quam
552 2116 629 2142 sumus
645 2108 709 2152 digni
724 2110 830 2153 consequi
845 2109 913 2145 finem
956 2151 957 2154 Ἴ

64 2159 264 2204 supernaturalem.
280 2159 338 2204 Ergo
352 2160 377 2195 in
388 2159 546 2196 iustificatione
560 2160 625 2206 impii
637 2161 701 2208 prius
715 2164 768 2198 sunt
780 2163 877 2209 impetus
891 2168 913 2200 et

63 2212 137 2248 motus
149 2212 225 2255 divini,
237 2221 293 2258 quos
304 2213 368 2259 plene
379 2214 489 2258 sequendo
501 2214 639 2262 convertitur
650 2216 774 2262 impius...
785 2246 790 2262 ,
803 2218 832 2253 ad
844 2227 912 2262 quarn

64 2266 229 2302 conversionem
240 2266 369 2302 infunditur
381 2267 424 2303 sibi
436 2266 516 2311 gratia,
532 2276 589 2312 quae
602 2269 646 2306 est.
656 2295 676 2305 ..
690 2270 801 2315 quaedam
814 2271 912 2316 qualitas

64 2319 228 2364 spiritualis...
247 2320 323 2358 Sic...
341 2320 360 2355 si
376 2329 412 2356 ecs
429 2319 546 2368 [impetus]
565 2323 672 2368 complete
688 2333 814 2369 sequamur.
833 2326 876 2362 Sed
892 2326 912 2361 si

63 2370 200 2417 incompleta,
217 2382 263 2409 non
280 2373 391 2409 sufficiunt
407 2373 503 2419 impetus
520 2374 644 2420 interiores,
663 2377 702 2413 sed
718 2378 864 2424 requiruntur
880 2379 911 2415 ihi

62 2426 136 2461 motus
148 2426 266 2463 exteriores
278 2426 313 2462 vel
326 2426 464 2472 operationes
478 2428 597 2465 exteriores
611 2430 668 2477 [scil.
683 2431 843 2479 sacramentaJ,
858 2434 912 2478 quia

63 2478 184 2523 aliquando
198 2489 237 2526 per
251 2480 302 2515 illos
316 2479 412 2526 impetus
426 2489 472 2516 non
484 2480 510 2516 fit
525 2482 591 2518 homo
606 2483 721 2528 contritus,
737 2486 777 2521 sed
792 2486 910 2523 attritus.»

64 2531 152 2568 Similia
165 2533 231 2568 habet
244 2534 270 2568 in
283 2542 342 2578 sequ.
358 2532 426 2569 dabit.
444 2534 453 2570 l
468 2534 564 2579 laterali,
578 2546 646 2582 porro
661 2538 681 2574 d.
695 2539 719 2574 27
732 2548 753 2584 q.
768 2538 813 2575 21.
830 2539 848 2583 1;
863 2550 882 2577 a.
899 2540 911 2577 3

63 2593 113 2620 cum
128 2585 178 2621 duh.
197 2586 207 2621 1
223 2587 318 2623 laterali.
334 2606 358 2611 —
372 2587 405 2622 Ex
420 2587 521 2632 professo
538 2589 564 2625 de
579 2592 752 2637 praeparatione
768 2593 798 2628 ad
814 2594 912 2638 gratiam

63 2637 152 2674 disserit
168 2639 187 2675 cl.
204 2640 228 2676 28
244 2649 263 2685 q.
282 2640 292 2676 1
308 2649 327 2676 a,
344 2639 366 2676 3:
386 2639 439 2676 «Ad
453 2641 591 2679 infusionem
607 2644 694 2689 gratiae
709 2646 782 2691 primo
798 2646 912 2691 praecedit

63 2689 139 2726 divina
152 2693 237 2728 necatio
250 2693 286 2729 vel
301 2692 427 2729 divinarum
441 2695 603 2740 cogitationum
616 2698 731 2743 immissio,
748 2699 826 2745 postea
840 2701 911 2746 sequi-

61 2743 98 2778 tur
113 2745 178 2781 liberi
193 2746 282 2782 arbitrii
297 2746 325 2781 ad
340 2747 411 2782 Deum
427 2748 548 2793 conversio,
566 2752 587 2785 et
601 2752 680 2797 postea
696 2753 782 2797 qrottae
798 2754 887 2799 1111111111.
899 2768 909 2787 »

62 2797 131 2833 Istam
145 2799 219 2835 autem
231 2800 370 2836 vocationem
381 2800 509 2838 considerat
521 2804 547 2838 ut
559 2804 702 2841 moraliter
714 2806 804 2843 tantum
817 2808 910 2844 influen-

61 2849 113 2893 tem;
123 2852 176 2887 hinc
186 2853 258 2898 potest
270 2862 317 2889 esse
328 2853 396 2889 etiarn
407 2854 503 2891 externa.
517 2856 590 2899 Quare
601 2858 627 2893 in
638 2858 706 2895 dubit.
721 2862 730 2896 1
743 2860 831 2896 laterali
843 2863 884 2898 art.
898 2863 910 2898 4

62 2903 158 2940 ostendit
173 2907 291 2951 praeterea
306 2906 372 2943 etiam
388 2908 471 2952 requiri
488 2908 588 2954 aliquam
604 2912 703 2955 gratiam
718 2913 830 2951 actualem
845 2916 911 2962 phy-

2 2974 4 2977 ·
61 2955 115 2991 sice
129 2957 263 2997 elevantem:
281 2973 291 2992 a
300 2959 361 2996 Sicut
374 2968 425 3004 ergo
438 2959 552 3006 loquimur
564 2964 590 3000 de
605 2964 668 3008 bono,
683 2967 714 3002 sic
727 2967 864 3012 loquendum
877 2969 911 3005 est
