2214 3350
263 231 264 234 ,
322 200 399 237 Thesis
415 199 444 237 25.
461 197 571 235 Voluntas
585 197 625 233 Dei
640 196 739 233 salvifica
918 194 955 232 54?

107 310 222 349 nonnullis
238 311 261 345 10
276 318 371 356 poenam
386 307 470 355 peccati
485 305 601 351 oriqtnalts
618 305 723 349 1101100011
740 303 774 349 (ei.
793 313 814 341 0,
831 303 875 348 biit
891 303 954 340 Man-

107 373 163 399 nenr
179 363 203 409 [l.
219 372 236 398 c.
252 372 272 408 p.
287 361 321 409 211]
336 361 446 398 00050108.
463 358 571 396 rhomam
585 356 698 405 atterendo
712 357 780 392 verba
796 357 816 393 S.
832 354 953 401 Augustini

108 425 154 452 non
175 415 278 450 accurate
300 415 434 455 examinare,
458 412 535 447 0111101
558 408 668 444 auxilium
689 408 842 444 necessarium
863 407 953 454 propter

108 467 181 504 solum
194 466 309 511 peccatum
324 465 432 511 originale
448 463 560 509 aliquibus
575 460 675 506 uegetum
692 468 760 504 quare
775 460 836 496 istud
851 458 956 503 additum*

107 513 154 555 non
168 527 215 554 esse
230 518 297 553 010115
312 517 452 563 urgendum).
469 535 493 541 -
507 516 538 552 Ci.
554 514 623 550 etiam
639 512 740 557 caperon
753 512 767 547 1.
785 522 802 548 c.
819 522 840 558 p.
859 510 953 546 lac-199

108 571 129 607 et
140 570 218 612 contra
230 570 304 616 ipsum
315 570 332 606 J.
347 569 498 611 Bittremieur,
512 568 552 604 Die
564 565 635 602 Lchre
649 564 686 600 des
699 564 720 599 h.
735 563 831 599 Thomas
844 564 898 599 iiber
911 563 953 598 das

107 623 158 660 Heli
171 623 210 658 der
221 622 378 666 Unglanbigen
393 621 473 667 (Theoi.
483 621 534 662 und
548 617 657 656 Glanbet
673 615 741 663 [1911]
757 614 857 652 ara-388.
872 634 895 640 ν
907 616 951 651 lor.

108 675 134 710 rie
152 674 242 710 Guibert
256 675 277 710 S.
295 674 321 716 1.,
339 673 414 717 Quelle
430 683 444 708 a
460 673 492 708 010
508 672 532 707 10
547 671 628 717 pensee
645 668 756 705 definitive
773 669 800 704 de
816 669 838 704 S.
858 667 954 713 Thomas

108 725 147 762 sur
157 726 178 762 10
189 725 249 761 salut
260 726 298 770 des
309 724 420 760 infideles?
433 724 539 771 (Bulletin
550 724 577 760 de
588 721 722 759 Litterature
729 720 809 769 eccles.
821 720 852 756 IV
863 721 874 758 5
888 719 954 764 [Tou-

107 778 169 813 louse
187 776 244 823 1913]
261 776 363 819 337-355)
383 777 466 813 000501;
486 775 586 820 Aquinas
603 773 695 810 senior
711 782 758 808 non
775 771 873 817 amplius
889 769 954 806 tanta

107 828 241 865 confidentia
253 838 321 864 ausus
333 829 366 864 est
379 828 487 864 affirmare
499 829 570 863 Deum
583 826 686 862 omnibus
697 824 825 861 infidelibus
837 823 953 870 providere

108 881 280 917 de'necessariis
296 881 325 916 ad
342 880 442 924 salutem,
461 881 482 916 et
497 879 556 915 ratio
571 878 693 925 probabilis
710 877 779 913 huius
796 874 953 921 haesitationis

107 933 132 968 in
147 942 171 968 eo
186 933 305 974 invenitur,
323 933 381 977 quod
396 932 494 978 praecise
510 931 571 967 hisce
587 931 652 966 annis
668 930 689 965 et
704 927 844 964 missionarii
861 928 882 963 et
897 935 953 962 mer-

107 984 192 1020 catores
203 993 229 1019 ex
240 984 344 1019 interiore
354 984 408 1019 Asia
419 983 510 1019 reduces
521 982 625 1018 notitiam
635 981 784 1026 plurimorum
794 980 952 1015 maximorum-

107 1045 148 1081 que
160 1035 292 1081 populorum
304 1035 433 1077 attulerunt,
442 1035 522 1080 quibus
529 1034 669 1078 evangelium
680 1042 773 1079 prorsus
785 1032 888 1076 ignotum
895 1031 949 1081 crat.

107 1160 162 1212 687.
198 1161 226 1202 V.
245 1160 316 1206 Ratio
333 1158 475 1211 theologica.
494 1162 514 1198 1.
532 1159 698 1198 Universalem
715 1153 952 1197 1011010101050111-

86 1265 87 1272 ,
107 1222 179 1263 iicarn
190 1222 367 1262 antecedentem
377 1232 425 1261 non
436 1222 560 1262 terminari
571 1232 615 1271 per
625 1220 748 1271 peccatum
759 1218 874 1269 originale
885 1230 958 1269 prae-1

106 1284 186 1325 visum
199 1295 275 1334 neque
290 1296 333 1334 per
348 1283 435 1324 certam
452 1282 610 1334 quantitatem
627 1282 674 1323 sive
692 1281 832 1332 qualitatem
848 1281 953 1333 peccato-

173 1346 336 1397 personalium
348 1357 424 1396 neque
435 1357 478 1396 per
489 1346 622 1397 quidquam
634 1345 700 1387 aliud
712 1345 806 1396 praeter
818 1345 953 1396 praevisam

149 1409 358 1460 poenitentiam
377 1409 507 1457 finalem,
528 1420 557 1448 ex
575 1408 656 1457 variis,
677 1420 738 1459 quae
756 1407 898 1448 revelatione
918 1407 953 1448 di-

149 1484 163 1512 a
179 1472 248 1513 nobis
270 1471 385 1519 constant,
403 1471 464 1512 certo
481 1470 634 1512 deducimus:
660 1471 682 1522 0)
700 1472 775 1512 Deus
789 1470 848 1519 vult,
866 1471 893 1511 ut
909 1481 953 1521 pro

106 1534 220 1575 omnibus
234 1534 367 1575 viatoribus
383 1544 504 1583 01010115,
524 1534 603 1584 idque,
624 1534 740 1584 quantum
758 1533 852 1575 tructus
868 1533 953 1574 010110

107 1597 145 1638 nis
161 1597 190 1638 ab
207 1598 258 1647 ipso
276 1597 399 1648 dependet,
418 1609 472 1638 cum
489 1597 552 1638 certa
570 1608 619 1647 spe;
636 1596 702 1647 atqui
719 1597 763 1637 hoc
779 1596 954 1642 rationabiliter

106 1660 166 1701 velle
182 1671 230 1700 000
245 1659 329 1711 posset,
348 1660 367 1700 si
381 1660 526 1711 quibusdam
540 1669 637 1700 omnem
652 1659 780 1709 denegaret
794 1660 904 1710 gratiam.
921 1685 954 1691 -

106 1723 131 1773 b)
151 1723 216 1763 Deus
234 1722 293 1772 vult,
310 1723 336 1763 nt
350 1722 452 1774 quilibet
471 1722 548 1763 viator
568 1722 664 1763 veniam
685 1721 837 1772 peccatorum
858 1721 953 1777 speret

107 1785 177 1836 atque
191 1797 245 1825 0001
258 1797 299 1836 spe
311 1785 395 1826 veniae
408 1795 489 1836 preces
501 1784 601 1826 tundat.¹
609 1809 640 1814 -
652 1786 673 1836 c]
688 1785 822 1834 1100011111,
837 1785 952 1827 0101001-

106 1848 152 1889 bus
166 1848 349 1899 praedicetur
364 1847 514 1900 evangelium
530 1848 553 1888 et
567 1848 594 1888 01
608 1858 690 1887 010005
704 1848 838 1898 peccatores
852 1848 953 1899 011000

106 1910 231 1952 nitentiam
247 1910 385 1951 invitentur.
402 1934 433 1939 -
448 1910 472 1961 d)
487 1910 552 1951 Deus
567 1909 656 1960 obligat
672 1921 755 1951 omnes
770 1910 904 1961 peccatores
919 1911 951 1952 ad

106 1974 333 2021 conversionem;
347 1973 413 2024 atqui
426 1972 585 2022 impossibilia
596 1984 644 2013 non
657 1973 730 2014 iubet.
742 1999 774 2004 -
785 1974 806 2025 e)
823 1972 951 2014 Ecclesia

106 2048 189 2078 omnes
202 2037 333 2088 baptizatos
347 2036 443 2086 obligat,
460 2036 487 2078 ut
502 2036 604 2087 singulis
618 2037 688 2077 annis
703 2038 882 2079 sacramenta
896 2050 950 2089 poe-

106 2101 219 2142 nitentiae
242 2101 266 2142 et
287 2101 443 2142 eucharistiae
464 2101 588 2150 recipiant
613 2102 678 2152 atqui
696 2104 727 2144 ad
746 2102 871 2153 sacrilegia
891 2103 951 2144 obli-

105 2175 161 2214 gare
174 2164 263 2214 nequit.

174 2264 194 2301 2.
208 2261 378 2312 Explicatur
389 2261 499 2303 voluntas
512 2262 621 2304 salvifica
633 2262 709 2303 circa
721 2262 869 2304 infideles
885 2262 952 2304 Seria

105 2324 217 2366 voluntas
231 2325 339 2367 salvifica
356 2337 411 2377 erga
426 2326 538 2367 infideles
550 2326 666 2368 adultos
680 2338 728 2367 non
744 2327 847 2368 habetur
862 2340 890 2369 ex
907 2329 951 2369 hoc

106 2388 162 2439 solo,
185 2390 248 2441 quod
268 2390 332 2431 Deus
352 2391 476 2431 incensis
495 2391 713 2432 universalibus
734 2391 855 2443 (Ecclesia,
875 2403 951 2433 sacra-

105 2454 200 2505 mentis)
215 2454 295 2496 media
307 2455 392 2495 salutis
403 2456 516 2496 omnibus
528 2455 642 2496 obiective
655 2455 756 2507 paravit
771 2457 812 2497 sed
826 2457 951 2508 singulis

105 2520 237 2568 personis
246 2531 329 2561 veram
340 2519 521 2570 possibilitatem
531 2520 577 2561 sibi
589 2521 646 2561 haec
658 2521 736 2561 media
748 2521 885 2571 applicandi
897 2532 951 2561 con.
967 2544 968 2547 =

106 2583 187 2624 cedere
203 2584 278 2633 debet,
296 2584 368 2634 idque
384 2584 423 2632 ita,
440 2585 474 2633 ut,
492 2585 511 2626 si
529 2586 559 2625 ad
576 2575 676 2627 salutern
692 2595 740 2625 non
756 2585 903 2636 perveniant,
922 2599 951 2628 ex

105 2646 213 2697 ipsorum
229 2648 348 2699 personali
365 2649 436 2699 culpa
451 2650 476 2690 id
492 2649 604 2705 profluat.
623 2650 684 2690 Nam
700 2649 808 2691 maxima
825 2651 850 2691 10
864 2651 909 2692 hec
925 2662 951 2692 10

105 2712 141 2752 051
161 2712 224 2753 10101
244 2713 339 2754 adultos
351 2713 375 2753 et
388 2713 502 2762 parvulos
523 2714 667 2754 differentia.
690 2714 809 2756 Parvuli
831 2716 950 2766 personali

105 2776 191 2817 conatu
204 2778 234 2818 ad
248 2777 349 2817 salutem
363 2788 386 2817 se
398 2788 540 2828 praeparare
555 2789 602 2819 non
614 2779 713 2829 possunt
725 2790 803 2831 neque
817 2781 951 2821 excidentes

105 2852 120 2880 0
133 2841 208 2882 salute
220 2842 283 2882 bona
295 2841 436 2882 naturaliter
449 2842 494 2882 sibi
509 2843 590 2884 debita
603 2843 722 2884 amittunt.
738 2845 799 2887 Hinc
814 2846 951 2897 permittere

105 2905 182 2954 potest
203 2906 273 2955 Deus,
296 2906 323 2947 ut
346 2905 395 2946 sine
418 2905 489 2957 culpa
510 2907 629 2957 personali
652 2904 672 2948 a
686 2908 761 2950 salute
784 2910 947 2950 excludantur.

106 2970 206 3011 adulti
229 2982 284 3011 vero
309 2970 405 3021 propria
429 2972 593 3021 cooperatione
618 2972 719 3014 salutem
743 2974 788 3014 sibi
813 2985 950 3026 comparare
