2214 3350
425 143 531 179 Doctrina
545 143 596 180 Bau
613 148 615 151 ’
912 142 936 178 43
956 135 958 137 ’

85 249 287 291 dona-naturalia
303 251 378 301 legem
396 250 503 292 divinam
520 252 611 302 implet,
630 251 736 292 meretur
751 251 933 299 beatitudinem,

88 323 131 363 per
150 312 351 355 inoboedientiam
371 324 426 354 vero
448 315 552 356 meretur
572 313 759 355 damnationem.
783 314 849 362 Quod
870 314 934 354 bona

84 386 159 425 opera
172 376 227 417 sunt
238 376 360 416 meritoria
371 375 434 417 ritae
445 376 562 426 aeternae,
576 389 605 417 ex
617 377 662 417 hoo
676 375 724 417 solo
739 376 854 427 provenit,
868 378 933 428 quod

86 437 146 478 sunt
161 437 350 490 impletioiepis,
369 451 419 478 nort
435 451 463 480 er
480 440 561 491 aliqua
578 440 700 490 superiore
718 439 840 490 dipnitata
860 451 934 490 quam

89 500 193 541 habeant
208 513 236 542 ex
251 502 376 553 adoptione
392 501 475 543 divina
490 503 527 544 vel
543 515 573 544 ex
588 494 761 543 inhabitatione
778 503 803 544 S.
822 502 933 554 Spiritus.

88 564 150 614 Ergo
168 564 252 605 merita
271 564 345 606 status
363 564 480 615 primitivi
499 567 522 607 et
539 566 589 607 vita
607 565 711 613 aeterna,
732 576 815 605 eorum
834 576 931 613 meroes,

86 637 138 666 ‚nort
152 632 214 666 reete
229 634 343 668 vorantur
357 627 442 678 pratia.

64 790 66 793 .
86 755 128 796 74.
164 758 184 795 2.
205 754 288 796 Status
306 757 406 796 naturae
424 756 506 808 lapsae
530 756 625 806 (Opuse.
649 754 686 793 De
706 760 803 804 perroto
826 755 934 805 eripitis

87 828 155 868 prop.
172 818 275 869 iti-55).
291 819 337 859 Per
351 818 474 869 peccatum
490 818 577 859 Adami
592 817 680 859 natura
694 817 802 857 humana
818 817 841 857 S.
859 816 933 868 Spiri-

87 881 140 926 tum
157 881 181 922 et
198 881 270 931 totam
289 881 355 922 illam
373 880 541 922 rectitudinem
558 880 707 931 primitivam
726 878 813 920 amisit.
833 880 933 921 Pecca-

88 943 146 983 tum
164 942 305 994 originale
324 943 431 985 consistit
455 943 480 983 in
505 943 622 984 habituali
648 943 858 997 rurreppisrerittu,
872 954 934 994 quae

85 1004 143 1052 inde
156 1006 187 1051 ab
201 1006 268 1047 initio
283 1006 419 1047 dominatur
433 1006 459 1046 in
472 1005 597 1047 hominem·
609 1007 632 1047 et
646 1006 688 1046 ubi
702 1006 810 1057 primum
824 1016 882 1045 usus
897 1016 933 1046 ra-

85 1067 158 1109 tionis
172 1069 267 1117 accedit,
282 1069 307 1108 in
320 1067 424 1110 actuales
435 1068 535 1109 eftectus
548 1069 624 1109 malos
635 1068 749 1119 erumpit.
763 1069 799 1109 Ex
810 1080 839 1109 ea
852 1080 933 1109 secun-
962 1091 964 1093 >

21 1172 23 1179 ,
85 1132 147 1172 dum
162 1143 228 1182 prop.
244 1134 272 1172 49
288 1132 357 1183 (quae
371 1143 420 1172 non
435 1130 460 1171 in
475 1131 588 1182 operibus
602 1131 679 1183 ipsius
692 1131 746 1172 Baii
760 1131 890 1184 invenitur)
907 1132 933 1171 in

86 1194 196 1244 parvulis
212 1195 262 1235 sine
279 1194 398 1245 baptismo
414 1193 535 1234 defunctis
551 1195 604 1245 post
620 1194 722 1235 mortem
740 1195 832 1235 actuale
849 1195 933 1235 odium

85 1257 171 1298 Dei'et
186 1257 348 1307 blasphemiae
365 1256 484 1297 oriuntur.
504 1256 707 1308 Concupiscentia,
732 1257 776 1298 etsi
800 1256 860 1298 ratio
884 1269 938 1298 non>

84 1319 224 1367 consentiat,
243 1321 279 1361 est
295 1330 379 1359 rernm
393 1326 520 1370 peccaturi
536 1319 618 1360 eontra
634 1319 745 1361 divinum
763 1319 929 1371 praeceptum:

86 1399 99 1418 ,i
107 1383 159 1423 Non
174 1382 324 1433 concupisces
332 1400 341 1418 n
361 1382 400 1432 (oi.
417 1393 485 1433 prop.
501 1383 604 1434 tif-76).
623 1383 662 1423 Sic
677 1383 801 1434 peccatum
817 1383 932 1434 originale
948 1413 949 1416 1

87 1444 112 1485 in
125 1445 225 1496 singulis
237 1445 328 1486 ratione
340 1445 381 1486 sui
389 1457 437 1496 qua
449 1444 625 1487 inoboedientia
637 1446 703 1497 legis,
718 1445 769 1487 sine
781 1446 889 1497 respectu
901 1447 932 1487 ad

84 1507 233 1549 voluntatem
250 1508 344 1556 Adami‚
363 1508 398 1549 est
415 1519 499 1548 verum
516 1509 640 1559 peceatum
660 1510 736 1560 (prop.
755 1509 800 1560 47).

86 1638 126 1680 75.
162 1639 231 1679 Tales
257 1648 348 1678 errores
373 1635 513 1687 supponunt
538 1636 564 1675 in
590 1635 648 1675 Baio
675 1635 764 1675 falsum
791 1636 932 1684 conceptum

86 1701 233 1742 libertatis
253 1700 347 1752 (Opuso.
365 1700 400 1739 De
418 1698 522 1738 bominis
539 1697 637 1738 arbitrio
655 1698 723 1738 etde
741 1696 791 1738 eius
808 1704 933 1748 potestate*

87 1775 154 1815 prop.
172 1765 265 1811 39r—413
283 1763 312 1803 ot,
331 1761 434 1812 ors-68).
452 1760 592 1810 Philosophi
609 1761 742 1801 seeundum
759 1759 839 1811 ipsum
857 1761 932 1802 consi-

85 1826 175 1868 derant
184 1825 317 1867 libertatern
330 1837 343 1865 α
356 1825 501 1872 necessitate,
515 1835 577 1874 quae
589 1823 624 1864 est
635 1822 739 1874 potestas
751 1822 856 1873 eligendi
869 1821 933 1863 inter

87 1890 165 1941 plura.
182 1889 243 1930 Haeo
257 1888 355 1930 libertas
369 1886 449 1938 quoad
463 1886 601 1931 electionem
617 1885 680 1926 inter
694 1886 785 1926 bonum
800 1886 824 1926 et
839 1886 931 1934 malum

85 1953 177 1993 morale
188 1951 283 2002 peccato
294 1949 404 2001 originali
415 1949 504 1991 amissa
512 1949 549 1990 est
559 1949 582 1989 et
592 1959 657 1988 nune
668 1948 739 1989 unice
749 1948 859 1990 versatur
869 1949 932 1990 circa

85 2015 182 2056 diversa
199 2014 291 2056 obiecta
308 2014 373 2054 mala
389 2013 414 2054 et
431 2011 494 2053 circa
512 2010 677 2052 indifferentia
695 2011 745 2053 sire
763 2023 824 2063 pure
842 2012 932 2063 tempo-

86 2077 168 2119 raliter
179 2070 248 2125 bona,
261 2076 288 2117 ut
299 2087 367 2127 agros
378 2076 461 2122 colere,
475 2075 621 2115 manducare
631 2075 655 2115 et
666 2073 755 2115 bibere.
769 2075 794 2115 S.
807 2075 932 2127 Scriptura

83 2142 109 2182 et
120 2141 145 2182 S.
159 2140 312 2191 Appositum-
320 2140 362 2179 sub
375 2136 472 2178 nomine
484 2135 601 2177 libertatis
614 2137 690 2186 solam
704 2137 839 2178 libertatem
852 2151 866 2179 cr
878 2149 932 2189 pec-

85 2210 138 2246 eato
155 2205 193 2246 vel
209 2217 224 2244 u
241 2205 352 2243 servitute
369 2201 517 2252 intellegunt,
537 2212 597 2252 quae
614 2201 756 2242 violentiam
773 2203 871 2253 quidem
891 2214 932 2244 seu

85 2269 247 2320 captivitatem
265 2265 450 2309 involuntariam
469 2266 513 2306 sub
531 2265 613 2316 aliqua
631 2265 730 2307 inimica
748 2266 870 2317 potestate,
891 2268 932 2308 sed

86 2345 135 2374 non
149 2333 269 2374 internam
284 2330 504 2373 determinationem
520 2330 551 2371 ad
567 2342 644 2371 unum
659 2331 772 2373 excludit
789 2358 820 2363 -
835 2331 937 2373 Schoin-v

85 2398 140 2439 stici
156 2397 230 2450 igitur
248 2396 387 2450 (secundum
404 2405 484 2445 opusc.
508 2394 543 2434 De
561 2395 690 2436 virtutihus
708 2397 840 2447 impiorum
857 2397 880 2438 et
897 2397 932 2436 De

85 2463 192 2511 ¹caritate
204 2473 272 2513 prop.
287 2462 379 2508 254303
392 2461 486 2507 34-383
501 2460 531 2500 oi.
547 2460 640 2511 61-65)
657 2460 759 2512 turpiter
771 2461 859 2509 errant,
875 2473 932 2513 qua-

85 2527 156 2568 tenus
171 2538 225 2567 euri
239 2523 387 2577 philosophis
404 2529 426 2563 et
440 2523 576 2574 Petapteriis
592 2536 679 2576 opera
694 2525 843 2566 moraliter
858 2528 932 2567 bona

85 2591 111 2631 in
122 2591 263 2632 infidelibus
273 2588 409 2630 admittunt.
423 2587 562 2629 Secundum
572 2588 637 2639 ipsos
648 2590 804 2641 philosophos
817 2590 929 2642 <iusticias

86 2655 210 2704 virtutum,
235 2655 262 2695 ut
284 2653 331 2695 sint
346 2653 413 2693 actus
434 2663 489 2693 rere
511 2652 619 2703 virtuosi,
637 2666 667 2695 ex
683 2655 747 2696 bono
764 2658 857 2706 quoqne
881 2656 931 2707 sirie

84 2719 174 2760 debent
196 2719 294 2771 peragi.¹
309 2717 381 2768 Atqui
406 2717 491 2757 urricus
512 2717 536 2758 et
559 2718 717 2769 obligatorias
741 2718 798 2760 finis
820 2721 930 2760 omniurn

85 2784 206 2825 actionum
225 2785 387 2824 humanarum
405 2780 441 2820 est
457 2781 536 2830 Deiras
550 2783 621 2832 prout
639 2784 674 2824 est
692 2784 813 2825 obiectum
831 2785 890 2835 fide-t
909 2791 931 2824 et

86 2849 199 2889 caritatis.
222 2849 283 2889 Nam
306 2846 404 2888 testibus
427 2846 450 2886 S.
469 2846 594 2897 Scriptura
614 2848 639 2889 et
661 2850 685 2889 S.
702 2848 836 2900 Augustino
851 2860 930 2898 omne,

84 2913 150 2962 quod
166 2924 213 2953 non
228 2913 264 2953 est
279 2923 307 2952 ex
322 2911 377 2957 lide,
396 2921 456 2960 quae
473 2920 516 2960 per
531 2910 654 2952 caritatem
670 2913 789 2962 operatur,
808 2914 931 2964 peccatum
