2214 3350
192 156 194 158 -
216 130 350 176 Conspectus
366 128 549 172 chronologicus
561 129 591 164 De
609 126 830 172 semipelagianismo
922 125 945 162 21

100 241 138 281 31.
399 284 401 286 v
426 236 449 276 4.
465 235 613 288 Fulgentius.

99 339 212 378 cle-aec
232 335 364 377 Mcnacbi
381 333 503 384 scythici
519 332 723 383 Constantinopoli
739 344 795 374 curn
808 334 944 373 Possessore

132 399 243 449 episcopo
253 398 366 446 africano,
380 397 435 438 dein
447 397 536 438 Romae
548 407 603 437 cum
615 394 742 437 Hormisda
753 407 816 447 papa
826 396 855 437 de
866 397 944 437 ortho-

132 461 202 502 doxia
216 462 297 502 Fausti
311 461 392 512 agunt.
408 460 549 500 Hormisdas
563 459 694 499 Possessori
710 459 815 499 scribens
829 459 944 499 Faustum

132 523 199 565 reicit
210 524 233 565 et
243 524 370 575 Augustini
382 522 469 563 ultima
478 534 552 573 opera
562 521 714 563 commendat
727 523 781 570 (ML
792 525 825 571 15,
840 524 892 563 1771
901 522 942 573 ss).

132 586 293 627 Orientalibus
308 585 363 634 illis,
381 586 423 637 qui
438 585 511 626 etiarn
527 585 649 636 episcopos
665 585 784 626 africanos
799 597 813 625 a
828 585 944 626 Vandalis

132 650 157 689 in
185 649 321 690 Sardiniam
348 648 465 699 relegatos
491 648 708 705 interpellaverunt,
737 649 832 689 nornine
860 660 943 689 eorum

114 734 116 738 ·
130 712 156 757 S,
169 711 309 763 Fulgentius
321 710 446 762 episcopus
458 712 580 761 ruspensis
592 711 721 762 respondet
735 712 789 763 (ML
801 714 835 760 45,
850 713 904 752 1772
911 724 942 759 ss;

130 778 165 823 65,
182 775 271 826 nass).
290 775 355 815 idern
371 774 437 815 varia
454 785 526 824 opera
543 774 624 815 contra
642 773 844 824 semipelagianos
862 774 944 815 scribit

0 809 6 842 ξ
73 865 76 869 ,
133 838 186 889 <ML
200 838 250 889 65):
268 839 303 877 De
316 838 366 888 side
382 838 413 877 ad
427 838 533 886 Petrum,
549 838 582 877 De
598 838 697 877 veritate
711 837 941 888 praedestinationis,

130 903 144 940 7
162 900 236 941 libros
254 899 388 951 deperditos
408 899 495 940 Contra
513 900 636 948 Faustam,
657 900 683 940 in
701 901 814 941 omnibus
838 901 942 952 rigorose

0 989 8 1018 ἶ
67 956 69 958 ’
131 974 232 1013 sequens
249 963 272 1003 S.
290 962 458 1013 ragusanum.

96 1094 135 1134 32.
252 1065 254 1068 ⁴
435 1092 462 1133 5.·
477 1092 613 1135 Caesarius.

95 1191 207 1230 sta-529
234 1190 357 1231 Caesarius
384 1189 509 1239 episcopus
535 1191 679 1238 arelatensis,
708 1192 758 1240 qui,
787 1191 847 1232 sicut
872 1192 941 1232 antea

129 1254 231 1294 Avitus
246 1253 372 1305 episcopus
389 1255 525 1295 viennensis
546 1255 569 1307 (t
587 1255 647 1304 518),
666 1255 799 1297 doctrinam
818 1257 841 1296 S.
862 1257 941 1308 Angn-

128 1317 185 1357 stini
196 1317 341 1367 defenderat,
354 1318 479 1368 propterea
490 1331 505 1359 a
517 1320 606 1370 synodo
620 1320 746 1360 Valentino
758 1320 940 1371 semipelagiane

128 1381 242 1422 sentiente
256 1382 418 1433 impugnatur.
433 1383 453 1421 Α
467 1382 544 1425 Felice
558 1383 591 1424 111
605 1381 669 1435 papa
681 1384 815 1425 Sententiae
830 1385 941 1436 Prospera·

127 1445 150 1488 et
168 1446 323 1486 Artoton'tatea
340 1447 505 1486 Rornanorum
522 1448 670 1498 Pontificum
687 1449 780 1500 accipit.

93 1532 135 1569 529
157 1529 194 1570 die
216 1533 230 1570 3
252 1531 306 1571 Iulii
330 1533 434 1582 synodus
457 1532 606 1574 Arausicana
629 1532 660 1581 ll,
683 1535 805 1576 occasione
829 1535 940 1576 ecclesiae

128 1592 273 1633 dedicandae
291 1594 438 1644 congregata,
459 1596 569 1636 Caesario
585 1596 736 1646 praesidente
753 1601 769 1639 8-
784 1609 893 1648 canones,
914 1601 940 1640 17

127 1653 254 1696 sententias
264 1656 288 1696 et
299 1656 434 1707 symbolum
445 1657 560 1699 adversus
571 1659 705 1700 doctrinam
718 1655 937 1711 semipelagianarn,

127 1717 266 1766 praesertim
280 1718 308 1759 de
322 1717 390 1759 initio
405 1719 470 1768 fidei,
487 1721 623 1771 promulgat
639 1722 681 1775 (Da
697 1723 826 1775 itt—200).

92 1802 134 1840 530
157 1800 295 1844 Bonifatius
310 1803 333 1844 11
356 1805 402 1845 boc
424 1805 553 1846 concilium
576 1808 694 1858 approbat
719 1809 773 1860 (ML
790 1812 825 1859 45,
844 1812 937 1858 1790ss3

126 1863 160 1902 Dz
181 1865 271 1915 30385).
295 1866 388 1906 Abhinc
410 1867 466 1908 haec
490 1880 546 1919 pars
566 1870 740 1912 controversiae
762 1872 886 1924 tamquam
908 1873 937 1914 ab

126 1926 231 1967 Ecclesia
246 1928 324 1969 decisa
338 1930 447 1971 habetur.
629 1927 634 1935 '
