2214 3350
197 200 231 236 148
359 201 428 238 ·Sect.
446 203 474 239 ΙΙ,
493 203 539 238 Art.
557 204 572 238 I.
590 205 621 239 De
637 204 758 248 gratuitate
775 204 860 248 gratiae

195 313 221 348 de
234 312 308 348 divino
321 313 410 350 111111ῖὶ0.
424 314 448 351 Si
458 315 519 349 enim
529 315 618 356 bonum,
631 313 725 358 inquod
736 313 853 355 tendimus,
868 313 901 348 est
912 312 1040 348 naturale

195 364 216 399 et
230 372 277 399 non
292 365 324 400 est
340 374 410 412 supra
424 366 536 408 naturam,
553 365 698 401 nihilominus
714 365 840 410 indigemus
857 365 931 400 divino
948 363 1038 407 auxilio,

195 425 238 462 quo
253 418 327 453 movet
341 419 478 461 naturam,
494 418 558 454 cuius
573 418 673 463 operatio
689 416 797 453 exstincta
813 417 875 459 esset,
893 416 918 451 ut
935 413 1038 458 diximus,

194 469 243 506 sine
259 470 304 506 Deo
321 470 440 506 adiuvante
457 471 477 504 et
493 469 600 505 movente.
619 469 642 505 Si
660 470 734 504 autern
757 468 885 504 huiusmodi
907 468 991 503 bonum
1007 468 1040 503 est

194 532 279 570 supra
292 524 428 564 naturam,
444 522 508 558 cuius
524 522 556 557 est
569 521 653 557 bonum
667 521 753 565 gratiae
770 521 790 556 et
805 519 896 565 gloriae,
912 520 1039 565 indigemus

194 576 270 611 divino
292 576 374 611 auxilio
396 572 647 620 supernaturaliter
668 582 708 608 nos
729 573 835 608 movente.
846 585 856 605 >1
886 572 955 608 Aiiert
983 571 1039 607 illud

195 627 352 673 exemplum,
365 634 408 671 quo
420 625 487 661 etiam
499 625 564 661 hodie
576 625 631 661 solet
643 624 754 661 illustrari
766 622 840 670 gratia
851 625 940 661 elevans
953 625 974 660 et
986 624 1039 670 phy-

194 682 239 716 sice
254 680 350 716 influens
374 681 401 727 (v,
419 688 440 714 11.
460 678 516 725 188):
543 678 674 714 «Habemus
698 677 758 712 enim
774 685 814 712 nos
837 677 862 712 111
885 676 1038 713 consecutione

193 732 287 777 gratiae,
304 732 361 767 sicut
377 741 399 767 se
415 731 483 766 habet
497 739 563 776 puer
577 729 703 765 nesciens
719 729 838 764 scribere
855 729 885 764 ad
901 728 1036 773 scriptorem.

193 785 251 820 Nam
263 791 332 830 puero
345 782 452 819 nescienti
465 782 561 818 scribere
573 790 620 817 uon
632 781 718 824 sufficit,
733 781 791 826 quod
804 781 868 816 detur
882 781 925 816 sibi
938 779 1039 816 calamus

194 839 214 873 et
229 835 380 873 atramentum
394 835 423 871 ad
437 834 585 877 scribendum,
602 834 641 869 sed
656 833 747 879 oportet,
764 833 822 878 quod
837 832 932 878 scriptor
947 831 1039 878 capiat

191 899 298 927 manum
307 890 385 936 pueri
394 889 415 925 et
425 888 492 925 ducat
502 897 551 923 eam
561 888 590 923 ad
600 887 647 931 hoc,
658 888 716 932 quod
726 888 781 923 bene
791 886 879 922 scribat.
892 887 927 923 Sic
937 895 984 921 nan
994 885 1038 921 suf-

192 944 244 986 ficit,
259 943 318 988 quod
331 944 390 979 Deus
404 941 498 988 inspiret
512 941 576 977 nohis
592 941 659 976 bonas
675 940 818 984 recitationes
834 941 855 975 et
870 940 929 985 quod
942 940 1038 975 liberum

192 997 311 1033 arbitrium
328 996 363 1031 vel
381 995 485 1031 voluntas
511 994 632 1031 secundum
649 994 701 1030 illas
719 996 790 1030 bonas
814 993 960 1038 cogitationes
985 993 1038 1027 oel't

191 1050 273 1086 habere
290 1051 392 1094 prati-am,
409 1050 449 1086 sed
464 1048 555 1095 oportet,
573 1048 632 1093 quod
647 1049 716 1084 Deus
731 1047 836 1083 moveat
851 1047 926 1093 ipsum
942 1047 1038 1082 liberum

190 1104 310 1140 arbitrium
321 1104 423 1139 nostrum
435 1111 519 1149 supra
530 1102 657 1139 naturam
668 1111 739 1143 suam,
753 1102 777 1137 ut
789 1101 859 1147 possit
871 1101 976 1145 consequi
988 1109 1037 1146 gra-

190 1158 253 1201 tiam,
272 1158 330 1202 quod
347 1157 380 1192 est
396 1158 479 1192 bonum
496 1155 672 1202 supernaturale.
683 1168 693 1188 1)
713 1157 793 1192 Omnes
811 1155 928 1190 creaturae
946 1154 1036 1198 agentes

191 1211 244 1247 sunt
261 1210 411 1247 instrumenta
427 1220 442 1246 a
458 1211 504 1246 Deo
520 1209 587 1246 mota.
608 1209 655 1245 «Et
671 1209 691 1244 si
708 1209 740 1244 sic
758 1209 790 1244 est
806 1209 831 1243 in
848 1208 890 1251 his,
909 1216 966 1253 quae
984 1207 1037 1243 sunt

141 1292 144 1295 .
191 1265 292 1307 naturae,
310 1263 381 1300 multo
397 1263 470 1308 magis
488 1263 521 1299 est
537 1263 562 1298 111
577 1263 620 1306 his,
638 1272 695 1308 quae
713 1263 766 1298 sunt
782 1261 875 1307 gratiae.
894 1261 952 1305 Quia
968 1270 1037 1306 quan-

189 1319 332 1363 tumcumque
348 1319 407 1353 Deus
422 1317 530 1353 immittat
545 1318 617 1352 bonas
633 1316 777 1361 cogitationes
795 1316 815 1352 et
832 1315 1035 1360 quantumcumque

190 1372 285 1408 liberum
298 1371 417 1407 arbitrium
430 1370 554 1407 consentiat
567 1371 606 1413 eis,
621 1379 666 1406 non
680 1371 721 1406 erit
734 1370 775 1406 boc
789 1366 905 1414 sufficiens,
921 1369 966 1405 nisi
979 1378 1036 1415 spe-

189 1425 300 1461 cialiter
314 1424 455 1461 moveatur
470 1424 565 1460 liberum
581 1423 699 1460 arbitrium
715 1433 729 1459 a
744 1425 789 1459 Deo
804 1424 834 1460 ad
849 1423 947 1468 gratiam
961 1431 1036 1459 conse-

188 1479 326 1523 quendam.»
340 1478 397 1514 Dein
409 1478 483 1523 quoad
496 1477 586 1523 singula
599 1477 697 1523 applicat
710 1476 834 1523 exemplum
846 1477 910 1522 pueri
924 1477 953 1513 ad
966 1476 1035 1512 homi-

188 1540 241 1568 nem
255 1531 457 1578 supernaturaliter
472 1531 616 1577 recipientem
631 1530 733 1575 gratiam.
750 1553 775 1559 -
789 1531 821 1568 Cf.
839 1530 907 1566 etiam
922 1540 941 1576 q,
958 1530 972 1567 2
986 1539 1005 1566 a.
1024 1529 1033 1565 1

189 1586 219 1621 ad
235 1585 257 1620 1:
275 1585 309 1621 Ad
324 1585 418 1620 virtutes
434 1584 555 1630 acquisitas
572 1584 687 1620 habendas
703 1583 783 1620 sufficit
799 1584 909 1620 auxilium
925 1584 1032 1625 divinum,

190 1651 201 1671 n
209 1639 234 1674 ut
252 1639 358 1684 operatur
375 1638 399 1674 111
416 1638 459 1682 his,
480 1647 536 1683 quae
555 1639 608 1674 sunt
625 1639 720 1674 naturae
728 1649 748 1681 11;
767 1638 805 1675 sed
824 1638 854 1674 ad
872 1638 970 1683 gratiam
988 1638 1035 1674 adi-

188 1692 318 1738 piscendam
343 1692 484 1737 «requiritur
510 1691 618 1728 auxilium
637 1692 691 1734 eius,
711 1692 736 1728 ut
755 1691 802 1737 agit
820 1700 889 1738 opera
907 1692 994 1736 gratiae
1013 1692 1034 1727 et

188 1746 334 1791 superaddita
349 1747 443 1782 naturae
452 1759 469 1780 ».
486 1766 511 1773 „.
525 1745 579 1781 Post
595 1745 644 1782 dist.
661 1746 686 1782 28
701 1745 769 1781 dabit.
787 1747 799 1781 a
814 1745 929 1782 litteratis:
949 1758 960 1777 11
969 1745 1033 1781 Mul-

188 1798 273 1845 tiplex
291 1799 331 1835 est
347 1800 429 1835 motio
447 1799 552 1836 divina:
574 1800 625 1836 Una
643 1799 790 1844 generalis,
811 1808 857 1845 qua
873 1800 946 1836 movet
964 1799 1033 1835 totam

186 1853 298 1892 naturam,
319 1853 371 1889 Alia
394 1852 534 1899 specialis,
562 1863 607 1898 qua
623 1853 696 1889 movet
720 1853 826 1889 naturam
851 1854 985 1889 rationalem
1003 1854 1033 1890 ad

187 1907 291 1951 gratiam.
308 1907 337 1943 Et
352 1906 406 1943 haec
422 1907 455 1943 est
471 1907 617 1953 praeveniens
634 1907 817 1953 etsubsequens:
837 1906 1031 1949 Praeveniens,

186 1961 212 1996 in
226 1961 336 2005 quantum
350 1959 450 1995 immittit
464 1960 529 1996 nobis
542 1960 614 1997 bonas
628 1961 786 2006 inspirationes
800 1961 836 1995 vel
851 1961 996 2006 cogitationes
1012 1961 1033 1997 et

187 2013 252 2049 vocat
267 2022 308 2049 nos
323 2014 450 2058 adhonum
466 2022 533 2059 super
548 2013 660 2057 naturam,
678 2014 737 2059 quod
753 2015 784 2050 est
800 2014 880 2058 gratia,
898 2015 926 2050 Et
942 2014 1033 2050 subse-

188 2076 281 2112 quens,
307 2060 364 2112 quia‘
383 2066 435 2103 illae
460 2067 618 2113 inspirationes
636 2076 682 2103 non
699 2067 823 2103 sufficerent
847 2068 877 2104 ad
898 2067 947 2112 hoc,
975 2069 1033 2113 quod

187 2122 271 2155 natura
287 2120 370 2156 levaret
386 2129 408 2155 se
425 2129 494 2165 capra
510 2130 533 2156 se
549 2121 571 2156 et
586 2121 708 2167 susciperet
723 2121 749 2157 in
763 2130 786 2157 se
803 2121 907 2167 gratiam,
925 2131 982 2167 quae
1000 2122 1033 2158 est

187 2183 257 2220 supra
270 2175 382 2217 naturam,
397 2174 442 2210 nisi
455 2175 513 2210 Deus
527 2175 556 2210 ad
570 2174 610 2210 hoc
625 2175 751 2220 specialiter
763 2176 860 2211 moveret
874 2185 931 2218 aam;
945 2176 1032 2221 quiesi

187 2236 232 2263 non
246 2228 317 2273 potest
331 2228 414 2263 natura
428 2228 452 2263 in
466 2237 522 2274 opus
536 2229 631 2264 naturae
645 2228 689 2264 nisi
705 2240 719 2266 a
733 2230 777 2265 Deo
791 2229 858 2271 mota,
874 2229 944 2265 multo
959 2230 1031 2275 magis

186 2289 232 2317 non
246 2281 318 2327 potest
331 2281 357 2317 in
366 2282 532 2328 ,susceptionem
546 2282 640 2327 gratiae,
656 2292 713 2327 quae
729 2283 761 2318 est
776 2292 843 2329 super
858 2283 970 2326 naturam,
987 2283 1031 2319 nisi

186 2335 313 2380 specialiter
327 2345 341 2371 a
354 2337 399 2371 Deo
414 2335 482 2371 mota.
499 2336 530 2371 Ex
545 2344 588 2381 quo
603 2336 709 2381 sequitur,
727 2337 785 2381 quod
800 2337 857 2373 sicut
872 2337 956 2373 natura
970 2338 1031 2373 mota

186 2387 214 2424 ab
227 2390 305 2433 agente
319 2388 419 2425 naturali
432 2389 558 2434 disponitur
572 2389 592 2424 et
605 2390 753 2435 praeparatur
767 2390 796 2426 ad
809 2390 1031 2435 suscipiendamfor-

186 2450 246 2477 mam
261 2442 394 2484 naturalem,
409 2442 441 2478 sic
455 2442 516 2478 mota
531 2451 544 2478 a
558 2443 603 2478 Deo
617 2451 662 2478 non
677 2442 750 2478 solum
764 2443 904 2488 generaliter,
920 2444 945 2479 ut
960 2453 1031 2479 move-

186 2496 223 2530 tur
239 2495 286 2532 tota
302 2495 391 2537 natura,
410 2495 450 2531 sed
468 2495 534 2532 etiam
552 2495 683 2541 specialiter,
703 2497 729 2532 nt
745 2497 846 2533 movetur
863 2497 946 2533 natura
964 2498 1030 2534 ratio-

185 2547 251 2592 nalis,
263 2549 412 2595 praeparatur
422 2549 444 2584 et
455 2549 581 2595 disponitur
593 2550 624 2591 ad¹
633 2549 798 2596 suscipiendam
809 2550 913 2595 gratiam,
927 2551 986 2596 quod
998 2552 1031 2587 est

185 2601 239 2646 quid
252 2602 430 2647 supernaturale;
444 2602 497 2647 quia
510 2611 597 2649 semper
609 2603 672 2639 actus
686 2604 809 2640 activorum
822 2604 948 2640 secundum
957 2604 1031 2641 Phila-

185 2655 280 2700 sophum
292 2655 344 2691 sunt
356 2656 380 2691 111
391 2656 490 2702 patiente
501 2657 522 2692 et
533 2656 646 2702 disposito,
661 2666 712 2693 cum
724 2657 789 2693 talis
801 2657 929 2703 requiratur
942 2659 1030 2704 dispo-

186 2708 250 2744 sitio
268 2709 379 2754 patientis,
400 2709 490 2755 qualis
509 2710 541 2746 est
560 2710 636 2746 actus
655 2711 780 2756 receptus
800 2711 821 2746 et
839 2710 912 2756 qualis
931 2713 964 2747 est
982 2721 1030 2758 per-

184 2762 250 2797 fectio
263 2763 377 2807 impressa.
388 2776 398 2796 1)
412 2785 438 2790 -
450 2764 509 2808 Ergo
522 2763 628 2808 Aegidius
642 2764 710 2809 exigit
724 2765 752 2800 ad
766 2765 933 2810 dispositionem
948 2775 1030 2801 remo-

184 2816 239 2850 tam
258 2814 356 2860 aliquam
374 2816 472 2861 gratiam
491 2816 607 2860 actualem,
627 2827 642 2853 a
658 2817 755 2854 motione
774 2818 874 2853 naturali
893 2819 1028 2863 distinctam,

185 2868 379 2914 supernaturalem
393 2871 466 2915 quoad
480 2870 547 2906 finem
560 2872 581 2907 et
594 2871 691 2915 modum,
707 2872 752 2915 sed,
767 2872 793 2907 ut
806 2872 900 2916 videtur,
915 2881 961 2909 non
976 2882 1030 2909 sem-

184 2931 223 2968 per
241 2922 261 2957 et
279 2919 402 2958 necessario
420 2924 539 2966 internam
558 2925 586 2960 ad
604 2924 771 2970 dispositionem
788 2925 937 2970 proximam
954 2927 1030 2962 autem

184 2976 244 3011 clare
263 2975 330 3020 exigit
349 2976 461 3012 internam
487 2978 583 3021 aratiam
608 2977 725 3021 actualem,
745 2987 802 3024 quae
821 2979 927 3015 naturam
954 2980 1027 3016 etccet.
