2214 3350
169 164 205 202 482
326 165 379 202 Soet.
395 165 419 203 V.
433 167 479 202 Art.
495 146 528 202 Π]
537 148 661 213 Explicatio
673 139 760 210 gratiae
773 165 867 202 efficacis
921 210 923 213 .

168 285 230 322 rrum,
250 273 337 325 quibus
354 259 475 314 collective
496 273 598 325 sumptis
620 273 732 313 voluntas
755 273 885 327 certissime
908 284 957 315 non
982 273 1014 314 sit

168 336 286 396 restitum,
303 336 333 395 ab
348 333 403 376 aliis
418 348 447 378 er
462 338 486 378 ci
500 337 605 389 quadum
621 342 643 376 er
657 336 813 386 vehementia,
831 348 878 387 que
894 337 1012 377 auxilium

163 398 193 438 'in
209 398 356 439 voluntatem
372 399 478 440 initum.

228 483 482 522 Lud0r÷fhomassfnus
500 486 520 520 C.
538 484 597 520 Orat.
616 483 639 528 (4
657 483 718 530 1695),
737 469 861 521 censensus
877 486 969 523 scholae
985 486 1012 521 de

115 560 117 564 ι
169 537 243 581 pratia
262 537 402 583 (praesertim
419 537 481 582 parte
500 537 537 583 IV)
555 537 629 572 censet
647 535 930 573 «infallibilitatidivinae
945 546 1011 583 prae-

169 587 325 624 destinationis
340 597 386 624 non
401 588 465 624 aliter
480 588 614 624 concordare
629 587 754 624 libertatem
770 588 870 625 nostram
885 589 1012 624 indifferen-

168 639 219 682 tem,
236 648 342 684 quem-er
355 638 497 674 multitudine
513 641 534 674 et
549 639 712 683 conspiratione
728 639 862 675 auxiliorum
878 641 1010 681 diuinorum,

168 700 225 736 quae
238 691 288 726 licet
301 690 433 735 singillatim
443 690 589 733 frustratura,
603 691 725 727 universim
738 692 814 727 tamen
827 692 848 727 et
861 691 1011 736 conglobatim

168 744 269 779 victricia
282 744 303 779 et
316 743 446 779 infallibilia
459 743 510 779 sunt
518 756 528 776 n
545 743 585 788 (ed.
601 742 673 784 Vives,
688 744 753 780 Paris
768 743 880 780 18101013.
897 744 909 780 6
921 754 942 790 p.
958 742 1009 788 361).

167 795 278 831 Plurimos
291 794 404 839 theologos
417 804 458 840 pro
471 795 512 830 hac
526 795 637 831 sententia
651 795 737 832 3410142,
752 815 775 821 -
786 796 881 832 Ioannes
894 794 1012 832 Gonzalez

168 846 292 899 11οΑ1110113
307 848 360 893 (sive
376 847 476 894 Alvelda)
495 850 523 884 Οἱ
535 850 559 884 Ρ.
580 847 604 894 (4
622 847 684 893 lenc),
703 848 730 883 in
747 850 756 883 t
773 858 791 893 q.
810 848 869 885 193.
888 849 900 886 8
916 848 971 895 disp.
987 849 1012 886 48

169 899 326 937 sectaretur
342 898 516 945 praemofionem
534 898 718 947 Banezianorum
737 901 788 936 sect.
806 901 898 937 33113111
916 908 1011 944 «veram

168 950 301 987 sententiam
314 960 338 985 ex
350 952 423 986 11101140
435 952 459 987 D.
473 951 592 994 Augustini
605 953 625 986 et
638 954 662 988 D.
677 952 774 987 Thomae
782 966 792 985 η
807 951 916 988 declarat:
933 951 1011 989 Gratia

167 1002 262 1039 actualis
278 1002 379 1038 consistit
394 1002 418 1037 tn
434 1003 519 1038 cetibus
536 1002 688 1039 fructicemus
702 1003 827 1039 intellectus
843 1004 864 1041 04
880 1003 1008 1045 voluntatis,

168 1056 206 1100 qui
222 1056 310 1091 movent
326 1056 355 1091 ad
369 1063 507 1091 consensum.
526 1054 650 1091 illustratio
666 1055 791 1092 intellectus
808 1066 834 1092 ex
850 1056 914 1101 parte
932 1055 1010 1091 obiecti

167 1107 213 1143 sive
224 1107 337 1142 moraliter
347 1107 420 1141 movet
432 1107 461 1142 ad
471 1115 611 1148 consensum
625 1107 663 1142 sed
674 1108 748 1142 motus
760 1107 846 1142 subitus
857 1106 1009 1142 delectationis

166 1158 276 1194 voluntati
288 1159 396 1194 diuinitus
407 1158 527 1201 immissus,
537 1158 590 1203 quia
602 1168 625 1194 se
637 1158 704 1194 habet
715 1168 741 1194 ex
751 1160 813 1203 parte
825 1159 943 1205 potentiae,
952 1159 1010 1195 recte

167 1211 248 1246 dicitur
258 1210 381 1256 praemotio
393 1210 486 1255 physica
500 1211 528 1256 (11.
540 1210 579 1256 38).
594 1212 677 1246 Tamen
689 1211 730 1246 hac
743 1211 894 1255 praenotione
906 1210 1010 1246 voluntas

167 1263 257 1297 minime
273 1262 495 1307 praedeterminatur,
512 1263 551 1298 sed
566 1272 589 1298 se
605 1263 678 1307 ipsam
694 1263 723 1298 ad
740 1263 814 1298 actum
829 1262 924 1298 liberum
941 1263 1010 1299 deier-

162 1310 249 1349 minat:
268 1326 278 1346 u
288 1314 366 1349 Modus
380 1314 483 1349 movendi
497 1313 635 1350 voluntatem
649 1314 711 1349 fructa
725 1315 816 1350 modum
831 1324 911 1351 causae
927 1315 1009 1351 liberae

168 1367 201 1401 est
216 1365 332 1401 infundere
347 1365 380 1400 illi
396 1366 481 1401 motum
496 1365 674 1408 indeliberatum,
691 1366 716 1401 ut
732 1366 784 1402 inde
801 1367 917 1402 accedente
935 1367 1010 1402 adver-

166 1419 237 1454 tentia
251 1418 416 1454 intellectus...
434 1417 564 1453 determinet
579 1418 689 1463 seipsam
704 1418 733 1453 ad
748 1417 816 1454 libere
831 1418 1009 1464 prosequendum

166 1470 212 1505 tale
229 1470 337 1506 obiectum
345 1483 355 1502 n
375 1469 403 1514 (n.
422 1468 461 1514 40).
480 1470 513 1505 Ε3
531 1470 605 1513 gratia
623 1469 655 1504 est
672 1468 782 1513 efficax,
803 1478 879 1514 «quae
897 1470 935 1506 dat
951 1469 1010 1505 vires

167 1520 329 1558 efficacissimas
343 1520 412 1556 libero
425 1520 523 1564 arbitrio,
538 1520 570 1556 iia
584 1521 614 1563 ut,
631 1519 731 1566 quamvis
745 1521 818 1556 stante
831 1520 872 1556 illa
885 1531 910 1557 ex
923 1531 946 1557 se
960 1521 1009 1567 ipso
1079 1550 1081 1554 .

166 1574 234 1618 nutet,
250 1573 347 1620 positum
360 1574 419 1608 inter
434 1573 489 1608 duas
504 1572 650 1617 cogitationes
665 1573 686 1607 et
701 1571 828 1608 affectiones
843 1573 895 1608 boni
911 1574 932 1609 et
946 1573 1007 1615 mali,

166 1635 191 1662 ac
209 1626 300 1672 proinde
318 1625 383 1671 quasi
399 1625 494 1661 decertet
510 1624 569 1660 inter
585 1624 644 1660 nolle
661 1626 682 1659 et
698 1623 761 1667 velle,
779 1624 855 1660 tamen
871 1635 896 1661 ex
912 1624 1010 1660 efficacia
1081 1623 1104 1674 44

166 1679 251 1723 gratiae.
266 1676 362 1713 firmiter
376 1677 429 1712 velit
444 1670 528 1712 stare».
545 1676 651 1712 Concedit
666 1676 741 1712 autem
756 1675 946 1721 gravissimam
961 1686 1009 1713 esse

166 1729 373 1771 difficultatem,
393 1738 433 1764 cnr
450 1728 560 1772 voluntas,
581 1737 637 1772 ¹quae
656 1727 728 1763 stante
746 1729 820 1773 gratia
839 1727 921 1765 efficaci
939 1729 1009 1774 possit
1079 1702 1100 1758 rui

165 1781 262 1826 prorimc
277 1783 296 1816 et
310 1780 407 1825 arpenne
421 1776 543 1823 dissentire,
559 1780 578 1814 si
591 1780 650 1822 uelit,
663 1788 709 1815 non
723 1779 843 1825 aliquando
857 1781 909 1827 uelit
924 1781 952 1826 (n.
967 1780 1006 1826 36),

164 1852 187 1858 -
205 1832 291 1869 Similes
308 1832 466 1877 explicationes
489 1833 543 1867 dant
567 1831 607 1867 alii
630 1832 781 1869 Dominicani:
807 1832 885 1868 Frano.
902 1832 1009 1868 Areuxo

167 1885 191 1930 (†
205 1884 266 1930 1664),
280 1886 321 1920 Ios.
338 1886 367 1920 de
379 1884 441 1920 Vita
455 1885 478 1930 (†
493 1883 555 1929 1611),
570 1885 646 1928 Georg.
662 1885 739 1920 Frano.
755 1883 890 1921 Albertini
906 1883 1005 1932 (41810).

165 1937 260 1971 Ηο111100
276 1935 439 1971 Guillermin
453 1938 506 1971 11300
521 1935 638 1984 explicatio
652 1936 725 1980 magis
741 1935 813 1981 placet
829 1946 897 1981 quam
913 1945 1008 1972 commu-

164 1989 215 2023 nior
240 1987 411 2023 Thomistarum.
440 1988 584 2023 Accuratiora
609 1997 628 2024 v.
656 1988 704 2023 Ber.
733 1987 834 2031 biba-56&
862 1990 943 2033 Hunon
969 1988 1007 2023 115

165 2049 185 2085 p.
201 2039 311 2085 itti-imp
327 2039 458 2075 Guillermin
470 2039 484 2075 l.
500 2048 517 2074 c.

166 2149 220 2189 667.
257 2149 282 2188 Β,
303 2148 918 2201 6413401113013000401111111341011431001311330001311
937 2151 1008 2191 modo

165 2211 306 2262 proponitur
327 2211 357 2251 ab
377 2209 601 2263 Augustinensibus‚
625 2213 729 2253 maxime
750 2225 764 2253 3
785 2212 910 2254 Laurentio
932 2213 1006 2261 uerti,

164 2274 200 2314 De
211 2274 280 2314 theol.
295 2273 428 2324 disciplinis
440 2273 455 2314 l.
470 2277 496 2315 44
509 2286 559 2326 cap.
573 2276 617 2316 733
632 2276 662 2327 (v.
676 2278 694 2316 P
707 2277 756 2325 2713
768 2276 855 2328 Sebiff.
869 2279 917 2326 2533
932 2277 1007 2318 Mazi.

225 2400 232 2421 1
246 2399 371 2443 Aeniorum
383 2399 537 2434 necessitatem
550 2398 657 2432 moralem
670 2395 766 2432 vidimus
779 2395 809 2431 tb.
825 2396 845 2439 5;
857 2405 910 2433 nam
923 2395 1008 2432 multae

165 2446 186 2482 et
202 2446 320 2481 diuturnae
336 2444 504 2480 tentationes
520 2443 586 2479 simul
603 2444 704 2489 sumptae
719 2442 753 2478 vel
769 2441 837 2478 etiam
853 2451 899 2479 una
914 2442 1008 2478 tentatio

164 2491 227 2526 valde
242 2492 360 2526 vehemens
372 2490 485 2525 hominem
498 2490 587 2534 lapsum
602 2489 644 2524 sibi
658 2487 760 2524 relictum
773 2488 854 2524 morali
870 2498 920 2524 cum
935 2497 1008 2524 neces-

164 2537 229 2572 sitate
243 2535 377 2582 pertrahunt
392 2536 422 2572 ad
434 2536 550 2582 peccatum
567 2536 596 2579 (n,
614 2534 666 2571 135s
682 2533 742 2578 15353
758 2535 784 2570 cf.
801 2543 822 2570 n.
841 2533 890 2580 168).

225 2595 278 2629 2110
294 2593 313 2629 S.
330 2593 428 2629 Thoma
441 2593 462 2628 et
474 2592 614 2628 veteribus
628 2591 774 2628 Thomistis
790 2591 850 2636 (ibid.
864 2601 884 2637 p.
903 2591 946 2635 359)
962 2591 1005 2627 ait:

165 2639 309 2675 «Admiserat
333 2639 353 2675 S.
372 2638 484 2674 Thomas
507 2638 627 2673 motionem
645 2647 684 2673 seu
701 2638 875 2682 praemotionem
900 2637 1005 2677 (livinum,

162 2693 208 2718 non
222 2685 490 2729 praedetermlnciionem,
506 2684 526 2719 h.
544 2692 561 2719 e.
578 2684 686 2719 eiusmodi
701 2683 827 2726 motionem,
845 2692 888 2727 qua
900 2682 1008 2718 inelucta-

163 2730 236 2766 biliter
254 2731 357 2774 ageretur
375 2729 484 2765 voluntas.
505 2729 596 2764 Dixerat
612 2729 649 2765 ille
669 2728 764 2774 quidem,
785 2729 804 2764 si
824 2729 920 2765 moveret
939 2729 1006 2770 Deua

164 2776 246 2810 moueri
265 2776 387 2811 certissime
406 2775 550 2818 voluntatenu
569 2775 608 2811 sed
627 2784 672 2810 non
691 2776 771 2819 agebat
787 2773 825 2810 ille
844 2774 897 2810 tunc
916 2774 960 2810 nisi
980 2774 1007 2809 de
1068 2772 1082 2824 p}

164 2821 297 2857 motionibus
320 2821 364 2857 sive
387 2822 413 2856 de
434 2820 619 2866 inspirationibus
642 2820 800 2863 indeliberatis,
824 2828 879 2864 quas
902 2821 1008 2866 operatur

163 2868 222 2903 Dens
236 2867 261 2902 in
274 2868 338 2902 nobis
353 2868 400 2903 sine
416 2868 484 2903 nobis.
502 2867 701 2904 Thomistarum
716 2866 792 2902 nullus
808 2866 860 2903 ante
875 2867 944 2903 tinem
957 2875 1007 2900 con-

163 2912 209 2948 cilii
225 2913 355 2955 Tridentini,
372 2922 398 2948 ac
413 2922 439 2949 ne
456 2912 575 2958 capreolus
591 2913 686 2958 quidem,
704 2912 769 2948 aliter
782 2921 849 2957 quam
865 2921 905 2948 nos
921 2913 1008 2947 senten—

163 2959 219 2994 tiam
234 2959 254 2994 S.
271 2958 367 2994 Thomae
380 2959 539 3005 interpretatus
554 2959 633 2994 fuerat.
644 2972 654 2992 u
