2214 3350
155 156 189 191 aa
272 156 326 192 Sect.
341 156 357 190 Ι.
371 155 415 190 Art.
430 156 458 190 ΙΙ.
471 156 481 200 ξ
492 156 509 191 2.
523 155 581 210 Quid
593 156 675 190 natura
686 154 752 200 lapsa
763 153 809 190 noh
820 149 897 201 possit

164 263 241 304 tentia
249 274 332 304 eorum
345 263 568 311 Themistarum,
583 263 625 314 qui
638 262 822 303 dic-untomnem
830 263 1011 313 hominemlap-

165 338 218 368 sum
227 329 306 379 primo
316 329 422 377 instanti,
434 322 480 380 quo
491 328 571 369 utatur
581 327 679 376 ratione,
690 327 852 377 infjallibiliter
863 328 1010 369 committere

124 442 126 445 .
164 393 290 443 peccatum
311 393 418 442 mortale,
436 393 483 433 nisi
500 388 579 433 a'Deo
600 393 707 433 tridecim
729 393 819 433 auxilio
842 393 1011 443 praeveniatur

167 459 197 509 (v.
216 470 239 509 g.
256 458 456 499 ‚Selnruutirenses
472 459 488 499 t.
507 460 520 497 9
536 458 565 498 tr.
584 460 611 498 14
628 458 688 508 disp.
705 461 719 498 2
736 457 794 498 duh
812 461 824 498 8
842 469 865 498 n,
884 459 961 509 301s).
979 484 1010 489 —-

165 522 246 574 Neque
259 522 414 571 satisfaciunt,
428 534 489 573 quae
503 521 606 562 Suarez
622 522 722 574 (Protea.
735 526 748 562 4
761 526 802 563 e?
815 522 927 574 n.7⁴-15)
942 522 1010 570 dioit5

131 618 134 621 -
165 588 234 639 putat
250 588 315 628 enim
333 588 410 629 Deum
427 599 458 626 ne
475 593 574 627 naturae
593 587 691 637 quidem
708 599 784 639 purae
801 587 905 638 ripaeose
924 587 1011 628 debere

165 652 284 692 auxilium
301 653 332 693 ad
349 652 479 693 tollendam
498 651 659 693 necessitatem
677 652 798 702 peccandi,
818 662 878 702 quae
896 664 924 693 ex
942 654 1011 693 uatu-

165 716 210 757 rali
224 717 383 768 repugnantia
396 717 458 758 iuter
471 716 595 758 facultates
608 716 735 768 appetendi
749 718 822 757 simul
836 729 892 758 cum
905 717 1011 758 externis

164 782 328 822 occasionibus
342 781 492 822 naturalibus
507 781 605 829 eristun
621 781 697 831 fiuent
711 782 776 822 enirn
790 781 925 823 naturalem
940 793 1010 833 posse

165 846 256 887 auxilio
266 846 312 887 ista
322 847 437 897 deriegato
447 845 530 887 saltem
542 846 621 887 adhue
632 847 660 886 ab
672 847 702 887 iis
714 846 806 898 anaqi,
818 849 862 898 qui
872 854 926 887 aare
937 859 1010 888 aarum

165 909 264 949 rationis
279 915 428 948 nwrerantur
445 910 477 961 (n.
495 909 539 960 15).
557 909 583 950 Si
599 910 656 950 haec
672 910 787 951 sustinere
802 910 862 958 uult,
879 921 959 964 neque
972 922 1010 958 ea>

164 980 225 1021 quae
236 968 319 1022 postea
334 972 362 1023 (o.
377 974 390 1012 9
403 984 426 1011 n.
442 972 476 1023 1⁴2)
492 971 579 1011 melius
592 972 693 1020 disserit,
709 967 843 1014 satisfacere
857 974 963 1024 possunt.
972 997 1010 1012 ,—

165 1034 304 1075 Mazzella
325 1036 358 1086 (n.
379 1035 500 1086 396403)
521 1035 581 1076 hene
602 1034 699 1086 quidem
718 1035 861 1076 Suareziuuc
879 1037 967 1087 refutat
988 1035 1011 1077 et

164 1109 220 1138 cum
232 1098 358 1137 Franreiin
371 1093 479 1138 desuevi
492 1098 534 1138 Dei
547 1092 697 1148 providentia
708 1100 734 1138 in
747 1098 808 1139 statu
821 1098 929 1150 possibili
942 1106 1011 1140 nata-

164 1172 205 1201 rue
218 1172 293 1211 purae
306 1161 407 1212 pulchre
419 1160 534 1211 loquitur;
549 1161 590 1201 sed
605 1161 650 1201 sibi
665 1172 713 1201 non
728 1162 785 1202 satis
798 1161 896 1211 constat,
912 1163 1011 1213 quando

158 1220 200 1274 '(n.
218 1224 268 1275 403)
286 1223 402 1265 rationem
418 1223 519 1264 indebiti
534 1234 580 1273 pro
595 1223 716 1274 praesente
734 1225 797 1265 statu
813 1230 913 1265 naturae
923 1220 1009 1276 ‘lapsae

157 1286 376 1327 vindiscriminatim
388 1286 444 1327 inde
456 1285 554 1334 derivat,
567 1287 632 1338 quod
644 1284 715 1328 homo
727 1293 822 1338 peceato
835 1287 935 1339 positive
947 1288 1009 1328 indi-

165 1360 229 1400 gnus
243 1350 321 1390 factus
336 1348 367 1390 sit
381 1349 410 1389 iis
425 1349 557 1390 adiutoriis.
573 1357 605 1380 4—
620 1349 710 1390 Billot
727 1350 763 1402 (p.>
776 1351 839 1402 845),
858 1351 887 1392 de
902 1351 1009 1401 parvulis

165 1408 263 1463 quidem
271 1412 444 1462 ¹benignissime
457 1411 566 1460 sentiens
581 1413 625 1453 hac
637 1413 662 1453 in
673 1424 699 1453 re
710 1413 809 1454 naturae
821 1413 902 1463 lapsae
912 1417 1010 1454 ornnem

165 1475 284 1515 rationein
298 1474 373 1515 debiti
381 1480 464 1524 nepae.
857 1481 859 1484 ’
995 1471 998 1474 ⁴

166 1601 220 1651 16⁰2
256 1600 303 1639 Alii
317 1601 398 1641 autem
412 1611 424 1640 e
440 1600 734 1651 praemissisuecessartas
750 1602 900 1642 deduxerunt
910 1595 1011 1642 'conclu-

165 1662 252 1703 siouesss
275 1663 371 1714 Optime
393 1662 538 1703 Scheeben
561 1663 745 1715 repugnantiam
768 1675 823 1705 cum
846 1662 1010 1706 misericordia

163 1732 188 1766 et
208 1727 301 1780 iustitia
322 1726 368 1766 Dei
389 1736 482 1767 necnon
505 1726 631 1777 paritatem
655 1739 710 1768 curn
734 1728 871 1778 quaestione
894 1729 925 1769 de
947 1735 1011 1770 sorte

163 1789 320 1839 paruulorum
349 1788 518 1829 demonstratl.
547 1801 579 1820 -’
607 1789 649 1830 His
676 1790 774 1831 assentit
802 1792 840 1831 Fr.
872 1792 1012 1842 Georgius

165 1926 278 1962 «Nullum
299 1935 325 1961 ex
347 1924 471 1960 innumeris
493 1923 615 1959 individuis
638 1923 725 1967 generis
748 1922 842 1964 humani
865 1923 912 1959 sine
935 1923 1010 1968 gratia

165 1971 250 2007 Christi
263 1971 304 2012 vel,
319 1971 345 2006 ut
359 1969 486 2014 generalius
499 1969 624 2014 loquamur,
640 1969 688 2004 sine
704 1968 787 2005 auxilio
802 1968 884 2010 divino,
900 1970 958 2014 quod

165 2026 206 2053 suo
217 2017 282 2052 modo
294 2015 465 2061 supernaturale
476 2016 515 2051 aut
526 2015 718 2061 praeternaturale
730 2014 773 2050 dici
786 2015 855 2057 dehet,
867 2013 934 2050 finem
945 2016 1009 2051 natu-

165 2062 237 2099 ralem
252 2062 379 2106 assequitur
393 2062 432 2097 aut
448 2060 515 2096 etiam
529 2059 666 2096 solummodo
682 2060 771 2105 assequi
786 2060 865 2106 potest;
882 2062 920 2097 sed
935 2061 1011 2107 potius

158 2116 242 2143 omnes
261 2107 360 2143 homines
378 2107 425 2143 sine
442 2106 489 2142 ulla
506 2106 631 2152 exceptione
648 2107 729 2141 morali
746 2107 876 2143 necessitate
895 2108 1012 2143 aeternum

166 2154 334 2189 damnatione-ru
351 2153 468 2188 incurrunt
539 2152 611 2190 Simul
628 2154 706 2198 negari
725 2153 801 2198 nequit
819 2153 877 2189 hanc
894 2153 1010 2189 miseriam

165 2199 296 2244 tantamque
318 2199 420 2235 aeternae
440 2198 519 2234 salutis
541 2199 692 2243 assequendae
712 2199 867 2244 impotentiam
887 2199 1009 2235 ultimatim

165 2246 252 2281 nonin
268 2245 359 2290 peccata
375 2244 520 2289 singulorum,
539 2245 577 2280 sed
593 2245 617 2279 iu
634 2246 749 2289 peceatum
766 2244 873 2288 eripiente
891 2245 1010 2290 retunden-

166 2291 219 2326 (tam
232 2300 279 2327 esse
288 2304 297 2323 u
314 2291 343 2336 (n.
357 2291 382 2327 45
394 2300 444 2337 pag.
459 2289 510 2337 309).

233 2352 241 2371 1
264 2350 345 2385 «Beim
364 2349 517 2394 pei-senuerim
535 2349 622 2386 Sunuci·
641 2350 670 2384 ist
689 2358 712 2385 es
731 2349 795 2384 keine
814 2348 892 2392 Frage,
915 2348 967 2384 dass
987 2357 1012 2384 er

167 2396 237 2432 durch
250 2397 284 2431 die
296 2396 450 2440 leichtsinnige
462 2396 628 2438 Verscherzung
641 2396 679 2431 der
692 2394 773 2436 Macht,
788 2394 823 2430 die
837 2395 910 2431 Sunde
923 2405 951 2430 zu
964 2404 1009 2429 ver·
1072 2427 1075 2436 ,

165 2442 259 2484 meiden‚
275 2442 333 2477 auch
345 2442 450 2485 verdient⁵
465 2451 509 2476 von
522 2442 572 2478 Gott
587 2441 633 2477 sich
646 2441 714 2477 selhst
728 2440 859 2476 ubertassen
872 2449 899 2476 zu
912 2441 1010 2482 werdere

165 2490 219 2524 aher
236 2488 271 2524 die
287 2488 355 2524 vater
370 2488 417 2523 und
434 2487 559 2531 Theologen
576 2488 674 2523 driicken
691 2486 738 2522 sich
756 2486 851 2521 vieifach
868 2495 924 2531 ganz
942 2486 1011 2531 allge-

164 2534 226 2569 mein
243 2542 266 2568 so
284 2543 331 2575 aus,
350 2534 383 2570 als
399 2535 426 2569 oh
445 2534 494 2570 Gott
511 2534 553 2569 den
575 2533 704 2569 Erbsr'inrler
726 2532 917 2568 verdienterweise
941 2541 1008 2576 ganz

166 2579 224 2616 sich
245 2579 330 2616 selbst
350 2580 511 2616 iiherlassen
531 2580 627 2621 kenne,
650 2588 674 2614 so
695 2579 749 2615 dass
770 2578 868 2614 derselhe
889 2579 1011 2615 uniehihar

165 2634 244 2661 ausser
259 2626 298 2661 der
312 2626 430 2669 raequtioen
445 2625 611 2669 Verdammung
626 2625 673 2660 und
689 2625 761 2661 Strafe
778 2625 837 2661 auch
852 2624 900 2660 eine
916 2624 1011 2669 positive

165 2670 213 2707 sich
228 2670 334 2707 zuziehen
348 2674 428 2707 musse.
447 2672 512 2707 Indes
528 2671 614 2706 seheint
630 2680 653 2707 es
669 2671 731 2706 nicht
747 2671 806 2706 hioss
821 2669 862 2706 mit
878 2670 916 2706 der
932 2672 1011 2706 Barm-

164 2717 291 2760 herziplceit
306 2718 402 2752 sondern
414 2717 473 2753 auch
484 2718 525 2752 mit
538 2718 577 2753 der
591 2716 752 2761 Gerechtiphett
763 2717 839 2753 Gottes
852 2716 1007 2758 unvereinhar,

156 2765 218 2800 *dass
232 2772 255 2799 er
270 2763 319 2799 eine
332 2763 472 2808 vernunftige
487 2764 583 2799 Kreatur
597 2763 653 2799 ohne
667 2763 806 2808 personliche
821 2763 918 2799 schwere
927 2762 1011 2800 'Siinde

164 2811 188 2844 in
203 2809 268 2845 einen
282 2809 381 2844 Zustand
394 2811 491 2845 versetre
506 2810 553 2845 und
568 2809 634 2844 darin
647 2810 740 2850 helasse‚
756 2808 828 2843 worin
843 2808 874 2843 sie
888 2808 1009 2844 morulisch

164 2865 204 2891 aur
218 2854 382 2898 uotisrundtpeu
398 2855 532 2899 Vertehluup
549 2855 610 2889 ihrer
626 2863 711 2899 panzen
727 2855 839 2890 stttlichen
855 2855 1010 2897 Besttmmunp

165 2901 264 2945 penetrat
280 2903 352 2937 aurire.
362 2929 380 2936 ..
400 2902 450 2948 [Es]
468 2903 559 2937 musaeu
575 2901 701 2947 uberhaupt
718 2900 761 2936 alle
778 2899 909 2945 Theologen‚
927 2900 1011 2936 welche

163 2948 206 2983 mit-
223 2948 272 2983 dem
290 2947 320 2982 hl.
341 2947 437 2982 Thomas
456 2946 491 2983 die
509 2956 548 2982 ror
568 2947 617 2982 dem
636 2946 858 2991 Vernunitgebraueh
877 2946 1011 2982 sterbenden
