2214 3350
161 112 197 148 180
296 113 350 148 Sect.
367 113 394 150 Π,
409 113 455 149 Art.
471 114 498 149 ΙΙ,
513 89 870 158 De‘supernaturalitate”gratiae

159 219 227 271 gredi
246 221 277 261 ad
297 232 331 269 ea,
353 233 414 273 qnae
435 220 639 273 supernaturalem
665 219 770 260 hominis
796 219 952 261 elevationem
977 230 1005 260 ac

159 284 341 334 supernaturale
359 285 412 326 eius
430 296 485 325 cum
503 285 551 325 Deo
569 281 738 324 commercium
764 281 895 334 respiciunt
921 283 1002 335 (1671).

159 346 217 387 Fide
235 347 304 388 nobis
320 347 458 389 revelantur
479 346 598 398 mysteria,
616 357 677 396 quae
699 357 747 386 non
771 346 849 386 solum
872 347 1003 387 humanam

159 410 345 461 philosophiam,
367 422 451 465 verum
470 408 541 451 etiam
561 408 693 461 angelicam
714 408 847 450 naturalem
868 409 1004 460 intellegen-
1077 461 1079 466 ,

152 469 220 513 ¹tiam
238 473 411 514 transcendunt
431 473 511 525 (1673).

160 599 215 639 266.
252 601 272 639 5.
294 598 436 640 Vaticanum·
456 610 485 639 ex
505 597 541 646 iis,
564 609 626 648 quae
646 598 672 636 in
692 596 812 648 proposito
835 598 953 639 schemata
974 598 1004 638 de

160 661 219 702 toto
243 662 343 702 ordine
370 661 543 712 supernaturali
567 660 714 709 dicebantur,
741 672 817 711 pauca
842 661 871 702 de
896 660 1003 702 revela-

159 724 237 764 tione
252 724 275 765 et
289 724 349 765 fine
364 725 538 775 supernaturali
554 723 579 763 in
595 734 650 764 suas
664 721 816 765 definitiones
831 723 999 775 transumpsit:

160 797 216 827 sess.
235 790 248 827 3
266 799 315 837 cap.
334 791 348 829 2
368 788 409 839 (Da
427 787 503 838 trau:
531 785 650 827 Revelatio
674 786 709 828 est
732 786 838 827 absolute
863 784 1002 834 necessaria,

159 850 217 900 quia
228 850 292 890 Deus
304 862 333 890 ex
345 849 441 891 infinita
456 851 558 890 bonitate
571 861 614 890 sua
628 850 692 901 (erga
704 861 752 890 non
764 849 861 900 propter
874 850 1003 901 carpentius
1042 890 1043 893 ,

159 911 289 963 creaturae)
306 912 427 953 ordinauit
444 913 538 965 (prediis
552 914 584 953 ad
598 914 642 953 hoc
655 912 725 964 aptis)
743 913 866 953 hominem
881 913 912 953 ad
928 913 1003 953 finem

101 985 102 988 ’
159 975 366 1025 supernaturalem
387 975 418 1027 (et
437 976 535 1027 quidem
554 975 692 1027 sirnpiiciter
711 976 925 1026 supernaturalem;
945 987 1002 1016 nam

158 1037 300 1089 pergitur:)‚
314 1039 345 1078 ad
357 1038 524 1089 participanda
537 1040 597 1079 bona
610 1039 697 1088 diuina,
712 1050 771 1090 quae
784 1039 903 1079 humanae
916 1038 1003 1080 mentis

158 1099 346 1151 intellegentiam
363 1100 591 1151 omninosuperant
616 1103 695 1153 (quem
718 1103 793 1142 finem
816 1103 889 1143 homo
910 1102 1003 1143 viribus

159 1163 317 1213 naturalibus,
337 1163 357 1205 si
376 1176 406 1206 ne
428 1164 564 1215 inteilepere
590 1165 686 1215 quidem
710 1164 791 1216 potest,
812 1177 827 1206 a
844 1164 938 1206 fortiori
954 1175 1003 1205 non

158 1226 245 1277 poterit
257 1227 387 1278 efficaciter
399 1228 527 1279 appetere).
540 1254 572 1259 -
584 1229 619 1269 Cf.
633 1231 711 1269 can.·3
726 1230 768 1281 (Da
781 1228 843 1279 1808)
854 1241 858 1267 :
874 1229 911 1269 nd
924 1228 1003 1279 cogni-

159 1289 295 1335 tionemet
316 1288 494 1340 perfectionem,
518 1302 580 1341 quae
603 1290 736 1332 naturalem
760 1291 861 1342 superet,
887 1290 1003 1332 divinitus

158 1354 227 1395 evehi
240 1354 315 1405 potest
328 1355 407 1394 horno.
421 1379 453 1385 -
466 1365 516 1404 cap.
531 1358 545 1396 2
560 1354 603 1405 (Da
617 1354 693 1404 1785l:
711 1355 804 1395 Placuit
816 1354 859 1395 Dei
873 1353 1003 1405 sapientiae

157 1417 181 1457 et
192 1415 300 1465 bonitati,
313 1417 539 1468 supernaturalium
552 1428 576 1457 se
589 1417 669 1468 ipsum
681 1428 707 1458 ac
719 1416 849 1458 voluntatis
861 1429 918 1458 suae
930 1416 1002 1458 aeter-

159 1491 190 1520 na
208 1478 302 1521 decreta
318 1480 426 1520 humano
442 1480 523 1531 generi
541 1480 653 1520 revelare.
671 1506 703 1536 5-
719 1491 770 1531 cap.
789 1483 803 1521 4
823 1480 865 1531 (ΒΖ
884 1481 946 1532 1796)
967 1480 1003 1521 est

159 1555 237 1585 sermo
254 1544 283 1585 de
300 1544 419 1595 mysteriis
444 1542 539 1592 divinis,
559 1555 620 1594 quae
644 1542 726 1593 suapte
750 1543 837 1584 natura
854 1543 1001 1584 intellectum

157 1606 263 1648 creatum
279 1606 403 1648 excedunt.
419 1632 452 1637 —-
468 1606 528 1647 Hinc
544 1606 686 1660 Vaticanum
703 1606 791 1646 finem
808 1606 921 1647 ultimum
938 1607 1002 1647 clare

156 1670 252 1711 exhibet
263 1669 290 1710 ut
301 1669 441 1719 sinrpiiciter
453 1668 658 1718 supernaturalem
672 1668 720 1710 sive
732 1669 823 1710 ordinis
836 1669 919 1724 divini,
934 1668 1001 1710 docet

156 1733 233 1773 Deum
247 1731 398 1773 ordinasse
410 1732 533 1773 hominem
548 1732 657 1772 adhunc
672 1732 754 1781 finem,
771 1732 835 1783 quod
849 1732 903 1773 lieri
918 1731 1002 1784 nequit

156 1795 202 1837 nisi
219 1795 304 1835 mediis
319 1794 512 1846 proportionata,
531 1795 546 1835 i.
564 1807 584 1835 e.
603 1795 713 1836 similiter
730 1794 959 1845 supernaturalibus,
977 1794 1001 1835 et

157 1870 233 1899 unum
250 1870 280 1899 ex
297 1858 336 1899 his
353 1858 446 1906 mediis,
466 1857 539 1908 idque
555 1856 741 1905 obiectivum,
762 1857 931 1910 revelationem
949 1858 999 1898 scil.

156 1921 370 1972 supernaturalem,
390 1931 499 1971 expresse
523 1919 620 1961 indicat.
645 1919 707 1960 Haec
731 1920 842 1960 revelatio
860 1920 908 1961 iam
927 1931 1000 1961 exeo

157 1983 214 2031 solo,
230 1983 294 2034 quod
308 1984 343 2024 est
356 1982 437 2033 aliqua
451 1983 538 2023 locutio
553 1983 602 2023 sive
617 1982 750 2024 test'licatio
765 1983 807 2023 Dei
823 1984 854 2024 ad
869 1994 923 2024 suas
938 1994 1000 2024 crea-

157 2046 230 2094 turas,
249 2045 301 2086 iure
318 2044 366 2085 dici
383 2044 479 2086 videtur
495 2056 542 2085 non
560 2045 637 2086 solum
655 2046 785 2087 secundum
804 2046 862 2097 quid
879 2046 904 2087 et
921 2047 1000 2097 quoad

156 2109 264 2156 modum,
282 2108 322 2148 sed
339 2107 479 2159 simpliciter
495 2108 518 2149 et
534 2109 613 2159 quoad
629 2108 786 2150 substantiane
802 2108 998 2160 supernaturalis.

156 2172 218 2212 Nam
233 2182 293 2221 qnae
307 2171 413 2211 creatura
427 2170 516 2211 efficere
530 2171 567 2212 vel
581 2172 674 2222 exigere
688 2171 769 2222 possit,
785 2173 811 2213 ut
825 2173 888 2213 Deus
903 2171 1000 2214 infinita

157 2245 201 2274 sua
220 2233 357 2274 auctoritate
378 2245 401 2274 se
419 2233 503 2275 testem
521 2233 627 2275 veritatis
645 2235 756 2277 exhibeat
773 2235 845 2287 atque
864 2236 909 2276 hoc
927 2236 1000 2276 modo

157 2296 203 2347 ipsi
221 2296 309 2337 offerat
327 2295 433 2347 aliquam
454 2296 621 2337 certitudinem
639 2308 711 2348 super
730 2298 817 2347 carnia,
839 2310 887 2350 non
907 2298 1000 2339 lumine

156 2359 255 2400 rationis
268 2359 365 2406 creatae,
381 2360 420 2400 sed
433 2361 486 2410 ipsa
498 2360 576 2410 prinra
590 2360 688 2401 ueritate
702 2366 800 2401 testante
813 2361 951 2402 tuciacum
965 2362 998 2402 Eo

156 2421 233 2472 magis
250 2421 390 2472 simpliciter
407 2422 596 2473 supernaturalis
612 2423 657 2464 erit
674 2422 792 2473 revelatio,
818 2423 839 2464 si
863 2424 999 2475 mysteria

156 2484 234 2525 stricte
249 2484 311 2524 dicta
324 2484 449 2526 contineat.
467 2487 543 2536 Quare
558 2497 613 2526 cum
627 2496 714 2537 magna
727 2484 895 2537 probabilitate
909 2487 998 2528 inferre

155 2558 294 2598 possumus:
317 2547 342 2588 Si
360 2547 423 2588 Deus
441 2549 471 2589 ad
490 2548 564 2589 finem
583 2549 789 2600 supernaturalem
807 2549 874 2591 dedit
891 2549 998 2591 medium

154 2610 329 2652 obiectivum
349 2611 489 2662 simpliciter
507 2611 694 2662 supernaturale,
714 2623 763 2665 non
781 2611 863 2652 minus
881 2612 928 2653 fini
945 2624 998 2664 pro-

155 2673 288 2725 portionata
302 2674 372 2714 erunt
384 2674 463 2715 media
476 2674 646 2723 subiectiva‚
661 2675 676 2715 i.
692 2686 711 2715 e.
727 2675 789 2715 dona
802 2673 899 2726 gratiae.
914 2676 998 2716 Dando

216 2809 287 2845 1Alia
298 2809 374 2844 tamen
385 2811 484 2854 quaestio
496 2810 534 2854 est,
547 2811 624 2845 utrum
635 2810 769 2845 revelatione
780 2809 859 2845 habita
871 2810 936 2845 homo
948 2809 999 2844 viri-

153 2857 195 2948 laesss
208 2855 358 2946 1{aagffijalihus
378 2856 447 2901 possit
468 2856 545 2892 elicere
565 2857 640 2892 actum
660 2856 711 2902 fidei
732 2856 763 2892 sic
784 2854 856 2892 dictae
877 2855 998 2900 acquisitae
