2214 3350
174 144 210 181 252
312 145 365 181 Sect.
385 146 424 180 ΠΙ.
444 144 489 180 Art.
509 146 525 180 Ι.
544 146 576 181 De
593 154 698 191 processu
714 143 878 180 iustificationis

174 264 246 303 eaque
265 252 337 293 etiarn
354 253 398 294 hoc
416 265 487 294 sensu
503 254 538 294 est
554 252 681 300 renovatio,
701 253 728 293 ut
745 252 807 292 dona
825 242 1015 302 supernaturalia

173 315 230 355 olim
248 315 364 357 divinitus
381 316 466 358 collata
483 317 506 357 et
521 316 617 366 peccato
633 314 720 355 uniisse
738 313 766 353 (le
784 325 844 355 norro
863 316 948 355 dentur
966 314 1016 356 sive

173 378 335 431 restituantur.
352 380 442 420 Tamen
457 378 546 419 iustitia
562 378 685 429 originalis
699 388 762 417 nunc
778 389 826 418 nori
841 379 921 418 statim
936 379 1017 429 quoad

172 441 252 482 omnia
265 442 447 493 redintegratur.
461 441 573 481 Nondum
587 441 657 482 datur
669 439 810 481 immunitas
822 452 835 480 a
849 441 1013 491 concupiscen-

173 505 305 552 tiamorte
321 505 343 546 et
358 503 467 553 miseriis⁷
485 504 525 544 sed
542 503 670 544 iustificate
686 503 756 544 datur
772 504 810 543 ius
825 504 856 544 ad
872 515 899 545 ea
914 503 1014 552 auxilia„

172 566 260 619 quihus
275 567 489 618 concupiscentiam
505 567 599 608 vincere
615 567 683 607 etad
699 565 793 607 locatam
810 566 1013 607 immortalitatem

122 629 123 632 ’
172 630 296 680 pervenire
311 631 391 681 possit,
408 630 428 669 si
443 629 500 670 velit
517 630 556 681 (ct.
573 641 596 670 n.
614 632 653 669 169
669 630 691 670 et
706 630 739 671 th.
756 633 769 670 6
785 629 825 680 ΙΙ).
843 630 1015 671 Iust'iicatione

173 693 295 734 secunda
315 693 390 743 magis
409 692 532 742 magisque
550 692 676 743 perficitur
694 692 817 734 renovatio
834 692 934 742 interna,
945 704 1012 743 'pau-

170 755 238 796 latim
252 755 398 796 minuuntur·
409 755 432 795 et
446 755 561 795 sanantur
574 754 674 796 vulnera
688 754 783 805 peccato
797 756 896 797 naturae
911 755 1010 796 inflicta.

170 844 201 849 —
217 819 297 869 Neque
315 829 341 859 ea
358 818 487 866 renovatio,
512 829 572 868 quae
597 818 686 859 iustitia
709 817 847 868 baptismali
864 817 952 860 amissa
970 830 1015 869 per

170 882 340 930 poenitentium
355 882 439 922 haberi
454 881 537 932 potest,
555 881 624 921 facile
640 880 749 922 critiam
765 882 869 931 perfecta
886 893 959 932 quarn
976 894 1010 930 ea,

170 955 228 995 quae
242 944 360 994 baptismo
375 944 503 985 confertur.
520 946 566 985 Sed
581 945 605 984 in
620 944 685 985 omni
700 943 868 986 iustificatione
883 944 1014 998 peccatoris¹

169 1007 276 1048 redditur
290 1007 351 1048 illud
366 1008 464 1056 donum,
479 1007 505 1046 in
519 1018 566 1057 quo
581 1007 687 1049 consistit
702 1009 801 1048 essentia
816 1007 894 1048 omnis
908 1007 1013 1049 iustitiae

170 1070 363 1120 supernaturalis,
376 1070 399 1110 et
409 1070 454 1110 hoc
465 1080 535 1110 sensu
546 1070 683 1111 iustificatio
693 1067 748 1111 vere
759 1071 795 1111 est
805 1070 924 1111 renovatio
937 1070 1013 1112 status

168 1132 308 1183 primitivi1.

168 1264 222 1305 348.
258 1267 278 1304 3.
307 1255 464 1305 adversantia
494 1264 630 1304 Secundum
657 1263 824 1305 Protestantes
850 1262 940 1305 veteres
969 1264 1009 1315 (cf.

168 1339 191 1366 n.
206 1328 255 1379 314)
272 1327 297 1366 in
312 1326 479 1367 iustificatione
494 1327 516 1367 et
530 1326 639 1367 liberatio
654 1339 668 1367 a
682 1326 783 1378 peccatis
798 1328 821 1368 et
835 1327 928 1368 collatio
943 1327 1010 1367 iust'-

167 1390 211 1430 tiae
230 1390 266 1431 est
282 1389 375 1435 homini
400 1389 562 1430 extrinseca
587 1389 687 1438 tantum,
715 1388 771 1439 quia
797 1389 826 1430 fit
850 1402 892 1440 per
917 1401 1008 1430 meram

168 1453 465 1502 non-imputationem
494 1452 603 1502 peccati
632 1454 654 1493 et
683 1452 902 1503 imputationem
925 1453 1007 1493 iusti-

167 1516 222 1555 tiae
239 1515 360 1558 Christi.
382 1516 475 1556 interne
494 1515 574 1556 autem
593 1517 664 1556 homo
683 1515 763 1556 manet
781 1515 896 1565 peccator.
917 1515 1009 1557 Admit

166 1578 218 1618 tunt
237 1578 335 1629 quidem
355 1571 792 1629 aliquam«sanctificationem»,
814 1590 874 1629 quae
894 1578 1007 1620 iust‘fica-

166 1642 254 1682 tionem
269 1641 386 1691 paulatim
402 1641 555 1692 subsequitur
571 1641 593 1682 et
609 1641 634 1680 in
651 1653 677 1682 eo
693 1641 734 1690 est,
753 1642 779 1682 ut
795 1643 873 1696 homo,
892 1641 941 1683 sola
958 1641 1009 1683 fide

166 1704 273 1745 fiduciali
287 1705 381 1746 externe
396 1705 546 1751 tristificatus,
564 1705 607 1745 suh
622 1705 725 1746 motione
741 1706 763 1746 S.
782 1705 884 1757 Spiritus
899 1716 1005 1754 manens,

164 1780 235 1819 opera
244 1768 350 1810 caritatis
359 1769 457 1820 peragat
467 1769 493 1809 ut
502 1770 595 1820 fructas
604 1769 780 1819 iustificationis
791 1770 861 1819 atque
873 1770 913 1818 sic,
926 1769 1009 1810 minus

164 1834 254 1884 agendo
267 1844 296 1873 ex
308 1844 381 1884 prava
394 1833 591 1883 concupiscentia,
604 1833 783 1883 permanentem
797 1833 915 1874 internam
927 1845 1006 1885 pecca-

163 1897 324 1938 minositatem
338 1896 418 1937 minus
432 1897 524 1947 prodat.
541 1896 588 1937 Sed
602 1898 659 1937 haec
674 1908 744 1947 opera
759 1896 821 1937 nihil
835 1897 960 1937 conferunt
975 1899 1005 1938 ad

164 1960 357 2001 iustificationem
372 1961 395 2001 et
410 1962 466 2002 sunt
480 1962 529 2001 tarn
544 1961 690 2009 imperfecta,
708 1961 734 2001 ut
748 1960 816 2001 nulla
830 1961 856 2001 in
871 1960 901 2001 iis
915 1961 1005 2002 fiducia

164 2023 219 2073 poni
237 2024 328 2064 debeat.
853 2037 856 2041 ’

225 2113 332 2150 formula
345 2113 490 2150 concordiae
518 2115 568 2160 (Sol.
599 2114 650 2150 decl.
679 2114 696 2156 3,
724 2114 777 2151 ress
805 2116 902 2161 [Miiller‚
930 2116 1005 2160 symb.

163 2167 248 2203 Biicher
259 2177 279 2213 p.
293 2167 329 2203 614
336 2168 379 2214 s]):
397 2168 509 2210 «Quando
522 2168 597 2203 autem
609 2168 718 2211 docemus,
733 2169 790 2213 quod
802 2178 842 2214 per
854 2169 1004 2214 operationem

98 2246 99 2249 =
163 2221 257 2267 Spiritus
275 2221 350 2257 Sancti
366 2229 521 2266 regeneremur
537 2221 557 2256 et
574 2219 724 2263 iustificemur,
742 2221 835 2257 nonita
851 2221 1004 2267 accipiendum

163 2275 200 2316 est,
218 2274 275 2318 quod
291 2273 416 2309 iustificatis
432 2274 453 2308 et
468 2274 553 2309 renatis
568 2273 631 2309 nulla
645 2283 736 2319 prorsus
752 2274 865 2311 iniustitia
879 2276 929 2320 post
938 2284 1004 2319 rege-

162 2327 298 2362 nerationem
318 2327 456 2362 substantiae
475 2327 575 2372 ipsorum
595 2327 615 2361 et
635 2327 797 2362 conversationi
817 2321 943 2370 adhaereat,
965 2329 1003 2364 sed

162 2380 219 2424 quon
236 2380 336 2415 Christus
354 2379 515 2425 perfectissima
533 2379 672 2415 oboedientia
689 2390 730 2415 sua
748 2381 824 2427 omnia
840 2374 939 2425 ipsorum
956 2390 1005 2426 pcc—

162 2434 210 2466 entu
227 2434 291 2476 tepet,
310 2442 365 2477 quae
382 2433 470 2477 quidem
485 2433 509 2467 in
524 2433 575 2478 ipsa
589 2433 672 2468 natura
687 2433 711 2467 in
726 2433 767 2468 hac
784 2433 830 2468 vita
846 2434 918 2469 udliuc
934 2433 1002 2477 instra

161 2485 257 2520 haereat.
275 2485 424 2520 Nihilominus
439 2486 515 2521 tamen
527 2495 567 2531 per
581 2485 647 2521 fidem
661 2486 750 2531 propter
765 2486 926 2522 oboedientiam
942 2487 1002 2522 Chri-

161 2538 195 2581 sti,
212 2546 279 2582 quam
291 2537 405 2574 Christus,
416 2566 434 2573 ..
450 2547 490 2584 pro
504 2538 568 2573 nohis
582 2539 644 2584 Patri
659 2548 699 2574 suo
714 2539 831 2584 praestitit,
849 2540 899 2575 horti
915 2543 934 2575 et
948 2540 1002 2575 iusti

221 2678 228 2697 1
243 2676 364 2712 Renovatio
380 2678 420 2712 sub
435 2677 475 2712 hoc
491 2677 591 2722 respectu
606 2677 751 2712 restitutionis
766 2677 847 2721 prioris
864 2677 934 2713 status
950 2679 1002 2713 honi

160 2732 211 2758 non
229 2724 257 2758 in
274 2723 323 2758 hoc
340 2724 462 2759 tractatu
479 2725 621 2768 probatum
640 2724 689 2759 fluit
708 2724 783 2759 autem
802 2734 827 2760 ex
844 2724 878 2767 iis,
900 2734 955 2768 quae
975 2725 1001 2760 de

160 2771 326 2817 supernaturali
342 2771 428 2807 iustitia
444 2772 627 2817 protoparentum
643 2773 668 2807 in
683 2772 782 2808 tractatu
799 2772 824 2807 cie
841 2774 884 2808 Deo
903 2773 1003 2809 elevante

160 2820 288 2855 statuuntur
304 2820 329 2864 (P
343 2820 376 2855 ΙΠ
389 2819 420 2856 th.
436 2820 473 2865 19).

160 2883 227 2966 710'2
250 2885 281 2918 De
303 2883 414 2918 erroribus
437 2884 535 2918 veterum
557 2883 733 2919 Euchitarum
749 2892 767 2919 v.
786 2884 879 2927 Riviere³
898 2884 965 2920 DdTh
982 2884 1002 2927 8,

155 2936 170 2966 ζ
195 2940 229 2967 as.
