2214 3350
175 223 177 225 ·
220 203 257 246 128
400 211 455 246 Secti
471 210 499 245 II.
518 209 562 244 Art.
581 209 596 243 I.
614 210 645 244 De
662 208 782 252 gratuitate
799 208 885 252 gratiae

219 320 283 359 trono
296 329 345 358 non
358 330 401 359 nos
414 318 543 369 incipimus
555 317 578 357 et
590 315 671 367 postea.
683 328 726 367 per
739 316 781 356 Dei
795 314 983 356 misericordiam
996 314 1064 356 adiu-

221 392 314 430 vamur,
333 382 374 422 sed
391 381 443 432 ipse
459 380 526 421 uobis
543 380 616 420 rrrrllis
633 379 829 430 praecedentibus
848 372 916 418 bonis
934 378 1024 418 meritis
1040 378 1064 418 et

221 444 296 485 iidem
315 445 458 485 eternorum
479 443 515 483 sni
533 442 600 493 prius
617 441 745 491 inspiret.»
764 465 796 474 m
813 441 856 482 His
873 441 953 482 verbis
971 435 1064 481 necnon

220 519 272 548 caii.
286 510 312 548 '18
324 507 386 548 et-22
398 518 446 547 uon
459 505 535 547 solum
548 505 675 556 acceptatio
689 504 718 545 ad
731 504 922 555 praemiandum,
938 505 978 544 sed
992 504 1064 544 etium

221 570 298 610 ornnes
313 571 378 610 valor
392 580 498 620 operum,
514 569 555 619 qui
568 568 697 618 praemiari
711 566 791 618 possit,
807 567 902 607 excludi
916 566 1018 607 uidetur.
1031 590 1064 615 ε-

221 634 294 673 Porro
313 633 397 673 Arana.
419 631 549 672 doctrinam
576 629 829 681 semipelagianani
856 631 885 671 de
911 629 979 670 initio
1004 629 1063 670 fidei

167 722 169 725 -
221 690 330 746 gratiam
342 694 505 746 praeveniente
524 693 617 734 eteius
636 692 785 734 collationem
798 691 977 734 ¹determinante
998 693 1066 735 dam,

219 769 278 800 nare
290 757 392 799 intendit
404 757 526 808 tamquam
540 755 663 807 inimicam
676 755 798 807 gratuitati
811 755 907 807 gratiae.
922 757 985 807 Ergo
997 757 1063 796 reicit

218 832 268 861 non
280 820 357 861 solnm
367 819 479 861 meritum
491 820 519 860 de
530 817 655 870 condigno,
669 820 709 859 sed
721 819 792 859 etiam
800 819 868 858 illam
876 819 1062 870 extenuarant-

220 895 277 923 nem
294 884 381 931 meriti,
402 895 461 933 quae
482 882 680 933 semipelagianis
697 881 755 923 satis
772 882 823 923 erat
844 883 875 934 (v.
898 882 931 923 St.
952 882 1012 934 qu).
1032 907 1063 914 -κ

217 946 422 987 Tridentinum
438 957 455 986 s.
473 949 486 985 6
501 956 552 996 cap.
569 947 582 985 5
600 945 642 997 (Dr
659 946 722 997 797):
743 945 921 986 laetificationis
936 944 1062 987 exordium

216 1021 234 1049 a
247 1005 290 1050 Dei
304 1007 471 1059 praeveniente
484 1008 561 1059 gratia
575 1008 727 1055 sumendum,
744 1008 768 1047 li.
784 1020 804 1049 e.
821 1008 850 1048 ab
866 1008 918 1048 eius
932 1007 1060 1056 vocatione,

219 1083 267 1122 qua
279 1071 354 1112 nullis
365 1082 448 1112 eorum
460 1069 626 1111 exsistentibus
640 1069 732 1110 meritis
744 1071 866 1111 vocantur.
882 1070 971 1111 Saltem
985 1071 1062 1112 erolu->

220 1134 255 1174 dit
272 1131 384 1175 meritum
403 1144 473 1175 sensu
491 1133 578 1182 stricto,
598 1134 613 1173 iss
632 1145 652 1175 e.
673 1134 701 1174 de
720 1134 843 1184 condiano.
865 1134 931 1174 Idem
949 1134 1062 1175 meritum

215 1209 270 1248 cap.
289 1201 302 1238 8
320 1197 421 1248 denegat
437 1197 549 1237 omnibus
566 1196 768 1247 dispositionibus,
788 1209 848 1247 quae
868 1194 1061 1238 iustificatioiiem

220 1258 372 1310 praecedunt3
389 1259 428 1299 hic
444 1259 504 1300 certe
520 1269 568 1298 non
584 1258 635 1299 vult
652 1259 765 1300 damnare
781 1259 894 1300 meritum
912 1260 940 1301 de
957 1272 1061 1312 congruo

219 1334 234 1362 a
250 1323 334 1363 multis
352 1322 466 1373 theologis
482 1320 606 1363 assertum.
625 1348 657 1353 -
674 1322 811 1363 Secundum
828 1334 926 1373 preces
944 1323 1060 1365 Ecclesiae

217 1385 291 1426 etiam
306 1392 390 1425 cuncta
405 1383 489 1425 nostra
499 1386 572 1425 oratio
587 1385 698 1426 salutaris
713 1398 727 1426 a
741 1386 790 1426 Deo
805 1397 899 1437 semper
912 1386 1003 1437 incipit.

214 1513 273 1553 3200.
311 1511 341 1552 11.
363 1510 492 1564 Scriptura.
517 1510 630 1551 Doctrina
649 1508 673 1550 S.
693 1509 767 1557 Pauli,
788 1510 927 1568 praesertim
945 1511 971 1551 in
990 1511 1059 1558 Rom.

287 1578 504 1628 praenotanda
516 1587 573 1628 Fere
591 1587 639 1628 tota
656 1598 712 1638 pars
729 1581 862 1638 dogmatica
881 1588 924 1638 Ep.
943 1588 974 1628 ad
991 1587 1058 1628 Rom.

213 1651 321 1692 celebrat
336 1644 600 1701 gratuitateni'gratiaffi
618 1651 659 1690 sed
675 1649 781 1701 plurima
797 1661 844 1690 non
862 1651 919 1691 sunt
935 1651 963 1691 de
981 1651 1060 1702 nostra

174 1762 176 1765 .
218 1714 322 1764 paraecise
338 1712 480 1764 quaestione.
498 1713 558 1753 Fuso
574 1713 678 1754 ostendit
691 1713 887 1764 testificationem
902 1725 951 1753 non
967 1725 1016 1753 esse
1032 1724 1060 1753 ea

214 1776 330 1827 operibus
354 1777 393 1827 (de
414 1776 531 1827 condigno
554 1774 699 1827 meritoriis),
724 1778 764 1817 sed
786 1788 815 1816 ex
837 1777 888 1817 nde
912 1775 1059 1827 (praesertim

217 1851 236 1879 c.
252 1838 302 1890 3s);
318 1850 387 1889 porro
404 1838 525 1889 efficacem
539 1838 685 1879 vocationem
700 1839 731 1879 ad
747 1839 847 1879 salutem
862 1838 1006 1880 messianum
1022 1839 1059 1881 de-

215 1902 267 1942 beri
285 1901 403 1953 gratuitae
421 1902 463 1942 Dei
480 1900 589 1942 electioni
610 1902 639 1952 (8,
659 1904 751 1950 28-30;
770 1901 853 1950 9⁴11).
875 1902 921 1943 Sed
940 1903 1059 1953 quomodo

217 1964 295 2014 primu
309 1965 385 2014 ,qratia
399 1964 516 2013 snt-utaris,
531 1964 547 2003 i.
563 1963 785 2005 e.v00euosane1n
800 1964 917 2005 sufficiens
929 1966 960 2006 ad
976 1966 1057 2014 iidem,

217 2038 241 2067 se
252 2027 339 2067 habeat
349 2027 380 2066 ad
392 2037 464 2076 opera
475 2027 498 2067 et
509 2026 607 2066 conatus
618 2026 723 2081 hominis
734 2027 795 2076 lapsi
809 2028 858 2067 suis
869 2028 962 2068 viribus
974 2027 1056 2075 relicti,

206 2082 265 2129 *non
280 2089 330 2129 tam
344 2088 430 2129 diserte
443 2087 551 2138 explicat.
568 2089 616 2129 Hoc
630 2089 709 2139 potins
724 2101 752 2129 ea
766 2091 872 2140 perterrti
885 2091 991 2141 *apostola
1006 2103 1058 2131 corr-

218 2152 324 2201 ceptione
338 2152 365 2191 de
379 2151 517 2191 omnimoda
529 2151 655 2202 gratuitate
669 2152 741 2193 totius
754 2151 837 2193 salutis
850 2153 993 2195 christianae
1007 2166 1058 2195 eru-

213 2214 306 2254 endum
324 2213 365 2254 est.

218 2334 270 2373 rol.
308 2334 335 2373 Α.
353 2334 434 2383 Quoad
451 2333 563 2373 meritum
579 2333 608 2374 de
626 2332 750 2384 condigno.
768 2359 799 2364 -
816 2336 834 2373 1.
853 2332 935 2374 Gratia
949 2346 979 2375 ex
995 2345 1058 2374 con-

214 2396 300 2446 cept-u
316 2395 444 2447 opponitur
459 2396 562 2437 mercedi
578 2395 689 2447 operibus
707 2395 811 2437 debitae:
832 2396 893 2437 acm
909 2399 929 2445 4,
948 2399 990 2437 ts:
1013 2398 1058 2437 «Ei

217 2459 303 2506 autem,
316 2459 357 2509 qui
369 2464 486 2509 operatur,
500 2470 589 2500 memes
600 2470 648 2499 non
661 2458 792 2509 imputatur
804 2460 934 2499 secundum
947 2459 1055 2511 gratiani,

218 2521 257 2561 sed
276 2522 406 2562 secundum
426 2522 540 2562 debitam.
559 2522 587 2562 Ei
604 2532 668 2570 vero,
687 2522 729 2572 qui
748 2533 796 2563 nou
815 2522 933 2573 operatur,
954 2523 1058 2563 eredenti

217 2583 295 2624 autem
305 2615 309 2622 i
321 2615 339 2623 .,
358 2584 480 2635 reputatur
497 2584 559 2625 tides
575 2584 626 2625 eius
643 2585 674 2625 ad
691 2584 806 2626 iustitiam
824 2586 956 2626 secundum
974 2597 1057 2637 propo-

216 2646 289 2687 situm
304 2647 393 2697 prunae
409 2647 477 2687 Dei.»
496 2673 526 2677 --
543 2650 575 2695 11γ
593 2650 617 2687 6;
641 2647 683 2687 «si
701 2648 780 2689 autem
796 2649 880 2698 pratia,
898 2650 946 2689 iam
963 2660 1012 2688 raon
1029 2648 1057 2689 ea

216 2708 336 2758 operibus·
362 2710 469 2761 alioquin
487 2709 562 2760 gratia
581 2710 629 2750 iam
649 2722 696 2750 non
715 2711 750 2751 est
767 2711 871 2761 gratia.»
890 2737 920 2742 —-
939 2712 1056 2761 Quoniam

213 2774 278 2827 ipra,
292 2772 382 2826 μισθός,
400 2773 514 2830 ὀφείλημα
532 2784 561 2813 ex
577 2772 690 2823 conceptu
708 2775 842 2824 repugnant
858 2774 954 2824 gratiae,
974 2775 1056 2816 saltem

215 2846 284 2875 omne
300 2835 412 2875 meritum
427 2835 455 2875 de
470 2835 586 2886 condigno
602 2836 778 2877 excludendum
792 2836 834 2877 est.

283 2919 304 2956 2.
318 2917 426 2957 Statum
437 2919 530 2968 generis
540 2918 648 2965 humani,
661 2920 701 2968 qui
713 2919 759 2960 fuit
769 2919 833 2959 ante
844 2920 966 2969 gratiam
979 2920 1057 2961 Chri-

212 2981 261 3028 sti,
278 2979 311 3019 sic
326 2979 448 3020 describit:
468 2980 555 3020 Omnes
570 2981 595 3020 in
610 2981 701 3022 iidemu
716 2984 874 3031 peccauerunt
889 2983 958 3033 {Rom
973 2986 993 3032 5,
1011 2984 1055 3033 12);
